Symbol,Price,Date,Volume,Rating,RatingVoteCount,OneYearEstimate
FCCY,$11.54,1440875402353,933,100% bullish,of 1 rating,$13
TFSCU,NULL,1440875402386,0,Not yet rated,NULL,N/A
PIH,$7.54,1440875402414,"9,402",100% bearish,of 1 rating,N/A
FLWS,$8.91,1440875402442,"687,314",80% bullish,of 5 ratings,$15
TFSCW,$0.21,1440875402463,"1,300",100% bearish,of 1 rating,N/A
TFSCR,NULL,1440875402484,0,Not yet rated,NULL,N/A
TFSC,NULL,1440875402517,0,100% bearish,of 1 rating,N/A
FCTY,$7.96,1440875402538,"3,400",100% bullish,of 1 rating,$8.50
SRCE,$29.44,1440875402674,"29,029",100% bullish,of 3 ratings,$33
VNET,$18.05,1440875402706,"541,289",60% bullish,of 5 ratings,$35
UGLD,$9.31,1440875402739,"340,880",100% bearish,of 1 rating,N/A
TWOU,$34.99,1440875402761,"129,143",50% bullish,of 2 ratings,$39
DGLD,$81.1,1440875402794,"16,958",100% bullish,of 1 rating,N/A
DSLV,$69.51,1440875402832,"9,311",100% bearish,of 1 rating,N/A
JOBS,$27.019,1440875402893,"69,549",50% bullish,of 4 ratings,$36
USLV,$12.45,1440875402930,"242,677",86% bullish,of 7 ratings,N/A
SIXD,$2.72,1440875403175,"111,232",Not yet rated,NULL,N/A
CAFD,$15.0196,1440875403226,"242,552",Not yet rated,NULL,$25
EGHT,$7.84,1440875403253,"384,316",82% bullish,of 17 ratings,$11
AVHI,$13.96,1440875403309,"12,911",100% bearish,of 1 rating,$19
ABAX,$47.89,1440875403330,"108,826",100% bearish,of 1 rating,$60
AAON,$20.51,1440875403360,"107,410",100% bearish,of 1 rating,$24
ABEOW,$1.83,1440875403414,"2,361",100% bullish,of 1 rating,N/A
ABGB,$5.71,1440875403492,"37,255",67% bullish,of 3 ratings,$5.50
ABY,$23.04,1440875403550,"423,555",100% bearish,of 2 ratings,$46
ABMD,$98.23,1440875403582,"317,770",75% bullish,of 4 ratings,$100.50
ABEO,$4.82,1440875403679,"47,964",50% bullish,of 4 ratings,$15.50
SHLM,$34.06,1440875403726,"65,672",100% bearish,of 1 rating,$47
AXAS,$1.92,1440875403760,"949,481",78% bullish,of 9 ratings,$3.50
ACTG,$9.43,1440875403785,"194,247",67% bullish,of 3 ratings,$18.50
ACHC,$74.2503,1440875403944,"344,347",50% bullish,of 2 ratings,$92
ACAD,$38.17,1440875403971,"436,567",80% bullish,of 20 ratings,$48
AXDX,$19.1,1440875404010,"112,407",100% bearish,of 1 rating,N/A
ACST,$0.3694,1440875404032,"9,260",100% bullish,of 2 ratings,N/A
ARAY,$6.77,1440875404101,"691,224",100% bearish,of 1 rating,$10.50
ANCX,$20.01,1440875404133,"20,165",Not yet rated,NULL,$20
XLRN,$29.71,1440875404161,"89,309",50% bullish,of 2 ratings,$57
VXDN,$1.96,1440875404191,"24,710",100% bearish,of 1 rating,N/A
VXUP,$1.6,1440875404266,"49,457",100% bearish,of 1 rating,N/A
ACRX,$4.24,1440875404323,"310,833",67% bearish,of 6 ratings,$5.50
AKAO,$6.99,1440875404424,"38,455",75% bullish,of 4 ratings,$15
ACHN,$7.76,1440875404568,"1,462,742",90% bullish,of 21 ratings,$16
ACNB,$19.85,1440875404600,"4,210",Not yet rated,NULL,N/A
ACIW,$21.38,1440875404637,"288,136",67% bearish,of 3 ratings,$24
ACET,$22.76,1440875404664,"83,357",75% bullish,of 4 ratings,$30
ACOR,$32.73,1440875404695,"557,265",67% bearish,of 3 ratings,$38.50
ACPW,$1.81,1440875404727,"38,604",100% bullish,of 4 ratings,$3.50
ACTS,$1.6,1440875404754,"49,648",100% bearish,of 1 rating,N/A
ATVI,$29.28,1440875404775,"135,594,206",68% bullish,of 84 ratings,$31.50
ACTA,$14.02,1440875404908,"90,621",67% bearish,of 3 ratings,$25
ACUR,$2.83,1440875404937,"48,939",100% bullish,of 5 ratings,$1
ACXM,$21.15,1440875404962,"258,695",67% bullish,of 3 ratings,N/A
ADMS,$20.61,1440875405012,"60,583",100% bearish,of 2 ratings,$36
ADMP,$3.69,1440875405177,"11,630",50% bullish,of 2 ratings,$10
ADAP,$11.66,1440875405271,"84,789",67% bullish,of 3 ratings,$22
ADEP,$6.87,1440875405322,"20,312",50% bullish,of 2 ratings,$10.75
ADUS,$28.71,1440875405352,"18,242",100% bearish,of 1 rating,$31
ADMA,$9.37,1440875405373,"14,766",Not yet rated,NULL,$19
ADTN,$15.7,1440875405394,"386,714",67% bullish,of 3 ratings,$17.125
ADBE,$79.4,1440875405429,"2,177,794",65% bullish,of 17 ratings,$90
ADRO,$20.61,1440875405637,"147,897",80% bullish,of 5 ratings,$45.50
AEIS,$24.42,1440875405665,"174,991",50% bullish,of 2 ratings,$32.50
ADXS,$14.69,1440875405686,"468,415",64% bullish,of 14 ratings,$27
AMD,$1.85,1440875405719,"6,623,181",83% bullish,of 103 ratings,$2
ADXSW,$10.47,1440875405740,"1,850",100% bullish,of 1 rating,N/A
MULT,NULL,1440875405876,0,100% bearish,of 1 rating,N/A
YPRO,$22.79,1440875405978,"3,532",100% bearish,of 1 rating,N/A
AEHR,$2.27,1440875406013,"2,346",50% bullish,of 2 ratings,N/A
AMTX,$3.11,1440875406040,"28,001",50% bullish,of 2 ratings,$26.11
AEGR,$17.66,1440875406065,"331,111",50% bullish,of 6 ratings,$26
AEGN,$18.28,1440875406091,"94,812",100% bearish,of 2 ratings,$21
AEY,$2.3,1440875406232,"7,434",100% bearish,of 2 ratings,N/A
AEPI,$53.89,1440875406334,"11,740",100% bearish,of 1 rating,N/A
AVAV,$24,1440875406373,"75,229",50% bullish,of 4 ratings,$31
AERI,$16.49,1440875406415,"376,040",75% bullish,of 4 ratings,$31.50
AFMD,$10.43,1440875406445,"107,629",50% bullish,of 4 ratings,$15
AEZS,$0.088,1440875406474,"10,110,751",90% bullish,of 21 ratings,$1.50
AFFX,$9.48,1440875406495,"279,489",80% bullish,of 5 ratings,$12.50
AEMD,$6.95,1440875406528,"91,259",Not yet rated,NULL,$27.50
AGEN,$7.26,1440875406695,"602,072",85% bullish,of 13 ratings,$14
AGRX,$9.16,1440875406734,"22,184",100% bearish,of 1 rating,$17.50
AGYS,$10.21,1440875406768,"23,032",100% bearish,of 1 rating,N/A
AGIO,$90.62,1440875406865,"186,340",88% bullish,of 8 ratings,$114
AGFS,$10.1318,1440875406893,"137,593",100% bearish,of 1 rating,N/A
AGFSW,$1.95,1440875406925,"8,300",100% bearish,of 2 ratings,N/A
AIMT,$21.11,1440875406951,"136,933",Not yet rated,NULL,N/A
AIRM,$37.86,1440875407025,"199,407",80% bearish,of 5 ratings,$53
AMCN,$4.59,1440875407126,"108,503",83% bullish,of 6 ratings,N/A
ATSG,$8.95,1440875407158,"126,980",67% bullish,of 3 ratings,$13
AKAM,$71.9,1440875407184,"1,710,795",63% bullish,of 8 ratings,$77
AIXG,$6.38,1440875407264,"27,231",67% bearish,of 3 ratings,$5.25
AIRT,$22.16,1440875407312,376,100% bullish,of 1 rating,N/A
AKBA,$7,1440875407339,"105,064",100% bearish,of 1 rating,$18
AKER,$2.48,1440875407368,"28,755",Not yet rated,NULL,N/A
AKRX,$41.03,1440875407390,"401,819",78% bullish,of 9 ratings,$56
ALRM,$16.8,1440875407523,"126,608",100% bearish,of 1 rating,$22
ALSK,$2.15,1440875407594,"235,932",78% bullish,of 18 ratings,$2
AMRI,$20.6,1440875407628,"158,563",75% bearish,of 4 ratings,$24
ABDC,$12.83,1440875407695,"24,564",Not yet rated,NULL,$15
ALDX,$7.06,1440875407721,"18,445",100% bearish,of 1 rating,$14.50
ADHD,$7.94,1440875407748,"131,054",50% bullish,of 4 ratings,$18
ALDR,$38.61,1440875407785,"186,540",67% bearish,of 3 ratings,$62
ALXA,$1.13,1440875407922,"13,227",83% bullish,of 6 ratings,$2.125
ALXN,$178.86,1440875407965,"1,012,132",88% bullish,of 8 ratings,$223
ALGN,$57.27,1440875407997,"244,131",100% bearish,of 2 ratings,$73
ALCO,$42.25,1440875408018,"5,313",50% bullish,of 2 ratings,N/A
ALIM,$3.44,1440875408096,"27,203",80% bullish,of 5 ratings,$10
ALKS,$62.0942,1440875408158,"542,032",67% bullish,of 3 ratings,$75
ALGT,$208.41,1440875408228,"150,284",100% bearish,of 2 ratings,$235
ALLB,$22.72,1440875408259,797,Not yet rated,NULL,N/A
AFOP,$19.05,1440875408285,"104,154",75% bullish,of 8 ratings,$21
AIQ,$14.35,1440875408359,"6,903",67% bullish,of 3 ratings,N/A
AHGP,$36.41,1440875408449,"89,083",67% bullish,of 3 ratings,N/A
ARLP,$25.32,1440875408543,"280,083",67% bearish,of 3 ratings,$32
ALQA,$4.4,1440875408600,"19,390",75% bullish,of 4 ratings,$8.50
AMOT,$18.85,1440875408622,"86,927",100% bearish,of 1 rating,N/A
AHPI,$1.44,1440875408658,"1,714",50% bullish,of 2 ratings,N/A
ALLT,$5.42,1440875408684,"187,497",75% bullish,of 4 ratings,$6.25
MDRX,$13.8,1440875408718,"810,640",60% bullish,of 5 ratings,$16
ALNY,$109.1,1440875408754,"357,082",67% bullish,of 3 ratings,$148.50
AFAM,$45.43,1440875408785,"41,778",50% bullish,of 2 ratings,$44
SMCP,NULL,1440875408922,0,Not yet rated,NULL,N/A
ATEC,$0.54,1440875408971,"81,514",100% bullish,of 1 rating,$2
AOSL,$7.31,1440875408996,"49,947",67% bullish,of 3 ratings,$9
AIMC,$24.94,1440875409187,"71,616",100% bearish,of 2 ratings,$28.50
ASPS,$25.48,1440875409219,"184,857",67% bullish,of 3 ratings,$46.50
AMAG,$65.85,1440875409271,"315,677",100% bullish,of 2 ratings,$77.50
AMRK,$10.28,1440875409426,"2,016",50% bullish,of 2 ratings,$14
AMRN,$2.23,1440875409485,"1,409,147",85% bullish,of 39 ratings,$8
AYA,$20.7,1440875409616,"10,578",100% bearish,of 1 rating,$40
AMBC,$15.61,1440875409645,"222,561",100% bearish,of 1 rating,$16.50
AMBCW,$7.65,1440875409669,"1,012",100% bearish,of 1 rating,N/A
ALTR,$48.61,1440875409700,"1,182,479",80% bearish,of 5 ratings,$54
AMZN,$519.59,1440875409809,"1,553,310",81% bullish,of 264 ratings,$646
AMCX,$73.6,1440875409839,"349,491",67% bullish,of 3 ratings,$87.50
EPAX,$2.69,1440875409869,"86,785",100% bearish,of 1 rating,N/A
AMBA,$96.15,1440875409910,"1,960,685",83% bullish,of 12 ratings,$102.50
DOX,$57.75,1440875409967,"257,565",67% bearish,of 3 ratings,$60
AMDA,$0.4798,1440875409995,"643,528",90% bullish,of 10 ratings,$1
AMED,$39.09,1440875410042,"188,323",100% bearish,of 1 rating,$42
UHAL,$375.77,1440875410075,"28,990",100% bullish,of 2 ratings,$393.50
ATAX,$5.27,1440875410177,"73,836",100% bullish,of 1 rating,$6.50
ASBI,$22.64,1440875410208,"1,069",Not yet rated,NULL,N/A
AAL,$38.6,1440875410309,"7,110,829",93% bullish,of 88 ratings,$57
AGNC,$19.36,1440875410397,"1,941,092",71% bullish,of 28 ratings,$22
AGNCB,$24.29,1440875410524,"19,098",Not yet rated,NULL,N/A
AGNCP,$25.34,1440875410551,"6,144",Not yet rated,NULL,N/A
MTGEP,$24.5,1440875410627,583,Not yet rated,NULL,N/A
ACSF,$12.38,1440875410685,"29,182",100% bearish,of 1 rating,$15
MTGE,$15.29,1440875410717,"623,994",75% bullish,of 4 ratings,$19.50
AMOV,$18.46,1440875410738,"2,614",100% bearish,of 1 rating,N/A
ANCI,$1.46,1440875410759,474,100% bearish,of 1 rating,N/A
ACAS,$13.8357,1440875410890,"897,392",60% bullish,of 5 ratings,$16.75
AMIC,NULL,1440875410938,0,Not yet rated,NULL,N/A
AETI,$3.75,1440875410969,881,67% bearish,of 3 ratings,N/A
ANAT,$100.8502,1440875411036,"25,880",100% bullish,of 1 rating,N/A
APEI,$22.36,1440875411064,"59,822",100% bearish,of 1 rating,$25.50
AMNB,$23.29,1440875411098,"4,556",Not yet rated,NULL,$25.50
ARII,$40.76,1440875411235,"146,168",67% bearish,of 3 ratings,$45
AMRB,$10.05,1440875411268,"2,153",Not yet rated,NULL,$11
ASEI,$39.03,1440875411339,"21,414",100% bearish,of 1 rating,$52.50
AMWD,$66.55,1440875411369,"77,289",50% bullish,of 2 ratings,$70
AMSWA,$9.06,1440875411397,"131,254",100% bearish,of 2 ratings,$10.75
AMSC,$4.67,1440875411468,"80,461",50% bullish,of 4 ratings,N/A
CRMT,$35.97,1440875411540,"40,468",100% bearish,of 1 rating,$39
ABCB,$26.8,1440875411567,"86,002",Not yet rated,NULL,$31
AMSF,$46.91,1440875411599,"49,852",Not yet rated,NULL,$57.50
ASRV,$3.22,1440875411625,"12,469",100% bullish,of 2 ratings,N/A
ASRVP,NULL,1440875411704,0,Not yet rated,NULL,N/A
ATLO,$23.59,1440875411787,"4,506",Not yet rated,NULL,N/A
AMGN,$155.95,1440875411839,"3,400,173",89% bullish,of 19 ratings,$185
FOLD,$14.87,1440875411918,"612,656",56% bullish,of 9 ratings,$21
AMKR,$5.07,1440875411943,"1,277,833",100% bearish,of 2 ratings,$5
AMPH,$13.39,1440875411980,"106,975",50% bullish,of 2 ratings,$20
AMSGP,$149.3,1440875412078,"33,058",Not yet rated,NULL,N/A
ASYS,$5.39,1440875412136,"36,672",67% bullish,of 3 ratings,$12
AMRS,$1.69,1440875412169,"51,285",70% bullish,of 10 ratings,N/A
AFSI,$58.4717,1440875412199,"168,515",60% bullish,of 5 ratings,$72
ANAC,$135.45,1440875412233,"264,448",80% bullish,of 5 ratings,$180.50
ANAD,$0.33,1440875412307,"133,227",100% bullish,of 2 ratings,$.50
ADI,$56.45,1440875412332,"2,245,427",67% bullish,of 3 ratings,$69
ALOG,$80.27,1440875412466,"65,588",100% bearish,of 2 ratings,$100.50
ANCB,$21.98,1440875412507,"29,500",Not yet rated,NULL,$23
ABCW,$40.28,1440875412597,"7,717",67% bullish,of 3 ratings,N/A
AMCF,$0.22,1440875412637,"1,426",100% bullish,of 7 ratings,N/A
AMSG,$80.06,1440875412691,"252,052",100% bearish,of 1 rating,$85.50
ANGI,$5.21,1440875412725,"319,439",64% bullish,of 11 ratings,$5.50
ANIP,$52,1440875412772,"129,189",89% bullish,of 19 ratings,$66
ANIK,$35.94,1440875412855,"100,275",60% bullish,of 5 ratings,$51.25
ANGO,$14.67,1440875412911,"69,486",67% bullish,of 3 ratings,$19
ANSS,$89.74,1440875412944,"244,251",100% bearish,of 1 rating,$100
ATRS,$1.79,1440875412975,"332,285",92% bullish,of 12 ratings,$4.50
ANTH,$7.41,1440875412996,"469,427",80% bullish,of 10 ratings,$13
ABAC,$0.75,1440875413043,"11,927",100% bearish,of 1 rating,N/A
ATNY,$2.26,1440875413074,"4,237",50% bullish,of 2 ratings,$3.75
APIC,$6.91,1440875413172,"86,505",100% bearish,of 1 rating,$19
APOG,$50.82,1440875413364,"111,095",50% bullish,of 2 ratings,$67
APOL,$11.47,1440875413435,"654,267",87% bearish,of 68 ratings,$14
APPF,$16.3,1440875413469,"22,796",50% bullish,of 2 ratings,$22
AAPL,$113.37,1440875413533,"32,540,481",86% bullish,of 2354 ratings,$150
ARCI,NULL,1440875413563,0,Not yet rated,NULL,N/A
AINV,$6.6,1440875413590,"696,100",50% bullish,of 4 ratings,$8
APDNW,$1.27,1440875413622,"2,254",Not yet rated,NULL,N/A
APDN,$3.46,1440875413661,"72,814",Not yet rated,NULL,$9
AMCC,$5.77,1440875413769,"326,270",80% bullish,of 5 ratings,$8
AGTC,$16.69,1440875413834,"40,739",50% bullish,of 2 ratings,$33
AMAT,$15.9916,1440875413903,"7,111,784",82% bullish,of 11 ratings,$23
AREX,$2.17,1440875413964,"985,162",100% bearish,of 1 rating,$3
APRI,$1.33,1440875413993,"381,591",83% bullish,of 6 ratings,$4.86
AAOI,$21.11,1440875414016,"169,287",50% bullish,of 4 ratings,$26
AQMS,$5.2,1440875414155,"53,706",Not yet rated,NULL,N/A
APTO,$5.28,1440875414190,"32,201",Not yet rated,NULL,$17
AUMAU,NULL,1440875414224,0,Not yet rated,NULL,N/A
AUMA,$9.89,1440875414245,230,Not yet rated,NULL,N/A
AQXP,$16.76,1440875414284,"147,931",50% bullish,of 2 ratings,$2
AUMAW,NULL,1440875414313,0,Not yet rated,NULL,N/A
ARDM,NULL,1440875414339,0,100% bullish,of 1 rating,$26
PETX,$17.64,1440875414472,"156,925",100% bearish,of 2 ratings,$26
ABUS,$7.36,1440875414524,"240,604",86% bullish,of 14 ratings,$23
ARCW,$3.63,1440875414557,"4,066",100% bearish,of 2 ratings,$10.50
RKDA,$6.36,1440875414659,"9,839",100% bearish,of 2 ratings,$10
ABIO,$0.89,1440875414690,"57,096",50% bullish,of 2 ratings,$3.75
ARCB,$29.04,1440875414788,"134,492",67% bearish,of 3 ratings,$39.50
ACAT,$26.55,1440875414838,"114,131",100% bearish,of 3 ratings,$33
ARCC,$15.6189,1440875414863,"1,375,235",67% bearish,of 3 ratings,$17.875
ACGL,$68.1836,1440875414895,"313,921",50% bullish,of 2 ratings,$72
ARDX,$18.75,1440875415001,"63,461",50% bullish,of 2 ratings,$24.50
ARNA,$2.71,1440875415027,"2,247,385",90% bullish,of 78 ratings,$5.50
AGII,$54.77,1440875415056,"101,334",Not yet rated,NULL,$59.50
ARIA,$9.65,1440875415188,"22,314,095",87% bullish,of 46 ratings,$9
ARGS,$6.16,1440875415216,"18,498",50% bullish,of 2 ratings,$19.50
AGIIL,$25.36,1440875415238,"11,027",Not yet rated,NULL,N/A
ARKR,$24.54,1440875415379,604,50% bullish,of 2 ratings,N/A
ARMH,$42.62,1440875415411,"865,391",54% bearish,of 13 ratings,$60
ARIS,$3.54,1440875415437,"40,749",Not yet rated,NULL,$4.50
ARWA,NULL,1440875415511,0,Not yet rated,NULL,N/A
ARWAR,NULL,1440875415563,0,Not yet rated,NULL,N/A
ARTX,$1.45,1440875415600,"63,093",88% bullish,of 16 ratings,$4.50
ARWAU,NULL,1440875415625,0,100% bullish,of 1 rating,N/A
ARQL,$1.76,1440875415663,"76,309",75% bullish,of 4 ratings,$5
ARWAW,NULL,1440875415761,0,Not yet rated,NULL,N/A
ARRY,$5.94,1440875415894,"718,947",100% bullish,of 7 ratings,$10
DWAT,$9.98,1440875416076,"2,550",100% bearish,of 1 rating,N/A
ARWR,$5.77,1440875416105,"437,585",75% bullish,of 4 ratings,$10.50
ARRS,$26.82,1440875416131,"723,865",50% bullish,of 2 ratings,$38
AROW,$27.26,1440875416262,"13,804",Not yet rated,NULL,N/A
ARTNA,$22.24,1440875416332,"8,516",100% bearish,of 1 rating,$29
ARTW,$4.27,1440875416410,"1,665",75% bearish,of 4 ratings,N/A
ASTI,$0.1027,1440875416543,"1,274,925",83% bullish,of 6 ratings,$3
ASBB,$24.2,1440875416576,191,Not yet rated,NULL,N/A
ASCMA,$27.4,1440875416598,"54,550",100% bearish,of 1 rating,$45
ASND,$19.17,1440875416620,"58,087",50% bullish,of 2 ratings,$30
ASNA,$12,1440875416686,"3,325,555",50% bullish,of 2 ratings,$18
ASML,$91.98,1440875416754,"376,653",50% bullish,of 4 ratings,$127
AZPN,$37.9,1440875416890,"471,280",50% bullish,of 2 ratings,$42
ASMI,NULL,1440875416913,0,NULL,NULL,NULL
APWC,$1.91,1440875416943,"1,704",100% bearish,of 1 rating,N/A
ASMB,$13.33,1440875416973,"40,085",67% bullish,of 3 ratings,N/A
ASTE,$37.12,1440875417072,"59,288",100% bearish,of 1 rating,$48
ASFI,$8.9,1440875417098,"6,440",100% bullish,of 1 rating,N/A
ATRO,$52.84,1440875417252,"104,448",100% bearish,of 2 ratings,$80
ALOT,$13.97,1440875417286,"5,000",100% bearish,of 1 rating,N/A
ASTC,$2.07,1440875417307,"13,827",100% bullish,of 5 ratings,N/A
ASUR,$5.97,1440875417337,"1,342",50% bullish,of 2 ratings,$8
ATAI,$2.53,1440875417391,"5,759",100% bearish,of 1 rating,N/A
ATRA,$40.22,1440875417523,"86,077",50% bullish,of 2 ratings,$68
AFCB,$26.58,1440875417588,43,Not yet rated,NULL,N/A
ATHN,$134.56,1440875417616,"144,558",67% bearish,of 3 ratings,$153
AAPC,$10.1,1440875417669,524,Not yet rated,NULL,N/A
ATHX,$1.15,1440875417834,"150,153",89% bullish,of 9 ratings,$5
AAME,$3.51,1440875417911,"1,614",Not yet rated,NULL,N/A
ACFC,$5.59,1440875417948,"23,302",100% bearish,of 1 rating,$6.50
ATLC,$3.82,1440875417969,"1,000",67% bullish,of 3 ratings,N/A
AAWW,$41.57,1440875418043,"344,090",50% bullish,of 2 ratings,$65
ATNI,$71.89,1440875418075,"30,836",100% bearish,of 1 rating,$69.50
ATOS,$0.76,1440875418101,"146,526",100% bullish,of 7 ratings,$7
AFH,$16.25,1440875418178,"45,444",Not yet rated,NULL,$21.50
ATRC,$25.5,1440875418261,"75,032",100% bullish,of 1 rating,$30
ATRI,$390.57,1440875418293,"1,710",Not yet rated,NULL,N/A
ATML,$8.21,1440875418324,"5,323,862",78% bullish,of 9 ratings,$9.50
ATTU,$13.2582,1440875418360,"43,316",100% bearish,of 1 rating,$20.50
ATRM,$2.83,1440875418426,"5,169",50% bullish,of 2 ratings,N/A
LIFE,$14.79,1440875418490,"59,987",86% bullish,of 7 ratings,$43
AUBN,$26.68,1440875418585,652,Not yet rated,NULL,N/A
AUDC,$3.34,1440875418623,"41,046",80% bullish,of 5 ratings,$5
AUPH,$3.03,1440875418768,"48,213",100% bearish,of 1 rating,$8
ADAT,$0.2901,1440875418794,"286,619",100% bullish,of 2 ratings,N/A
EARS,$4.86,1440875418831,"61,876",100% bearish,of 2 ratings,$11.50
ADP,$78.41,1440875418926,"1,833,355",100% bearish,of 1 rating,$88
ABTL,$17.48,1440875418959,"56,816",100% bullish,of 4 ratings,$20.25
AVGO,$127.49,1440875418980,"2,365,644",88% bullish,of 8 ratings,$165
ADSK,$47.52,1440875419012,"7,664,747",67% bullish,of 6 ratings,$69.50
AAVL,$10.78,1440875419060,"281,210",100% bearish,of 1 rating,$20
AVNU,$12.35,1440875419196,"4,686",Not yet rated,NULL,$14
AVNW,$1.13,1440875419224,"120,526",50% bullish,of 2 ratings,$2.20
AVEO,$1.42,1440875419253,"525,234",75% bullish,of 8 ratings,$3
AVID,$8.51,1440875419279,"262,047",100% bearish,of 1 rating,$20
AVGR,$14.96,1440875419355,"28,648",100% bearish,of 1 rating,$20
CAR,$43.59,1440875419487,"772,875",80% bullish,of 5 ratings,$60
AWRE,$3.18,1440875419525,"9,746",67% bullish,of 3 ratings,N/A
ACLS,$3.17,1440875419556,"211,572",67% bullish,of 6 ratings,$4.75
AXPW,$1.06,1440875419629,"50,386",83% bullish,of 6 ratings,N/A
AXPWW,NULL,1440875419657,0,Not yet rated,NULL,N/A
AXTI,$2.2,1440875419683,"30,041",50% bullish,of 2 ratings,$2.75
AXGN,$4.88,1440875419712,"266,524",Not yet rated,NULL,$5
BCOM,$18.86,1440875419816,80,100% bearish,of 1 rating,N/A
BOSC,$2.17,1440875419849,"2,700",50% bullish,of 2 ratings,N/A
RILY,NULL,1440875419877,0,Not yet rated,NULL,N/A
BEAV,$49.39,1440875419950,"564,180",67% bearish,of 3 ratings,$59
BIDU,$152.41,1440875420017,"2,202,325",81% bullish,of 88 ratings,$210
BCPC,$58.23,1440875420154,"129,590",100% bearish,of 1 rating,$75
BWINA,NULL,1440875420175,0,Not yet rated,NULL,N/A
BWINB,$23.05,1440875420254,"5,630",Not yet rated,NULL,N/A
BLDP,$1.28,1440875420285,"333,343",91% bullish,of 22 ratings,$2.50
BANFP,NULL,1440875420335,0,Not yet rated,NULL,N/A
BANF,$59.87,1440875420362,"10,874",Not yet rated,NULL,$68
BKMU,$7.2,1440875420391,"106,117",Not yet rated,NULL,$8
BMRC,$47.78,1440875420547,"6,078",Not yet rated,NULL,$52
BKSC,$16.38,1440875420576,"1,895",Not yet rated,NULL,N/A
BOCH,$5.75,1440875420605,"7,098",Not yet rated,NULL,$6.50
OZRK,$41.65,1440875420706,"340,296",67% bullish,of 3 ratings,$49.50
BFIN,$11.98,1440875420807,"805,971",Not yet rated,NULL,$13
BOTJ,$10.93,1440875420836,51,Not yet rated,NULL,N/A
BWFG,$17.89,1440875420873,"86,221",100% bearish,of 1 rating,N/A
BANR,$43.67,1440875420905,"52,487",100% bullish,of 3 ratings,$50
BZUN,$5.29,1440875421011,"324,008",50% bullish,of 2 ratings,$11.50
TAPR,$31.36,1440875421039,"1,065",100% bearish,of 1 rating,N/A
BHAC,$9.81,1440875421060,400,Not yet rated,NULL,N/A
BHACR,NULL,1440875421101,0,Not yet rated,NULL,N/A
BHACU,NULL,1440875421188,0,Not yet rated,NULL,N/A
BBSI,$35.46,1440875421283,"44,948",67% bearish,of 3 ratings,$62.50
BHACW,NULL,1440875421341,0,Not yet rated,NULL,N/A
BYBK,$4.88,1440875421388,"12,262",100% bearish,of 1 rating,N/A
BSET,$28.97,1440875421418,"65,844",100% bearish,of 1 rating,$35
BYLK,$12.75,1440875421524,"3,944",Not yet rated,NULL,$14
BV,$5.16,1440875421559,"390,911",67% bullish,of 6 ratings,$9
BBCN,$14.41,1440875421587,"235,503",100% bearish,of 1 rating,$16
BCBP,$11.51,1440875421656,"2,786",Not yet rated,NULL,N/A
BECN,$35.38,1440875421791,"319,053",50% bullish,of 2 ratings,$40
BSF,$8.56,1440875421830,"14,316",Not yet rated,NULL,N/A
BDCV,$4.92,1440875421856,"8,428",100% bearish,of 1 rating,$10.19
BBGI,$4.07,1440875421881,514,100% bearish,of 1 rating,N/A
BEBE,$1.35,1440875421921,"2,507,789",75% bullish,of 4 ratings,$3.075
BBBY,$62.32,1440875421949,"1,490,780",71% bullish,of 7 ratings,$75
BELFA,$16.95,1440875422076,24,100% bearish,of 1 rating,N/A
BELFB,$17.97,1440875422136,"23,081",100% bearish,of 1 rating,N/A
BLPH,$5.04,1440875422173,"6,129",100% bearish,of 1 rating,$12.50
BLCM,$17.34,1440875422267,"156,508",50% bullish,of 4 ratings,$40
BNCL,$12.42,1440875422298,"203,255",100% bullish,of 3 ratings,$12.50
BNFT,$36.35,1440875422325,"83,611",67% bullish,of 3 ratings,$46
BNTC,$7.9937,1440875422401,"46,904",100% bullish,of 1 rating,N/A
BGMD,$0.7251,1440875422459,"219,421",100% bullish,of 10 ratings,N/A
BGFV,$11.1,1440875422509,"86,024",57% bullish,of 7 ratings,$12
BASI,$1.6,1440875422609,"3,810",Not yet rated,NULL,N/A
BIND,$4.45,1440875422638,"49,598",75% bullish,of 4 ratings,$13.50
ORPN,$5.97,1440875422665,"20,587",100% bullish,of 1 rating,$28.50
BGCP,$8.735,1440875422695,"654,941",88% bullish,of 8 ratings,$14
BCDA,NULL,1440875422830,0,Not yet rated,NULL,N/A
BCRX,$11.42,1440875422859,"314,110",63% bullish,of 8 ratings,$18
BIOC,$1.98,1440875422881,"102,773",83% bullish,of 6 ratings,$3.85
BIOD,$0.6435,1440875423047,"49,279",80% bullish,of 5 ratings,$4
BDSI,$6.87,1440875423120,"493,039",88% bullish,of 8 ratings,$17
BIIB,$303.69,1440875423181,"1,407,281",88% bullish,of 16 ratings,$400
BLFS,$1.98,1440875423248,"21,237",100% bearish,of 1 rating,$4.75
BMRN,$132.0147,1440875423278,"575,644",80% bullish,of 5 ratings,$160
BVXV,$3.6325,1440875423343,"2,361",Not yet rated,NULL,N/A
BVXVW,$0.7,1440875423376,300,100% bearish,of 1 rating,N/A
BLRX,$1.53,1440875423436,"208,226",100% bullish,of 12 ratings,$5
BIOL,$1.43,1440875423791,"19,466",Not yet rated,NULL,N/A
BPTH,$1.11,1440875423845,"55,103",100% bullish,of 2 ratings,$5
BBC,$31.95,1440875423949,"9,881",Not yet rated,NULL,N/A
BRLI,NULL,1440875423972,0,NULL,NULL,NULL
BIOS,$2.46,1440875424115,"689,760",71% bullish,of 7 ratings,$4
BBP,$33.4,1440875424934,"19,508",Not yet rated,NULL,N/A
BSPM,$0.67,1440875425038,"65,101",50% bullish,of 2 ratings,N/A
BOTA,$2.18,1440875425081,"25,205",88% bullish,of 8 ratings,N/A
TECH,$96.5,1440875425106,"280,906",100% bullish,of 1 rating,$117
BDMS,$12.64,1440875425446,84,100% bearish,of 1 rating,N/A
BJRI,$44.26,1440875425474,"170,972",50% bullish,of 2 ratings,$55
BBRY,$7.32,1440875425531,"3,500,684",61% bullish,of 330 ratings,$9
BDE,$7.5,1440875425682,"75,507",50% bullish,of 2 ratings,$9
BKCC,$9.304,1440875425786,"302,275",50% bullish,of 2 ratings,$10
BITI,$17.095,1440875425813,"19,344",100% bullish,of 1 rating,$28
BSTC,$52.12,1440875425846,"40,800",100% bearish,of 1 rating,$76
BEAT,$14.67,1440875425867,"218,630",67% bearish,of 3 ratings,$15
BBOX,$15.07,1440875426024,"96,363",100% bearish,of 1 rating,N/A
BLKB,$57.86,1440875426156,"156,655",100% bearish,of 2 ratings,$66
HAWK,$40.26,1440875426183,"239,630",91% bullish,of 11 ratings,$49
ADRA,$27.5,1440875426211,"2,800",100% bearish,of 1 rating,N/A
ADRD,$22.21,1440875426236,"11,305",100% bearish,of 1 rating,N/A
ADRU,$21.9113,1440875426370,"1,280",100% bearish,of 1 rating,N/A
ADRE,$30.08,1440875426419,"10,155",100% bearish,of 1 rating,N/A
BLMN,$20.51,1440875426552,"1,243,002",83% bullish,of 6 ratings,$27.50
BHBK,$13.84,1440875426825,"32,621",100% bullish,of 1 rating,$14.50
BUFF,$26.31,1440875426910,"184,065",83% bullish,of 12 ratings,$31.50
BLBD,$11.96,1440875426983,"9,660",Not yet rated,NULL,N/A
BCOR,$13.81,1440875427139,"189,735",57% bullish,of 7 ratings,$15
NILE,$34.3,1440875427166,"81,168",50% bullish,of 2 ratings,$34
BBLU,$0.78,1440875427375,"112,994",100% bullish,of 2 ratings,$4.43
BLUE,$137.47,1440875427401,"296,264",71% bullish,of 7 ratings,$217.50
BKEPP,$7.61,1440875427422,"6,200",100% bearish,of 1 rating,N/A
BKEP,$6.34,1440875427472,"19,498",100% bearish,of 1 rating,$8.50
BOFI,$117.62,1440875427785,"213,540",100% bullish,of 6 ratings,$144
BONA,$11.64,1440875428149,"107,333",75% bullish,of 4 ratings,$8.50
BOBE,$43.6,1440875428249,"117,836",75% bullish,of 4 ratings,$57
BNCN,$20.56,1440875428347,"117,776",Not yet rated,NULL,$24
BPMC,$26.84,1440875428372,"69,527",50% bullish,of 2 ratings,$47.50
BPFHP,$24.85,1440875428399,"11,250",100% bearish,of 1 rating,N/A
BPFH,$11.79,1440875428420,"250,539",100% bearish,of 1 rating,$14
WIFI,$7.62,1440875428450,"145,572",50% bullish,of 2 ratings,$13.50
BOKF,$62.3925,1440875428471,"164,013",100% bearish,of 1 rating,$69
BOJA,$21.44,1440875428601,"58,055",100% bullish,of 1 rating,$30
EPAY,$26.94,1440875428656,"177,935",100% bearish,of 2 ratings,$30
BAMM,$3.1,1440875428686,"24,796",60% bullish,of 5 ratings,N/A
BNSO,$1.31,1440875428715,630,100% bearish,of 1 rating,N/A
BPFHW,$5.15,1440875428747,"3,330",100% bearish,of 1 rating,N/A
BDBD,$8.39,1440875428768,"451,957",60% bullish,of 5 ratings,$10
BBRG,$12.72,1440875428805,"69,040",67% bullish,of 3 ratings,$14.50
BCLI,$3.04,1440875428902,"50,501",80% bullish,of 5 ratings,$12
BBEP,$2.94,1440875429079,"2,796,108",69% bullish,of 13 ratings,$5.625
BRID,NULL,1440875429312,0,100% bearish,of 1 rating,N/A
BDGE,$26.21,1440875429420,"17,166",Not yet rated,NULL,$31.75
BBEPP,$13.4,1440875429473,"61,890",100% bearish,of 1 rating,N/A
BRCM,$51.79,1440875429500,"2,529,830",75% bullish,of 12 ratings,$56
BYFC,$1.36,1440875429521,"5,967",50% bullish,of 2 ratings,N/A
BLIN,$1.36,1440875429653,"5,087",100% bullish,of 2 ratings,$2.20
BWEN,$3.18,1440875429728,"34,309",100% bullish,of 3 ratings,$8
BCOV,$5.32,1440875429765,"68,688",67% bullish,of 3 ratings,$10.20
BSFT,$31.63,1440875429787,"88,378",57% bullish,of 7 ratings,$40.50
BRKR,$18.4692,1440875429821,"392,981",100% bearish,of 2 ratings,$22
BVSN,$6.01,1440875429854,"13,669",60% bearish,of 5 ratings,N/A
BRKL,$10.51,1440875429928,"272,340",100% bearish,of 1 rating,$10.75
BRCD,$10.553,1440875430006,"2,104,384",92% bullish,of 13 ratings,$11.50
BRKS,$10.41,1440875430031,"127,627",67% bullish,of 3 ratings,$15.25
BMTC,$29.2,1440875430201,"98,064",Not yet rated,NULL,$34
BLMT,$20.6,1440875430246,"11,270",Not yet rated,NULL,N/A
BSQR,$6.15,1440875430332,"55,497",67% bullish,of 3 ratings,N/A
BUR,$1.74,1440875430360,"6,743",100% bearish,of 1 rating,$8
BLDR,$14.48,1440875430385,"484,766",67% bullish,of 3 ratings,$22
BWLD,$194.06,1440875430406,"166,257",82% bullish,of 11 ratings,$205
CFFI,$36.19,1440875430428,"7,589",100% bearish,of 1 rating,N/A
CHRW,$67.2467,1440875430470,"1,365,634",Not yet rated,NULL,$72
CA,$27.26,1440875430564,"2,293,564",50% bullish,of 4 ratings,$33
CCMP,$43.53,1440875430603,"79,642",50% bullish,of 2 ratings,$59
CDZI,$8.14,1440875430702,"84,491",100% bearish,of 1 rating,N/A
CDNS,$20.14,1440875430730,"1,265,237",75% bullish,of 4 ratings,$22.50
CACQ,$7.53,1440875430755,"56,359",100% bearish,of 1 rating,$12.25
CZR,$9.17,1440875430780,"738,436",60% bearish,of 5 ratings,$10.50
CLMS,$10.61,1440875431112,"65,837",Not yet rated,NULL,$10.50
CLBS,$1.44,1440875431183,"118,591",79% bullish,of 14 ratings,$4
CSTE,$40.5,1440875431213,"114,834",50% bullish,of 2 ratings,$65
CHI,$10.6,1440875431234,"101,782",100% bearish,of 1 rating,N/A
CCD,$19.38,1440875431272,"81,611",Not yet rated,NULL,N/A
CHY,$11.47,1440875431293,"160,991",Not yet rated,NULL,N/A
PRSS,$4.55,1440875431315,"10,528",80% bullish,of 5 ratings,$4.50
CFGE,NULL,1440875431335,0,Not yet rated,NULL,N/A
CHW,$7.64,1440875431482,"278,918",100% bearish,of 1 rating,N/A
CGO,$12.01,1440875431567,"13,619",100% bearish,of 1 rating,N/A
CSQ,$9.96,1440875431615,"222,801",Not yet rated,NULL,N/A
CAMP,$16.59,1440875431646,"249,483",88% bullish,of 8 ratings,$25
CFNB,$13.31,1440875431705,301,100% bearish,of 1 rating,N/A
CVGW,$59.23,1440875431747,"104,521",50% bullish,of 2 ratings,$58.50
CALD,$15.94,1440875431880,"214,263",100% bearish,of 1 rating,$21
ABCD,$5.28,1440875431913,"155,994",83% bullish,of 6 ratings,N/A
CALA,$5.78,1440875431949,"350,686",100% bullish,of 3 ratings,$19.50
CLMT,$26.1156,1440875431978,"157,345",75% bullish,of 8 ratings,$31
CAMB,$9.95,1440875432006,"3,000",Not yet rated,NULL,N/A
CAMBU,NULL,1440875432041,0,100% bearish,of 1 rating,N/A
CALM,$50.25,1440875432074,"273,365",80% bullish,of 5 ratings,$65
CAC,$40.25,1440875432171,"5,351",Not yet rated,NULL,N/A
CAMBW,NULL,1440875432274,0,Not yet rated,NULL,N/A
CAMT,$2.72,1440875432299,"11,795",73% bullish,of 11 ratings,$4
CSIQ,$18.9253,1440875432432,"1,536,120",86% bullish,of 28 ratings,$42.50
CGIX,$9.96,1440875432460,"20,078",67% bullish,of 3 ratings,$14.375
CPHC,$10.3,1440875432491,"1,608",100% bearish,of 1 rating,N/A
CBNJ,$11.09,1440875432513,"17,605",100% bullish,of 1 rating,N/A
CPLA,$49.2,1440875432593,"111,385",67% bearish,of 3 ratings,$65
CBF,$29.0025,1440875432647,"163,441",Not yet rated,NULL,$32
CCBG,$14.99,1440875432676,"18,070",Not yet rated,NULL,$17.25
CPLP,$6.85,1440875432726,"246,034",71% bullish,of 7 ratings,$11
CSWC,$45.86,1440875432782,"14,727",Not yet rated,NULL,N/A
CPTA,$13.69,1440875432809,"45,514",100% bearish,of 1 rating,$18.50
CFFN,$12.03,1440875432835,"444,730",Not yet rated,NULL,$12.75
CAPN,$2.27,1440875432970,"216,917",100% bullish,of 1 rating,$10.85
CAPNW,NULL,1440875433100,0,Not yet rated,NULL,N/A
CAPR,$4.28,1440875433128,"3,636",Not yet rated,NULL,$12
CPST,$0.4182,1440875433150,"1,396,611",95% bullish,of 22 ratings,$1.25
CARB,$11.28,1440875433184,"80,399",75% bullish,of 4 ratings,$12
CFNL,$21.88,1440875433288,"97,527",Not yet rated,NULL,$24
CBYL,$5.38,1440875433313,"28,815",100% bearish,of 1 rating,$20
CRDC,$0.37,1440875433340,"98,459",100% bullish,of 1 rating,$1.25
CARA,$19.25,1440875433368,"104,767",50% bullish,of 4 ratings,$25
CSII,$24.24,1440875433467,"97,779",100% bearish,of 2 ratings,$42.125
CATM,$34.65,1440875433497,"145,056",100% bearish,of 1 rating,$44
CDNA,$6.86,1440875433528,"9,849",100% bearish,of 1 rating,$9
CRME,$8.86,1440875433627,"6,283",89% bullish,of 9 ratings,$11.25
CECO,$3.78,1440875433715,"325,880",67% bearish,of 3 ratings,$6
CKEC,$23.45,1440875433742,"112,092",50% bullish,of 2 ratings,$35.915
CTRE,$11.32,1440875433769,"366,158",50% bullish,of 2 ratings,$13.50
CLBH,$12.7,1440875433902,"1,504",Not yet rated,NULL,$16.50
CART,$5.35,1440875433933,"1,687",100% bearish,of 1 rating,N/A
CARO,$15.52,1440875433955,686,100% bearish,of 1 rating,$19
CRZO,$35.27,1440875433989,"1,680,807",67% bearish,of 3 ratings,$55
TAST,$12.68,1440875434038,"294,920",Not yet rated,NULL,$14.25
CASM,$1.13,1440875434086,"169,953",100% bullish,of 1 rating,$3.50
CRTN,$2.49,1440875434171,"4,420",100% bearish,of 1 rating,N/A
CARV,$7,1440875434201,"3,573",50% bullish,of 2 ratings,N/A
CACB,$5.28,1440875434229,"28,460",Not yet rated,NULL,$5.50
CASY,$106.08,1440875434483,"164,558",50% bullish,of 2 ratings,$99.50
CSCD,$14.97,1440875434508,"29,328",100% bullish,of 2 ratings,$17
CWST,$6.25,1440875434558,"94,168",50% bullish,of 2 ratings,$7.25
CASS,$48.74,1440875434640,"12,195",100% bearish,of 1 rating,N/A
CASI,$1.45,1440875434666,"16,210",100% bullish,of 1 rating,$3.50
CATB,$12.3,1440875434719,"12,584",100% bearish,of 1 rating,$28
CPRX,$3.64,1440875434749,"252,829",71% bullish,of 7 ratings,$7
CVCO,$71.58,1440875434826,"22,860",100% bearish,of 1 rating,N/A
CAVM,$68.35,1440875434855,"259,220",67% bearish,of 3 ratings,$72
CNLM,$9.92,1440875434884,"5,100",Not yet rated,NULL,N/A
CATYW,NULL,1440875434904,0,100% bearish,of 1 rating,N/A
CATY,$29.47,1440875435035,"526,220",100% bearish,of 1 rating,$33.50
CNLMR,NULL,1440875435062,0,Not yet rated,NULL,N/A
CNLMU,NULL,1440875435087,0,100% bullish,of 1 rating,N/A
CBFV,$20.23,1440875435113,"1,904",Not yet rated,NULL,$25
CNLMW,NULL,1440875435269,0,Not yet rated,NULL,N/A
CELG,$123.72,1440875435423,"3,113,278",92% bullish,of 13 ratings,$155.50
CDK,$49.69,1440875435450,"401,908",67% bearish,of 3 ratings,$50
CDW,$39.95,1440875435481,"682,521",75% bullish,of 4 ratings,$44
CBOE,$63.82,1440875435503,"270,550",Not yet rated,NULL,$60
CPXX,$2.09,1440875435537,"73,775",100% bullish,of 2 ratings,$7
CECE,$9.72,1440875435558,"43,721",50% bullish,of 2 ratings,$16
CELGZ,$1.84,1440875435588,130,80% bullish,of 5 ratings,N/A
CLDN,$1.11,1440875435722,"380,623",71% bullish,of 7 ratings,$3
CLRB,$3.07,1440875435778,"3,191",100% bearish,of 1 rating,N/A
CLLS,$33.23,1440875435819,"43,557",75% bullish,of 4 ratings,$51.50
CLRBW,NULL,1440875435907,0,Not yet rated,NULL,N/A
CBMG,$23.56,1440875435932,"38,037",50% bullish,of 2 ratings,N/A
CLDX,$15.36,1440875435959,"795,869",89% bullish,of 9 ratings,$36
CLSN,$2.06,1440875435980,"73,145",80% bullish,of 10 ratings,$7.50
CLTX,$2.42,1440875436236,"133,553",100% bullish,of 2 ratings,N/A
CYAD,NULL,1440875436276,0,100% bullish,of 1 rating,$87.50
CETX,$2.36,1440875436297,"4,400",Not yet rated,NULL,$5.60
CSFL,$13.59,1440875436329,"87,153",Not yet rated,NULL,$15
CENT,$12.18,1440875436360,"51,466",Not yet rated,NULL,$10
CFBK,$1.37,1440875436383,"2,096",Not yet rated,NULL,N/A
CETV,$2.14,1440875436416,"134,612",67% bullish,of 3 ratings,$2.80
CEMP,$35.8,1440875436437,"347,148",71% bullish,of 7 ratings,$52
CENTA,$12.55,1440875436598,"406,884",Not yet rated,NULL,N/A
CVCY,$11.26,1440875436660,"19,319",Not yet rated,NULL,$12
CENX,$5.51,1440875436686,"2,154,129",67% bullish,of 6 ratings,$9
CNBKA,$41.6,1440875436711,"1,243",50% bullish,of 2 ratings,N/A
CPHD,$50.36,1440875436880,"387,374",67% bearish,of 3 ratings,$66.50
CNTY,$5.65,1440875436911,"30,032",80% bullish,of 5 ratings,$7.75
CERS,$4.85,1440875436980,"305,160",75% bullish,of 4 ratings,$7
CRNT,$1.43,1440875437007,"82,256",50% bullish,of 2 ratings,$2
CERU,$3.78,1440875437044,"42,073",75% bullish,of 4 ratings,$15
CERE,$1.14,1440875437071,"230,627",88% bullish,of 8 ratings,N/A
KOOL,$0.67,1440875437145,"40,840",100% bullish,of 5 ratings,$7
CERN,$63.13,1440875437174,"1,747,634",67% bullish,of 3 ratings,$79
CEVA,$19.13,1440875437334,"98,749",100% bearish,of 1 rating,$25
CYOU,$20.64,1440875437362,"99,352",50% bullish,of 6 ratings,$24
HOTR,$1.42,1440875437388,"119,259",100% bullish,of 2 ratings,$5
HOTRW,NULL,1440875437430,0,Not yet rated,NULL,N/A
CTHR,$1.3,1440875437519,"7,326",50% bullish,of 2 ratings,$2.50
CHTR,$180.1921,1440875437680,"506,492",100% bearish,of 2 ratings,$196
GTLS,$24.36,1440875437714,"352,866",50% bullish,of 4 ratings,$40
CHEKW,NULL,1440875437734,0,Not yet rated,NULL,N/A
CHFN,$12.38,1440875437768,"17,917",Not yet rated,NULL,$14
CHKP,$78.7204,1440875437789,"690,963",50% bullish,of 4 ratings,$92
CEMI,$4.25,1440875437828,"18,500",50% bullish,of 2 ratings,$7.50
CHFC,$31.4,1440875437920,"83,177",100% bearish,of 1 rating,$36
CHEK,$2.1,1440875437958,"3,047",Not yet rated,NULL,$7.75
CCXI,$6.5,1440875437995,"58,200",67% bullish,of 3 ratings,$14
CHMG,$26.15,1440875438094,520,Not yet rated,NULL,$30
CHKE,$25.46,1440875438143,"11,637",100% bearish,of 1 rating,$32.50
CHEV,$14.42,1440875438280,"2,230",Not yet rated,NULL,N/A
CMRX,$50.48,1440875438338,"233,277",50% bullish,of 2 ratings,$57
CHMA,$25.42,1440875438363,"56,946",Not yet rated,NULL,$40
CBNK,$16.25,1440875438395,"7,266",100% bearish,of 1 rating,N/A
PLCE,$59.63,1440875438421,"171,366",100% bearish,of 1 rating,$69
CADC,NULL,1440875438497,0,78% bullish,of 9 ratings,N/A
CALI,$0.89,1440875438562,"13,298",67% bullish,of 3 ratings,N/A
CAAS,$6.55,1440875438588,"22,438",93% bullish,of 14 ratings,$11.50
CBAK,$2.02,1440875438642,"47,677",67% bullish,of 9 ratings,N/A
CBPO,$99.9369,1440875438672,"135,210",75% bullish,of 8 ratings,$140.50
CCCL,$0.783,1440875438735,"8,319",100% bullish,of 6 ratings,N/A
CCCR,$0.79,1440875438876,"1,440",67% bearish,of 3 ratings,N/A
JRJC,$3.64,1440875438959,"75,212",82% bullish,of 11 ratings,N/A
CHOP,$1.16,1440875439023,"3,443",50% bullish,of 2 ratings,N/A
HGSH,$1.81,1440875439050,"5,114",67% bullish,of 3 ratings,N/A
CJJD,$1.87,1440875439126,"12,291",100% bullish,of 1 rating,N/A
CHLN,$1.99,1440875439152,"5,524",67% bullish,of 3 ratings,N/A
CNIT,$1.37,1440875439187,"110,498",67% bullish,of 6 ratings,N/A
CREG,$0.7,1440875439290,"37,457",100% bullish,of 3 ratings,N/A
HTHT,$25.57,1440875439321,"81,705",50% bullish,of 2 ratings,$28.40
CPGI,NULL,1440875439353,0,Not yet rated,NULL,N/A
CNTF,$0.804,1440875439375,"91,538",Not yet rated,NULL,N/A
CHNR,$1.57,1440875439410,"4,716",100% bearish,of 1 rating,N/A
CSUN,$1.48,1440875439454,"12,166",80% bullish,of 5 ratings,N/A
CXDC,$5.72,1440875439546,"37,730",67% bearish,of 3 ratings,N/A
CCIH,$7.31,1440875439610,"195,215",67% bullish,of 6 ratings,$12.65
CNYD,$3.35,1440875439680,"14,299",67% bullish,of 3 ratings,N/A
CNET,$0.898,1440875439841,"40,200",50% bullish,of 2 ratings,N/A
CHSCM,$26.12,1440875439868,"14,760",Not yet rated,NULL,N/A
IMOS,$18.56,1440875439939,"157,340",60% bullish,of 5 ratings,$21.50
CHSCN,$27.27,1440875440013,"2,175",Not yet rated,NULL,N/A
CHSCL,$27.01,1440875440043,"14,960",Not yet rated,NULL,N/A
CHSCO,$28.31,1440875440064,"2,888",Not yet rated,NULL,N/A
CHSCP,$30.51,1440875440086,"4,500",Not yet rated,NULL,N/A
CHUY,$31.57,1440875440222,"143,174",50% bullish,of 2 ratings,$34
CHDN,$133.5,1440875440255,"100,896",Not yet rated,NULL,$165
CIFC,$7.04,1440875440306,"4,824",100% bearish,of 1 rating,N/A
CDTX,$14.67,1440875440334,"15,045",Not yet rated,NULL,$22
CMPR,$73.46,1440875440360,"272,387",50% bullish,of 2 ratings,$72.50
CMCT,$15.3899,1440875440414,200,100% bearish,of 1 rating,N/A
CINF,$52.79,1440875440493,"561,411",50% bullish,of 4 ratings,$50.50
CPHR,$5.33,1440875440638,"49,892",100% bearish,of 1 rating,$17
CIDM,$0.5736,1440875440709,"95,380",50% bullish,of 2 ratings,$2.10
CZWI,$8.97,1440875440867,974,Not yet rated,NULL,N/A
CRUS,$30.21,1440875440899,"732,197",75% bullish,of 12 ratings,$44.50
CSCO,$26.02,1440875440925,"21,265,874",84% bullish,of 209 ratings,$32
CZNC,$19.84,1440875440959,"9,181",Not yet rated,NULL,N/A
CTRN,$26.73,1440875440982,"81,046",100% bearish,of 1 rating,$31.50
CZFC,NULL,1440875441016,0,Not yet rated,NULL,N/A
CTAS,$85.3785,1440875441045,"330,304",100% bearish,of 1 rating,$91
CTXS,$68.69,1440875441122,"1,229,256",86% bullish,of 7 ratings,$80
CIVB,$10.07,1440875441229,"6,435",Not yet rated,NULL,$11
CHCO,$47.25,1440875441310,"42,647",Not yet rated,NULL,$46
CIVBP,$33.21,1440875441337,353,Not yet rated,NULL,N/A
CIZN,$19.33,1440875441358,"2,439",Not yet rated,NULL,N/A
CLNE,$5.18,1440875441512,"972,530",80% bullish,of 15 ratings,$9
CLFD,$17.21,1440875441566,"38,655",67% bullish,of 3 ratings,$18
CLRO,$11.51,1440875441647,"4,079",50% bullish,of 2 ratings,$14.25
CDTI,$1.61,1440875441718,"54,168",75% bullish,of 4 ratings,$3.20
CSBK,$13.62,1440875441753,"66,040",Not yet rated,NULL,N/A
CBLI,$3.8,1440875441780,"30,681",60% bullish,of 5 ratings,N/A
CLNT,$1.5,1440875441807,"17,654",75% bullish,of 8 ratings,N/A
CLIR,$4.67,1440875441832,"79,948",100% bullish,of 3 ratings,N/A
CLVS,$80.54,1440875441862,"406,345",60% bullish,of 5 ratings,$101.50
CMFN,$11.17,1440875441993,"26,820",100% bearish,of 1 rating,$15.50
CME,$94.62,1440875442091,"1,009,749",67% bullish,of 3 ratings,$102
CCNE,$16.98,1440875442145,"9,188",50% bullish,of 2 ratings,$21.50
CISG,$7.81,1440875442176,"67,936",100% bullish,of 5 ratings,$10
CWAY,$11.11,1440875442204,"4,726",Not yet rated,NULL,N/A
CNV,$4.43,1440875442245,"28,444",50% bullish,of 2 ratings,$7.15
COBZ,$12.84,1440875442272,"40,728",100% bullish,of 1 rating,$14
CDXS,$3.8,1440875442447,"19,698",64% bullish,of 11 ratings,$6
COKE,$157.56,1440875442486,"23,920",79% bullish,of 19 ratings,N/A
JVA,$4.63,1440875442516,"11,572",83% bullish,of 6 ratings,$7
CVLY,$20.32,1440875442538,722,Not yet rated,NULL,N/A
CDRB,$13.97,1440875442572,"24,525",67% bullish,of 3 ratings,N/A
CCOI,$27.46,1440875442602,"445,468",50% bullish,of 4 ratings,$35
CGNT,$1.53,1440875442623,"56,889",100% bullish,of 2 ratings,$2
CGNX,$35.49,1440875442797,"359,217",50% bullish,of 2 ratings,$47
CTSH,$63.72,1440875442824,"2,758,536",90% bullish,of 10 ratings,$75
CHRS,$28.98,1440875442990,"79,672",67% bearish,of 3 ratings,$37
COHU,$9.65,1440875443016,"127,716",100% bearish,of 1 rating,$14.25
CLCT,$18.27,1440875443048,"26,386",100% bearish,of 1 rating,N/A
COHR,$57.83,1440875443078,"78,704",50% bullish,of 2 ratings,$72
CLRX,$0.54,1440875443103,"44,213",50% bullish,of 2 ratings,N/A
CIGI,$43.29,1440875443145,"40,937",100% bearish,of 1 rating,$52
COLL,$15.34,1440875443174,"40,817",100% bearish,of 1 rating,$26
CBAN,$8.75,1440875443277,"1,516",Not yet rated,NULL,N/A
CLCD,$6.63,1440875443318,"68,876",100% bearish,of 1 rating,$20.50
COLM,$60.64,1440875443347,"88,479",100% bearish,of 1 rating,$71
COLB,$30.05,1440875443376,"150,126",Not yet rated,NULL,$36
CBMX,$1.1,1440875443510,"19,525",83% bullish,of 6 ratings,$3.15
CMCSA,$56.77,1440875443570,"7,743,132",66% bullish,of 35 ratings,$69.50
CMCO,$18.73,1440875443646,"73,520",60% bullish,of 5 ratings,$28
CBSH,$44.5989,1440875443724,"229,533",50% bullish,of 2 ratings,$46
CMCSK,$57.62,1440875443752,"1,941,868",Not yet rated,NULL,$84
CBSHP,$25.42,1440875443786,"26,034",100% bearish,of 1 rating,N/A
CUBN,NULL,1440875443885,0,Not yet rated,NULL,N/A
COMM,$31.9,1440875443913,"725,355",67% bearish,of 3 ratings,$35
ESXB,$5.06,1440875443995,"3,468",Not yet rated,NULL,N/A
CSAL,$20.6041,1440875444044,"433,349",75% bullish,of 4 ratings,$30
CVGI,$4.96,1440875444070,"43,835",50% bullish,of 2 ratings,$6
JCS,$8.61,1440875444104,"7,525",67% bullish,of 3 ratings,N/A
CYHHZ,$0.01,1440875444135,"76,000",100% bullish,of 1 rating,N/A
CTBI,$34.87,1440875444202,"53,139",Not yet rated,NULL,$36
CWBC,$6.7,1440875444231,"1,519",Not yet rated,NULL,N/A
COB,$10.44,1440875444371,"13,253",100% bullish,of 1 rating,$11.75
CIZ,$33.45,1440875444502,"1,507",100% bearish,of 1 rating,N/A
CVLT,$35.7,1440875444528,"499,857",75% bullish,of 4 ratings,$44.50
CSA,NULL,1440875444553,0,Not yet rated,NULL,N/A
CID,NULL,1440875444580,0,Not yet rated,NULL,N/A
CIL,NULL,1440875444606,0,Not yet rated,NULL,N/A
CDC,$34.78,1440875444627,"3,743",Not yet rated,NULL,N/A
CFA,$35.7,1440875444756,900,100% bearish,of 1 rating,N/A
CSF,$36.75,1440875444785,"4,489",100% bearish,of 1 rating,N/A
CFO,$35.63,1440875444913,"150,250",100% bearish,of 1 rating,N/A
CSB,$32.92,1440875444937,200,Not yet rated,NULL,N/A
CPSI,$45.63,1440875444967,"70,148",100% bearish,of 1 rating,$45.50
CDL,NULL,1440875444992,0,Not yet rated,NULL,N/A
CGEN,$5.2,1440875445018,"49,804",50% bullish,of 2 ratings,$11
CTG,$6.51,1440875445235,"63,423",100% bearish,of 1 rating,$8.50
CMTL,$25.29,1440875445268,"132,707",100% bearish,of 2 ratings,$37
SCOR,$53.74,1440875445304,"303,382",100% bearish,of 1 rating,$66
CNAT,$4.05,1440875445365,"58,100",83% bullish,of 6 ratings,$13
CHCI,$0.65,1440875445394,"20,669",50% bullish,of 2 ratings,N/A
CNCE,$15.95,1440875445473,"103,480",75% bullish,of 4 ratings,$22
CCUR,$5.46,1440875445619,"80,309",75% bullish,of 4 ratings,N/A
CDOR,$1.35,1440875445651,"4,361",100% bullish,of 1 rating,N/A
CXRX,$75.05,1440875445681,"5,908",100% bearish,of 1 rating,$90
CDORP,$7,1440875445750,400,100% bearish,of 1 rating,N/A
CDORO,$18.95,1440875445779,"1,200",100% bearish,of 1 rating,N/A
CNFR,$10.18,1440875445831,"11,241",Not yet rated,NULL,N/A
CFMS,$19.77,1440875445885,"86,468",Not yet rated,NULL,$27
CNMD,$53.23,1440875445920,"80,020",Not yet rated,NULL,$59
CTWS,$34.5,1440875446052,"20,376",100% bearish,of 1 rating,$44
CNSI,$18.77,1440875446079,"63,344",100% bearish,of 2 ratings,$29
CNXR,$6.93,1440875446228,"72,869",100% bearish,of 1 rating,$12
CNOB,$19.01,1440875446289,"42,656",100% bullish,of 1 rating,$23.50
CONN,$29.44,1440875446394,"528,417",67% bullish,of 3 ratings,$48.50
CWCO,$10.94,1440875446428,"91,573",67% bullish,of 3 ratings,$14.50
CTCT,$25.04,1440875446450,"195,271",67% bullish,of 3 ratings,$37
CPSS,$5.6,1440875446499,"22,982",100% bullish,of 1 rating,$10
CFRXZ,$0.599,1440875446524,600,Not yet rated,NULL,N/A
CFRX,$5.08,1440875446578,"7,722",Not yet rated,NULL,$14
CFRXW,$1.95,1440875446673,"2,650",100% bearish,of 1 rating,N/A
CTRV,$3.68,1440875446754,"4,034",Not yet rated,NULL,$6.40
CRBP,$1.92,1440875446831,"146,083",100% bullish,of 2 ratings,$6.25
CTRL,$8.97,1440875446860,"133,195",50% bullish,of 2 ratings,$11
CPRT,$34.99,1440875446989,"286,933",67% bearish,of 3 ratings,$40
BVA,$3.75,1440875447014,627,50% bullish,of 2 ratings,N/A
CORT,$5.18,1440875447039,"216,538",67% bullish,of 3 ratings,$12
CORE,$59.67,1440875447200,"118,215",100% bearish,of 1 rating,$72
CORI,$10.45,1440875447228,"37,147",100% bearish,of 1 rating,$18
CSOD,$36.17,1440875447262,"273,201",50% bullish,of 2 ratings,$42
CSGP,$181.38,1440875447364,"68,173",50% bullish,of 2 ratings,$235
COSI,$1.17,1440875447386,"158,610",100% bullish,of 1 rating,N/A
CRVL,$30.91,1440875447407,"28,940",100% bearish,of 1 rating,N/A
COST,$140.29,1440875447464,"1,445,606",79% bullish,of 24 ratings,$154.50
CPAH,$0.4301,1440875447545,"2,700",50% bullish,of 2 ratings,N/A
ICBK,$18.11,1440875447598,228,Not yet rated,NULL,$21
CNSL,$19.76,1440875447628,"196,877",100% bearish,of 1 rating,$23
CVTI,$23.51,1440875447728,"93,135",67% bearish,of 3 ratings,$39
COVS,$2.7,1440875447825,"62,906",67% bullish,of 3 ratings,N/A
COWN,$5.23,1440875447888,"635,563",75% bullish,of 4 ratings,$7
COWNL,$26.65,1440875447923,"2,100",Not yet rated,NULL,N/A
CPSH,$2.18,1440875447970,"1,167",Not yet rated,NULL,N/A
CRAI,$22.05,1440875448026,"27,938",100% bearish,of 1 rating,$36
BREW,$7.97,1440875448052,"39,101",67% bullish,of 6 ratings,$15
CRAY,$20.41,1440875448136,"251,324",83% bullish,of 6 ratings,$38.50
CBRL,$145.82,1440875448185,"142,127",50% bullish,of 2 ratings,$155
CACC,$197.5495,1440875448238,"34,208",50% bullish,of 2 ratings,$158.50
SLVO,$10.04,1440875448265,"2,848",100% bearish,of 1 rating,N/A
GLDI,$11.01,1440875448292,"3,640",100% bearish,of 1 rating,N/A
CREE,$26.99,1440875448464,"801,140",65% bullish,of 17 ratings,$29.50
CRESY,$10.35,1440875448489,"27,734",100% bearish,of 1 rating,$19
CRTO,$43.1,1440875448548,"295,607",67% bullish,of 6 ratings,$64
CROX,$14.52,1440875448680,"662,990",63% bullish,of 8 ratings,$16.50
CCRN,$14.14,1440875448713,"142,037",100% bearish,of 1 rating,$14.25
CRDS,$1,1440875448737,"42,738",75% bullish,of 4 ratings,$4.50
CRWS,$8.07,1440875448759,"4,508",Not yet rated,NULL,$10
CYRX,$2.885,1440875448792,"11,794",Not yet rated,NULL,$9
CRWN,$4.47,1440875448817,"38,249",75% bullish,of 4 ratings,N/A
CCLP,$15.38,1440875448999,"30,912",67% bearish,of 3 ratings,$20
CYRXW,$0.83,1440875449024,200,Not yet rated,NULL,N/A
CSPI,$5.71,1440875449054,516,67% bullish,of 3 ratings,N/A
CTCM,$1.83,1440875449085,"114,360",80% bearish,of 5 ratings,$3.90
CSGS,$31.14,1440875449117,"222,878",Not yet rated,NULL,$40
CTIB,$3.63,1440875449188,"3,890",100% bearish,of 1 rating,N/A
CTIC,$1.6,1440875449213,"646,597",84% bullish,of 76 ratings,$5.75
CTRP,$71.1413,1440875449383,"1,216,212",75% bullish,of 8 ratings,$93
CUI,$5.32,1440875449412,"29,604",50% bullish,of 2 ratings,$10
CPIX,$6.04,1440875449434,"5,828",Not yet rated,NULL,N/A
CUNB,$21.18,1440875449466,"14,251",Not yet rated,NULL,$24.50
CMLS,$1.42,1440875449499,"374,324",50% bullish,of 4 ratings,$6
CRIS,$2.59,1440875449602,"166,862",100% bullish,of 8 ratings,$6
CUTR,$14.46,1440875449630,"32,831",67% bearish,of 3 ratings,$18
CVBF,$16,1440875449661,"493,743",Not yet rated,NULL,$18
CVV,$10.97,1440875449766,"7,294",100% bullish,of 5 ratings,N/A
CYAN,$7.6,1440875449810,"2,172",100% bearish,of 1 rating,N/A
CYBX,$67,1440875449835,"196,566",50% bullish,of 4 ratings,$71.50
CYBR,$52.4,1440875449862,"680,705",75% bullish,of 8 ratings,$66
CYCC,$0.55,1440875449993,"63,851",73% bullish,of 11 ratings,N/A
CYBE,$6.76,1440875450019,"22,725",100% bearish,of 1 rating,N/A
CBAY,$2.63,1440875450101,"56,866",100% bullish,of 1 rating,$4
CYNA,$16.17,1440875450151,"27,144",50% bullish,of 2 ratings,$31.50
CONE,$32.3,1440875450208,"247,421",67% bearish,of 3 ratings,$35.50
CYCCP,NULL,1440875450245,0,100% bearish,of 1 rating,N/A
CY,$10.09,1440875450282,"2,674,911",80% bullish,of 10 ratings,$15.50
CYRN,$1.7,1440875450337,"29,421",67% bullish,of 3 ratings,$4
CYNO,$31.41,1440875450364,"137,063",67% bearish,of 3 ratings,$45.50
CYTK,$7,1440875450498,"180,145",71% bullish,of 14 ratings,$13.50
CTSO,$6.89,1440875450527,"27,244",Not yet rated,NULL,$15.625
CYTX,$0.315,1440875450553,"2,360,173",83% bullish,of 12 ratings,$5.50
TVIX,$13.35,1440875450749,"14,107,659",81% bullish,of 16 ratings,N/A
CYTR,$2.39,1440875450778,"318,266",67% bullish,of 6 ratings,$10
DAEG,$0.35,1440875450858,"11,063",100% bearish,of 1 rating,N/A
TVIZ,$19.51,1440875450909,"3,315",100% bearish,of 1 rating,N/A
XIV,$27,1440875450935,"18,307,444",75% bearish,of 4 ratings,N/A
DJCO,$191.42,1440875450971,502,Not yet rated,NULL,N/A
DAKT,$8.64,1440875450997,"421,544",50% bullish,of 2 ratings,$12
ZIV,$40.01,1440875451022,"153,112",Not yet rated,NULL,N/A
DARA,$0.86,1440875451064,"24,822",83% bullish,of 6 ratings,$1.50
DRAM,$1.28,1440875451244,"16,449",78% bullish,of 9 ratings,N/A
DAIO,$2.49,1440875451270,"4,973",Not yet rated,NULL,N/A
DTLK,$5.85,1440875451302,"72,201",100% bearish,of 1 rating,$9
DWCH,$5.26,1440875451323,"21,471",75% bullish,of 4 ratings,$8.25
PLAY,$34.43,1440875451403,"121,342",100% bullish,of 5 ratings,$42
DTEA,$13.15,1440875451498,"48,592",100% bearish,of 2 ratings,$24
DHRM,$1.48,1440875451594,"7,227",Not yet rated,NULL,N/A
DBVT,$41.26,1440875451619,"32,497",100% bearish,of 1 rating,$53
DWSN,$4.54,1440875451651,"13,558",67% bullish,of 3 ratings,N/A
DFRG,$14.59,1440875451681,"99,897",100% bearish,of 1 rating,$20
TACO,$13.1236,1440875451708,"97,042",75% bullish,of 4 ratings,$20
TRAK,$62.85,1440875451729,"645,671",50% bullish,of 2 ratings,$62.50
TACOW,$4.05,1440875451762,"18,932",100% bullish,of 1 rating,N/A
DCTH,$0.4003,1440875451959,"122,121",78% bullish,of 9 ratings,N/A
DELT,$2.52,1440875451988,"6,000",Not yet rated,NULL,N/A
DELTW,NULL,1440875452016,0,Not yet rated,NULL,N/A
DGAS,$20.12,1440875452061,"3,626",67% bearish,of 3 ratings,N/A
DENN,$11.48,1440875452122,"411,859",100% bullish,of 3 ratings,$15
XRAY,$53.26,1440875452151,"455,198",100% bullish,of 1 rating,$58
DEPO,$28.38,1440875452259,"492,842",60% bullish,of 5 ratings,$29
DERM,$27.24,1440875452293,"101,807",100% bearish,of 1 rating,$33.50
DEST,$11.13,1440875452324,"20,183",50% bullish,of 2 ratings,N/A
DSCI,$5.93,1440875452345,"30,721",50% bullish,of 2 ratings,$16
DXLG,$5.62,1440875452424,"88,393",100% bearish,of 1 rating,$8
DSWL,$1.71,1440875452481,"4,300",100% bullish,of 1 rating,N/A
DXM,$0.26,1440875452512,"140,456",50% bullish,of 2 ratings,N/A
DXCM,$94.3009,1440875452699,"601,324",57% bullish,of 7 ratings,$98
DMND,$29.77,1440875452731,"137,181",75% bullish,of 12 ratings,$32
DHXM,$6.82,1440875452756,"1,035",Not yet rated,NULL,N/A
DHIL,$194.72,1440875452792,"3,494",Not yet rated,NULL,N/A
FANG,$66.56,1440875452825,"945,281",50% bullish,of 2 ratings,$86.50
DRNA,$11.13,1440875452963,"76,464",67% bearish,of 3 ratings,$25
DCIX,$1.74,1440875452994,"50,106",50% bullish,of 4 ratings,$3.50
DMRC,$37.81,1440875453189,"119,126",100% bearish,of 1 rating,$44
APPS,$2.43,1440875453223,"110,613",100% bearish,of 1 rating,$10.25
DGII,$10.06,1440875453245,"88,413",100% bearish,of 1 rating,$10
DCOM,$17.01,1440875453281,"121,317",100% bearish,of 2 ratings,$16.50
DGLY,$8.6,1440875453302,"110,448",50% bullish,of 6 ratings,$20
DRAD,$3.7,1440875453324,"14,268",100% bullish,of 1 rating,$5.25
DIOD,$19.93,1440875453364,"100,117",75% bearish,of 4 ratings,$24
DPRX,$13.52,1440875453459,"8,669",100% bullish,of 2 ratings,$27.75
DISCA,$27.1127,1440875453526,"1,476,936",67% bullish,of 3 ratings,$34
DISCB,NULL,1440875453588,0,100% bearish,of 1 rating,$35
DISCK,$25.71,1440875453659,"1,450,570",100% bearish,of 1 rating,$32
DSCO,$0.42,1440875453720,"233,070",83% bullish,of 6 ratings,$2.75
DISH,$59.62,1440875453794,"664,919",69% bullish,of 13 ratings,$73
BAGR,$2.77,1440875453860,"10,502",100% bearish,of 1 rating,$6
DLHC,$2.45,1440875453881,"2,228",100% bearish,of 1 rating,N/A
DNBF,$25.76,1440875453919,408,Not yet rated,NULL,$27.50
DVCR,$10.8,1440875453946,"5,362",100% bullish,of 1 rating,N/A
DLTR,$76.7377,1440875453974,"1,695,005",82% bullish,of 11 ratings,$88
DGICA,$14.27,1440875454024,"10,088",100% bearish,of 1 rating,$17
DGICB,NULL,1440875454163,0,100% bearish,of 1 rating,N/A
DMLP,$14.39,1440875454194,"9,844",100% bearish,of 1 rating,N/A
DORM,$50.42,1440875454216,"213,968",100% bearish,of 1 rating,$56
HILL,$9.665,1440875454345,"1,225,949",60% bearish,of 5 ratings,$9.75
DRWI,$0.21,1440875454372,"608,108",60% bullish,of 5 ratings,$.45
DRWIW,$0.04,1440875454397,318,Not yet rated,NULL,N/A
DSKX,$3.25,1440875454503,"269,494",100% bullish,of 1 rating,N/A
DRYS,$0.44,1440875454533,"3,465,209",77% bullish,of 31 ratings,$.60
DWA,$20.29,1440875454555,"780,239",63% bullish,of 8 ratings,$26
CADT,NULL,1440875454594,0,Not yet rated,NULL,N/A
DSPG,$8.55,1440875454635,"86,341",100% bearish,of 1 rating,$13.50
CADTU,NULL,1440875454991,0,Not yet rated,NULL,N/A
CADTR,NULL,1440875455038,0,Not yet rated,NULL,N/A
CADTW,NULL,1440875455628,0,Not yet rated,NULL,N/A
DTSI,$27.07,1440875455722,"64,293",100% bearish,of 2 ratings,$39.50
DNKN,$51.69,1440875455867,"615,001",67% bullish,of 15 ratings,$56.50
DRRX,$2.1,1440875456745,"174,261",50% bullish,of 6 ratings,$3
DYSL,$1.44,1440875456816,"9,241",100% bullish,of 2 ratings,N/A
DYAX,$23.69,1440875456842,"450,638",89% bullish,of 9 ratings,$30
DXPE,$28.01,1440875456873,"198,401",50% bullish,of 2 ratings,N/A
BOOM,$10.64,1440875456906,"121,109",67% bullish,of 3 ratings,$12
DVAX,$29.76,1440875456971,"286,822",70% bullish,of 10 ratings,$40
DYNT,$3,1440875456999,"2,521",75% bullish,of 4 ratings,N/A
ETFC,$26.53,1440875457029,"1,656,489",57% bullish,of 14 ratings,$32.50
EGBN,$41.91,1440875457055,"45,548",Not yet rated,NULL,$48
EGLE,$6.51,1440875457131,"44,799",60% bullish,of 5 ratings,N/A
EROC,$1.54,1440875457204,"321,569",50% bullish,of 2 ratings,$3
EBMT,$11.54,1440875457242,"1,076",Not yet rated,NULL,$13.50
EGRX,$83.67,1440875457264,"183,576",67% bullish,of 3 ratings,$97
EACQU,NULL,1440875457332,0,Not yet rated,NULL,N/A
EWBC,$40.36,1440875457358,"524,091",100% bearish,of 1 rating,$50
ELNK,$8.45,1440875457379,"507,260",60% bullish,of 5 ratings,$9.50
EML,$16.47,1440875457945,"7,046",Not yet rated,NULL,N/A
EVBS,$6.6,1440875457970,"16,168",Not yet rated,NULL,$7
EBAY,$27.25,1440875458316,"6,618,106",81% bullish,of 117 ratings,$34
EBIX,$28.21,1440875458364,"195,546",69% bullish,of 13 ratings,$40
ECHO,$23.01,1440875458447,"541,539",67% bearish,of 3 ratings,$35.50
ELON,$0.5649,1440875459121,"28,406",50% bullish,of 2 ratings,N/A
ECTE,$1.46,1440875459467,"3,701",75% bullish,of 4 ratings,N/A
SATS,$44.59,1440875459684,"56,536",50% bullish,of 2 ratings,$60
EEI,$11.15,1440875459741,"3,106",67% bearish,of 3 ratings,N/A
ECACU,$10.1,1440875459840,"3,602",Not yet rated,NULL,N/A
ESES,$3.22,1440875459872,"2,164",100% bearish,of 1 rating,$7
EDGW,$7.01,1440875459907,"10,591",100% bearish,of 1 rating,N/A
EDAP,$3.6,1440875459934,"25,350",60% bullish,of 5 ratings,$4.50
EFUT,$4.63,1440875459977,700,Not yet rated,NULL,N/A
EDUC,$5.55,1440875460068,"21,651",100% bearish,of 1 rating,N/A
EGAN,$3.64,1440875460153,"7,806",50% bullish,of 2 ratings,$6.25
EGLT,$10.66,1440875460196,"20,932",50% bullish,of 2 ratings,$21
LOCO,$13.72,1440875460285,"1,206,901",77% bullish,of 13 ratings,$20
EMITF,$1.18,1440875460313,"3,474",75% bullish,of 4 ratings,N/A
ESLT,$76.65,1440875460342,"2,915",67% bullish,of 3 ratings,N/A
ERI,$9.7,1440875460384,"144,246",100% bearish,of 1 rating,$10
EHTH,$14.1,1440875460449,"168,301",50% bullish,of 4 ratings,$16.50
ESIO,$4.43,1440875460513,"140,353",50% bullish,of 2 ratings,$10
ELRC,$10.71,1440875460588,"16,406",100% bearish,of 1 rating,N/A
EFII,$44.09,1440875460682,"127,147",80% bullish,of 5 ratings,$55
EA,$67.91,1440875460733,"2,056,941",77% bullish,of 35 ratings,$80
ELEC,NULL,1440875460753,0,Not yet rated,NULL,N/A
ELSE,$3.9999,1440875460788,500,60% bullish,of 5 ratings,N/A
ELECU,NULL,1440875460810,0,Not yet rated,NULL,N/A
ELECW,NULL,1440875460883,0,Not yet rated,NULL,N/A
EBIO,$3.55,1440875460942,"154,084",100% bearish,of 2 ratings,$8.35
CAPX,$22.93,1440875461015,"13,900",Not yet rated,NULL,N/A
RDEN,$10.95,1440875461046,"74,308",100% bearish,of 4 ratings,$15
LONG,$17.04,1440875461072,"9,996",67% bullish,of 3 ratings,$15.75
ESBK,$19.66,1440875461098,423,Not yet rated,NULL,N/A
ELTK,$1.34,1440875461119,"144,213",67% bearish,of 3 ratings,N/A
EMKR,$7.06,1440875461337,"65,081",75% bullish,of 4 ratings,$8.50
EMCI,$23.2,1440875461367,"15,362",Not yet rated,NULL,N/A
NYNY,$4.37,1440875461405,"30,167",50% bullish,of 2 ratings,N/A
EMMS,$1.12,1440875461427,"136,017",83% bullish,of 6 ratings,N/A
EMMSP,$3,1440875461497,200,100% bearish,of 1 rating,N/A
ERS,$2.83,1440875461526,"6,582",Not yet rated,NULL,N/A
EMCF,$23.06,1440875461549,100,100% bearish,of 1 rating,N/A
ENTA,$41.18,1440875461629,"122,390",50% bullish,of 2 ratings,$42
WIRE,$31.67,1440875461703,"90,127",100% bearish,of 1 rating,$37
ECPG,$40.13,1440875461734,"153,412",100% bullish,of 2 ratings,$52
ENDP,$78.7,1440875461770,"843,248",50% bullish,of 6 ratings,$104
ECYT,$5.28,1440875461803,"159,581",83% bullish,of 6 ratings,$12
ELGX,$13.04,1440875461867,"310,868",75% bullish,of 4 ratings,$17
EIGI,$15.55,1440875461900,"197,582",67% bearish,of 3 ratings,$22.50
EFOI,$22,1440875461993,"907,367",50% bullish,of 2 ratings,$20.50
WATT,$6.99,1440875462033,"124,032",50% bullish,of 2 ratings,$13
ERII,$2.69,1440875462095,"49,581",80% bullish,of 5 ratings,$2.50
EXXI,$1.83,1440875462137,"2,134,615",86% bullish,of 7 ratings,$3.50
ENG,$1,1440875462224,"10,728",100% bullish,of 3 ratings,N/A
ENOC,$9.35,1440875462322,"300,726",75% bullish,of 4 ratings,$18
ESGR,$146.02,1440875462350,"29,141",100% bearish,of 1 rating,$185
ENFC,$17.63,1440875462387,"14,896",Not yet rated,NULL,N/A
ENPH,$4.58,1440875462413,"408,795",75% bullish,of 4 ratings,$11
ENTL,$22.19,1440875462484,"11,224",Not yet rated,NULL,$28
ETRM,$0.27,1440875462516,"540,107",69% bearish,of 35 ratings,$1.625
ENTG,$13.7,1440875462539,"498,237",100% bearish,of 1 rating,$18
EBTC,$21.14,1440875462855,"4,216",Not yet rated,NULL,N/A
ENVI,$1.85,1440875462876,"22,541",67% bullish,of 3 ratings,N/A
ENZN,$1.05,1440875462906,"191,259",100% bullish,of 9 ratings,N/A
EFSC,$23.84,1440875462928,"31,437",Not yet rated,NULL,$27
ENZY,$9.69,1440875462956,"20,091",67% bullish,of 3 ratings,$9.50
EPRS,$5.3,1440875463172,"65,326",82% bullish,of 11 ratings,$15
EPZM,$20.1,1440875463214,"274,818",60% bullish,of 5 ratings,$34
EPIQ,$12.94,1440875463235,"95,473",100% bearish,of 1 rating,$18
EGT,$2.14,1440875463269,"13,092",100% bullish,of 1 rating,N/A
EQFN,NULL,1440875463303,0,100% bearish,of 1 rating,N/A
EQIX,$268.78,1440875463324,"317,195",75% bullish,of 4 ratings,$312.50
EAC,$3.37,1440875463355,"4,106",100% bearish,of 1 rating,$8
PLUS,$76.75,1440875463382,"44,219",50% bullish,of 2 ratings,$88
ERIC,$9.95,1440875463508,"1,517,001",67% bullish,of 9 ratings,$12.20
ESCA,$18,1440875463614,"15,345",100% bearish,of 1 rating,$22
ESPR,$52.27,1440875463721,"597,174",70% bearish,of 10 ratings,$123
ERIE,$82.6965,1440875463749,"23,830",Not yet rated,NULL,$73
ESCR,$0.12,1440875463770,"313,269",50% bullish,of 2 ratings,N/A
ESCRP,$1.15,1440875463807,"3,261",100% bearish,of 1 rating,N/A
ESMC,$1.31,1440875463834,"1,148",Not yet rated,NULL,N/A
EPIX,NULL,1440875463905,0,Not yet rated,NULL,N/A
ESSX,$0.4461,1440875463934,"121,833",50% bullish,of 2 ratings,N/A
ESND,$34.46,1440875464063,"110,118",100% bearish,of 2 ratings,$40
ESSA,$12.81,1440875464095,"2,219",100% bearish,of 1 rating,N/A
ETSY,$14.82,1440875464150,"411,302",80% bullish,of 5 ratings,$16
CLWT,NULL,1440875464191,0,100% bullish,of 1 rating,N/A
EEFT,$65.62,1440875464217,"156,788",100% bearish,of 1 rating,$67.50
EVEP,$8.27,1440875464401,"378,682",50% bullish,of 2 ratings,$15
EVK,$3.75,1440875464446,267,75% bearish,of 4 ratings,N/A
EVOK,$3.75,1440875464531,"45,220",100% bearish,of 1 rating,$13.375
EVLV,$2.68,1440875464560,"224,794",60% bullish,of 5 ratings,$5.125
EXA,$11.19,1440875464590,"12,872",100% bearish,of 1 rating,$13
EXAS,$22.34,1440875464611,"466,825",78% bullish,of 9 ratings,$31
EVOL,$5.98,1440875464633,"4,531",75% bullish,of 4 ratings,$10
ESEA,$5.37,1440875464784,"3,809",100% bullish,of 1 rating,$15
EXEL,$6.06,1440875464815,"3,042,838",81% bullish,of 16 ratings,$6
EXAC,$18.64,1440875464842,"19,525",100% bearish,of 1 rating,$22.50
EXFO,$2.74,1440875464945,"3,109",67% bearish,of 3 ratings,$3.95
EXPE,$116.5217,1440875464973,"591,733",64% bullish,of 11 ratings,$130
EXLS,$36.47,1440875464999,"100,676",50% bullish,of 2 ratings,$41
EXPD,$49.66,1440875465045,"1,275,347",80% bullish,of 5 ratings,$52
EXPO,$42.71,1440875465194,"77,752",100% bearish,of 1 rating,$45.50
ESRX,$84.46,1440875465253,"2,106,762",67% bearish,of 6 ratings,$101
EXLP,$20.8232,1440875465292,"166,876",100% bearish,of 1 rating,$25
EXTR,$2.85,1440875465318,"441,776",80% bullish,of 5 ratings,$3
EZCH,$22.5819,1440875465353,"100,750",75% bullish,of 8 ratings,$19.50
EYEG,$3.63,1440875465381,"8,530",Not yet rated,NULL,N/A
EZPW,$5.83,1440875465413,"233,828",50% bullish,of 4 ratings,$7.50
EYEGW,NULL,1440875465515,0,Not yet rated,NULL,N/A
FB,$90.997,1440875465650,"21,405,623",73% bullish,of 1070 ratings,$111
FRP,$16.22,1440875465706,"95,097",100% bearish,of 1 rating,$18
FCS,$13.71,1440875465731,"593,435",67% bearish,of 3 ratings,$17
FFIV,$122.97,1440875465783,"535,549",63% bullish,of 8 ratings,$132
FALC,$1.76,1440875465809,"108,050",63% bearish,of 8 ratings,N/A
DAVE,$15.36,1440875465941,"17,244",100% bearish,of 1 rating,$15.50
FARM,$22.94,1440875466004,"20,353",100% bearish,of 1 rating,$35
FWM,$2.25,1440875466026,"117,046",100% bearish,of 2 ratings,$3.20
FFKT,$25.89,1440875466062,"7,909",Not yet rated,NULL,$29
FARO,$38.01,1440875466089,"102,628",50% bullish,of 2 ratings,$48
FMNB,$8.27,1440875466119,"9,733",Not yet rated,NULL,N/A
FATE,$7.21,1440875466158,"24,853",50% bullish,of 2 ratings,$11
FAST,$38.69,1440875466320,"1,512,410",80% bullish,of 5 ratings,$45.50
FBRC,$22.28,1440875466349,"11,421",100% bearish,of 1 rating,$29
FBSS,$15.29,1440875466378,200,Not yet rated,NULL,N/A
FDML,$8.72,1440875466481,"236,899",50% bullish,of 4 ratings,$14
FENX,$9.97,1440875466610,"142,317",100% bullish,of 1 rating,$14.25
FNHC,$21.79,1440875466639,"82,959",100% bearish,of 1 rating,$35
FHCO,$1.37,1440875466669,"24,116",50% bullish,of 4 ratings,N/A
FEIC,$75.72,1440875466700,"219,243",50% bullish,of 2 ratings,$95.50
LION,$19.23,1440875466774,"74,002",100% bullish,of 1 rating,$20
FGEN,$25,1440875466808,"155,438",100% bearish,of 1 rating,$39
ONEQ,$189.9,1440875466837,"11,934",100% bullish,of 1 rating,N/A
FCSC,$5.74,1440875466863,"84,641",100% bearish,of 1 rating,$8.125
FDUS,$14.64,1440875466938,"23,047",50% bullish,of 2 ratings,$18
FSAM,$8.19,1440875467012,"11,024",100% bearish,of 1 rating,$10.25
FRGI,$52.21,1440875467069,"105,363",50% bullish,of 2 ratings,$70
FSC,$6.45,1440875467096,"607,315",60% bullish,of 5 ratings,$8
FSFR,$8.89,1440875467227,"67,547",100% bearish,of 1 rating,$11.50
FITB,$19.97,1440875467249,"3,708,357",54% bullish,of 13 ratings,$22
FITBI,$27.525,1440875467324,"34,706",Not yet rated,NULL,N/A
FSCFL,$24.65,1440875467357,"6,848",Not yet rated,NULL,N/A
FISI,$24.52,1440875467393,"15,149",100% bullish,of 2 ratings,$24.50
FNSR,$15.77,1440875467427,"515,888",71% bullish,of 7 ratings,$24.50
FNJN,$1.9,1440875467448,"33,173",100% bearish,of 1 rating,$5
FNGN,$33.23,1440875467483,"176,570",67% bullish,of 3 ratings,$47
FNTC,NULL,1440875467532,0,Not yet rated,NULL,N/A
FNTCU,NULL,1440875467614,0,Not yet rated,NULL,N/A
FNTCW,NULL,1440875467673,0,Not yet rated,NULL,N/A
FEYE,$39.23,1440875467704,"2,069,894",87% bullish,of 15 ratings,$55.50
FBNC,$16.95,1440875467807,"17,226",100% bullish,of 1 rating,$20
FNLC,$18.73,1440875467888,"10,936",100% bullish,of 1 rating,N/A
BUSE,$6.36,1440875467941,"86,619",Not yet rated,NULL,$6.875
FRBA,$6.08,1440875467970,"1,488",Not yet rated,NULL,$8
FBIZ,$44.1,1440875468001,"28,261",100% bearish,of 2 ratings,$52
FCVA,$4.61,1440875468028,351,Not yet rated,NULL,N/A
FCFS,$39.83,1440875468049,"154,214",100% bearish,of 3 ratings,$48
FCAP,$26.77,1440875468081,402,Not yet rated,NULL,N/A
FCNCA,$238.6,1440875468252,"15,051",Not yet rated,NULL,N/A
FCLF,$9.05,1440875468285,"1,666",Not yet rated,NULL,N/A
FCBC,$17.49,1440875468312,"17,432",Not yet rated,NULL,$18
FCFP,$6.94,1440875468383,"3,000",Not yet rated,NULL,N/A
FCCO,$12,1440875468412,"2,065",Not yet rated,NULL,$13.25
FBNK,$17.21,1440875468438,"22,827",100% bearish,of 1 rating,$17.50
FFNM,$6.19,1440875468573,"1,344",Not yet rated,NULL,N/A
FFBC,$18.28,1440875468618,"149,353",67% bearish,of 3 ratings,$20.25
FFBCW,NULL,1440875468643,0,100% bearish,of 1 rating,N/A
FFIN,$30.67,1440875468668,"141,387",50% bullish,of 2 ratings,$31.75
FDEF,$37.44,1440875468702,"34,556",Not yet rated,NULL,$38
THFF,$32.94,1440875468731,"24,402",Not yet rated,NULL,$35
FFNW,$12.06,1440875468799,"10,423",Not yet rated,NULL,$14
INBK,$30.15,1440875468905,"10,430",50% bullish,of 2 ratings,$37
FIBK,$26.22,1440875468934,"81,866",Not yet rated,NULL,$32
FRME,$25.92,1440875469114,"130,285",Not yet rated,NULL,$26.50
FMBH,NULL,1440875469159,0,Not yet rated,NULL,N/A
FMBI,$17.43,1440875469201,"263,235",Not yet rated,NULL,$20
FNBC,$34.63,1440875469232,"63,076",Not yet rated,NULL,$40
FSFG,$30.07,1440875469332,71,Not yet rated,NULL,N/A
FNWB,$11.85,1440875469357,"10,217",Not yet rated,NULL,N/A
FNFG,$9.1568,1440875469385,"1,157,000",80% bullish,of 5 ratings,$9
FSGI,$2.47,1440875469411,"12,130",Not yet rated,NULL,N/A
FSLR,$47.8,1440875469546,"1,195,799",72% bullish,of 39 ratings,$65
FSBK,$7.82,1440875469580,"5,412",100% bullish,of 1 rating,N/A
BICK,$19.69,1440875469607,"1,428",100% bullish,of 1 rating,N/A
FCAN,$24.6,1440875469679,"6,052",Not yet rated,NULL,N/A
FBZ,$10.144,1440875469741,600,Not yet rated,NULL,N/A
FFWM,$21.37,1440875469811,"22,466",Not yet rated,NULL,$24
FTCS,$36.63,1440875469882,"18,232",100% bearish,of 1 rating,N/A
FCA,$20.44,1440875469946,"2,300",Not yet rated,NULL,N/A
FV,$23.71,1440875470010,"1,935,175",100% bearish,of 1 rating,N/A
FEMB,NULL,1440875470044,0,Not yet rated,NULL,N/A
IFV,$17.88,1440875470076,"555,778",100% bearish,of 1 rating,N/A
FTSM,$59.85,1440875470139,"7,169",100% bearish,of 1 rating,N/A
FEUZ,$31.5,1440875470169,"1,405",Not yet rated,NULL,N/A
TDIV,$24.9,1440875470197,"74,537",100% bearish,of 1 rating,N/A
MDIV,$19.23,1440875470223,"128,525",Not yet rated,NULL,N/A
FGM,$35.58,1440875470268,"2,324",Not yet rated,NULL,N/A
FTHI,$19.5399,1440875470398,640,Not yet rated,NULL,N/A
FTGC,$22.39,1440875470439,"76,491",Not yet rated,NULL,N/A
HYLS,$49.53,1440875470468,"35,104",100% bearish,of 1 rating,N/A
FHK,$33.3,1440875470530,"2,363",Not yet rated,NULL,N/A
FPXI,$27.29,1440875470578,500,Not yet rated,NULL,N/A
YDIV,$16.5742,1440875470627,"3,515",Not yet rated,NULL,N/A
SKYY,$29.18,1440875470717,"46,046",100% bullish,of 1 rating,N/A
FTLB,$19.3188,1440875470788,"3,260",100% bearish,of 1 rating,N/A
FJP,$47.81,1440875470809,"59,841",Not yet rated,NULL,N/A
CU,$13.21,1440875470843,"7,015",100% bearish,of 1 rating,N/A
PLTM,$6.38,1440875470887,"6,702",100% bearish,of 1 rating,N/A
QABA,$37.18,1440875470975,"8,586",100% bearish,of 1 rating,N/A
FMB,$51.23,1440875471000,415,Not yet rated,NULL,N/A
LMBS,$49.77,1440875471029,"5,298",Not yet rated,NULL,N/A
CIBR,$18.04,1440875471179,"51,388",Not yet rated,NULL,N/A
FONE,$35.29,1440875471247,950,Not yet rated,NULL,N/A
GRID,$33.09,1440875471273,705,100% bearish,of 1 rating,N/A
QCLN,$15.18,1440875471307,"16,517",Not yet rated,NULL,N/A
RDVY,$21.17,1440875471333,"2,849",Not yet rated,NULL,N/A
CARZ,$35.05,1440875471363,"1,904",100% bearish,of 1 rating,N/A
QQXT,$40.74,1440875471467,"18,704",Not yet rated,NULL,N/A
QQEW,$42.1,1440875471492,"52,287",Not yet rated,NULL,N/A
QINC,$20.2999,1440875471646,663,Not yet rated,NULL,N/A
FTSL,$48.74,1440875471681,"110,156",100% bearish,of 1 rating,N/A
FKO,NULL,1440875471702,0,Not yet rated,NULL,N/A
QTEC,$40.33,1440875471739,"26,311",Not yet rated,NULL,N/A
AIRR,$16.4,1440875471773,"2,252",100% bearish,of 1 rating,N/A
FDIV,$46.09,1440875471830,302,100% bearish,of 1 rating,N/A
FSZ,$39.19,1440875471858,"3,866",Not yet rated,NULL,N/A
FTW,$31.91,1440875471931,230,Not yet rated,NULL,N/A
FKU,$41.82,1440875472018,"5,183",Not yet rated,NULL,N/A
FUNC,$8.12,1440875472172,"2,091",Not yet rated,NULL,N/A
FMER,$17.81,1440875472201,"731,124",50% bullish,of 2 ratings,$20
SVVC,$9.43,1440875472222,"11,779",50% bullish,of 2 ratings,$26
TUSA,$25.08,1440875472259,300,Not yet rated,NULL,N/A
FSV,$31.41,1440875472281,"12,183",Not yet rated,NULL,$33.60
FIVE,$38.5,1440875472302,"860,602",75% bearish,of 4 ratings,$44
FISV,$86.78,1440875472340,"802,788",100% bearish,of 3 ratings,$90
FIVN,$4.03,1440875472477,"81,303",100% bullish,of 1 rating,$8.50
FLKS,$12.41,1440875472570,"26,992",50% bullish,of 2 ratings,$27
FLXN,$25.29,1440875472596,"49,036",100% bearish,of 1 rating,$40
FPRX,$19.37,1440875472617,"177,840",50% bullish,of 2 ratings,$35
FLML,$21.9746,1440875472645,"90,829",50% bullish,of 2 ratings,$30
SKOR,$50.3,1440875472814,"2,349",Not yet rated,NULL,N/A
MBSD,$25.02,1440875472843,"14,451",Not yet rated,NULL,N/A
FLEX,$10.6,1440875472874,"1,115,185",63% bullish,of 8 ratings,$12
FLIR,$28.57,1440875472902,"1,032,100",100% bearish,of 1 rating,$38.50
FOMX,$10.18,1440875472934,"82,757",50% bullish,of 2 ratings,$23.50
FLXS,$32.15,1440875472955,"13,502",100% bearish,of 2 ratings,N/A
FLDM,$11.7,1440875472991,"260,257",67% bearish,of 3 ratings,$15
FFIC,$19.73,1440875473033,"77,431",Not yet rated,NULL,$21
FONR,$9.7,1440875473128,"6,716",100% bullish,of 1 rating,N/A
FOGO,$19.23,1440875473199,"34,672",50% bullish,of 2 ratings,$25.50
FES,$0.9409,1440875473331,"94,182",50% bullish,of 2 ratings,$1
FBIO,$2.88,1440875473495,"79,815",83% bullish,of 6 ratings,N/A
FORTY,$30.33,1440875473524,"1,000",100% bearish,of 1 rating,N/A
FORM,$6.53,1440875473549,"253,899",67% bullish,of 3 ratings,$10.50
FTNT,$42.96,1440875473583,"603,333",80% bullish,of 10 ratings,$52
FWRD,$45.16,1440875473604,"186,984",100% bearish,of 1 rating,$50
FORR,$31.88,1440875473626,"18,396",Not yet rated,NULL,N/A
FORD,$1.66,1440875473661,"1,753,015",67% bullish,of 3 ratings,N/A
FXCB,$17.02,1440875473810,"34,723",Not yet rated,NULL,$19
FWP,$27.02,1440875473840,"15,503",100% bearish,of 1 rating,$45
FMI,$23.8,1440875473869,"312,031",100% bearish,of 2 ratings,$27.50
FOXF,$15.18,1440875473901,"24,155",100% bearish,of 1 rating,$19
FRAN,$11.17,1440875473972,"366,392",50% bullish,of 4 ratings,$15
FOSL,$61.6,1440875474027,"709,887",60% bearish,of 5 ratings,$80
FELE,$29.23,1440875474053,"216,658",50% bullish,of 4 ratings,$33
FREE,$0.378,1440875474190,"370,595",92% bullish,of 12 ratings,N/A
FRED,$13.06,1440875474216,"248,657",50% bullish,of 2 ratings,$16
FTRPR,$100.8,1440875474345,"53,474",100% bearish,of 1 rating,N/A
FTR,$5.08,1440875474384,"11,162,934",78% bullish,of 27 ratings,$6.25
FEIM,$11,1440875474416,"3,049",100% bearish,of 1 rating,N/A
FRPT,$13.06,1440875474438,"298,368",67% bearish,of 3 ratings,$23.50
FRPH,$31.17,1440875474474,"5,010",100% bearish,of 1 rating,N/A
RAIL,$20.73,1440875474503,"70,803",100% bearish,of 1 rating,$24.50
FTD,$29.27,1440875474524,"102,153",100% bearish,of 1 rating,$40
FSBW,$23.2,1440875474555,991,Not yet rated,NULL,N/A
FSYS,$6.63,1440875474689,"30,772",67% bullish,of 3 ratings,$10
FCEL,$0.8,1440875474765,"1,501,071",88% bullish,of 41 ratings,$2.65
FTEK,$2.04,1440875474791,"51,368",75% bullish,of 4 ratings,N/A
FULL,$3.1,1440875474831,"30,227",67% bearish,of 3 ratings,$4.25
FULLL,$24.9101,1440875474986,200,Not yet rated,NULL,N/A
FLL,$1.51,1440875475043,"10,264",75% bullish,of 4 ratings,$3.50
FSNN,$2.18,1440875475075,"1,562",67% bullish,of 3 ratings,$6
FULT,$12.08,1440875475105,"624,848",100% bearish,of 1 rating,$13
FFHL,$1.05,1440875475131,"18,397",50% bullish,of 4 ratings,N/A
WILC,$4.97,1440875475177,"6,120",100% bullish,of 2 ratings,N/A
FXEN,$0.87,1440875475259,"69,159",75% bullish,of 4 ratings,$1.10
GK,$67.55,1440875475305,"59,942",Not yet rated,NULL,$78
GLPG,$60.49,1440875475357,"13,297",100% bullish,of 1 rating,$75
FXENP,$15.76,1440875475382,"1,000",100% bearish,of 1 rating,N/A
GAIA,$5.9,1440875475409,"7,898",50% bullish,of 2 ratings,$8.50
GALT,$1.96,1440875475578,"30,257",80% bullish,of 5 ratings,N/A
GALTU,NULL,1440875475611,0,100% bearish,of 1 rating,N/A
GLPI,$31.5863,1440875475717,"324,483",100% bearish,of 1 rating,$37.50
GLMD,$8.81,1440875475743,"11,506",67% bullish,of 3 ratings,$20.50
GALTW,NULL,1440875475771,0,100% bullish,of 1 rating,N/A
GPIC,$9.64,1440875475794,710,100% bearish,of 1 rating,N/A
GRMN,$37.99,1440875475824,"966,815",50% bullish,of 6 ratings,$46.50
GGACR,$0.3,1440875475955,"49,683",100% bullish,of 1 rating,N/A
GGACW,$0.14,1440875476088,"11,300",Not yet rated,NULL,N/A
GGAC,$9.89,1440875476122,"10,419",100% bearish,of 1 rating,N/A
GGACU,$10.27,1440875476157,"22,044",Not yet rated,NULL,N/A
GARS,$14.21,1440875476179,"22,022",Not yet rated,NULL,$16
GENC,$9.16,1440875476216,"11,573",100% bearish,of 1 rating,N/A
GALE,$1.5,1440875476249,"789,696",89% bullish,of 47 ratings,$4
GNCMA,$16.99,1440875476274,"119,943",100% bearish,of 1 rating,$12
GFN,$3.95,1440875476450,"17,699",100% bearish,of 2 ratings,$8
GFNCP,$93.89,1440875476485,350,Not yet rated,NULL,N/A
GENE,$2.29,1440875476524,"182,762",100% bullish,of 12 ratings,N/A
GFNSL,$25.6,1440875476551,700,Not yet rated,NULL,N/A
GHDX,$27.75,1440875476585,"193,234",50% bullish,of 2 ratings,$30
GNMK,$10.02,1440875476633,"195,594",67% bullish,of 6 ratings,$14
GNCA,$12.21,1440875476682,"103,358",100% bearish,of 1 rating,$20
GNTX,$15.53,1440875476783,"1,032,543",Not yet rated,NULL,$20
GNVC,$2.51,1440875476935,"10,917",90% bullish,of 10 ratings,$8.50
GERN,$3.23,1440875477010,"1,137,894",88% bullish,of 16 ratings,$5.25
GTWN,NULL,1440875477035,0,Not yet rated,NULL,N/A
GEOS,$16.71,1440875477063,"121,126",100% bearish,of 3 ratings,$21
GABC,$29,1440875477099,"15,081",Not yet rated,NULL,$31
GEVO,$2.33,1440875477195,"332,274",75% bullish,of 12 ratings,$5
GIGA,$1.42,1440875477343,"2,675",100% bearish,of 1 rating,N/A
ROCK,$16.51,1440875477372,"136,353",80% bullish,of 5 ratings,$24
GILT,$4.3001,1440875477400,"1,700",50% bullish,of 2 ratings,N/A
GIGM,$0.5201,1440875477421,"76,762",100% bullish,of 2 ratings,N/A
THRM,$46.44,1440875477455,"366,550",75% bearish,of 4 ratings,$55.50
GIII,$68.14,1440875477487,"175,109",67% bullish,of 3 ratings,$75
GBCI,$25.66,1440875477582,"245,507",50% bullish,of 2 ratings,$31
GILD,$107.7,1440875477608,"5,969,671",91% bullish,of 87 ratings,$129
GLAD,$8.8,1440875477743,"171,130",50% bullish,of 2 ratings,$8.75
GOOD,$14.64,1440875477816,"72,029",Not yet rated,NULL,$19
GLADO,$25.59,1440875477885,"1,700",Not yet rated,NULL,N/A
GOODN,$25.407,1440875477950,400,Not yet rated,NULL,N/A
GOODP,NULL,1440875477985,0,Not yet rated,NULL,N/A
GOODO,$25,1440875478006,30,Not yet rated,NULL,N/A
GAINN,$25.01,1440875478037,"56,593",Not yet rated,NULL,N/A
GAIN,$7.47,1440875478061,"107,125",100% bullish,of 2 ratings,$8.25
GAINO,$25.1728,1440875478094,490,Not yet rated,NULL,N/A
LAND,$9.16,1440875478233,"48,601",50% bullish,of 2 ratings,$13.75
GAINP,$25.9,1440875478261,620,Not yet rated,NULL,N/A
GBT,$44,1440875478299,"73,758",100% bearish,of 1 rating,N/A
GLBZ,NULL,1440875478324,0,Not yet rated,NULL,N/A
GDEF,$10.53,1440875478352,600,Not yet rated,NULL,N/A
GBLI,$26.99,1440875478548,"11,669",Not yet rated,NULL,N/A
ENT,$11.77,1440875478598,"71,245",100% bearish,of 1 rating,$18
GPACU,NULL,1440875478631,0,Not yet rated,NULL,N/A
ACTX,NULL,1440875478652,0,100% bullish,of 1 rating,N/A
QQQC,$19.67,1440875478686,"3,061",100% bearish,of 1 rating,N/A
GSOL,$8.0275,1440875478736,"18,239",100% bearish,of 1 rating,N/A
SOCL,$17.82,1440875478783,"24,218",100% bullish,of 2 ratings,N/A
SRET,$13.25,1440875478870,"1,014",Not yet rated,NULL,N/A
ALTY,$14.44,1440875478898,600,Not yet rated,NULL,N/A
YLCO,$11.95,1440875478925,"1,396",Not yet rated,NULL,N/A
GSM,$13.47,1440875479073,"403,698",50% bullish,of 2 ratings,$22
GBIM,$2.29,1440875479174,"19,199",50% bullish,of 2 ratings,N/A
GLRI,$1.01,1440875479233,"23,180",100% bearish,of 1 rating,$4.25
GAI,$5.9,1440875479260,"1,400",50% bullish,of 2 ratings,N/A
GLUU,$4.53,1440875479290,"786,373",92% bullish,of 26 ratings,$9
GLBS,NULL,1440875479338,0,67% bullish,of 3 ratings,N/A
GLYC,$7.05,1440875479393,"16,674",50% bullish,of 2 ratings,$14
GOGO,$15.67,1440875479433,"431,299",80% bullish,of 5 ratings,$25
GLDC,$4,1440875479539,"5,513",50% bullish,of 2 ratings,N/A
GOGL,$3.14,1440875479566,"220,227",75% bullish,of 4 ratings,$5
GMLP,$18.86,1440875479598,"223,814",50% bullish,of 4 ratings,$32.50
GBDC,$16.66,1440875479703,"111,261",Not yet rated,NULL,$17.75
GLNG,$38.2739,1440875479730,"963,948",83% bullish,of 6 ratings,$58
GTIM,$7.03,1440875479755,"31,867",Not yet rated,NULL,$11.50
GDEN,$8.96,1440875479781,"13,852",50% bullish,of 2 ratings,N/A
GOOG,$632.69,1440875479915,"1,043,468",89% bullish,of 70 ratings,$825
GOOGL,$659.9999,1440875479944,"1,027,271",88% bullish,of 1082 ratings,$749
GMAN,$3.73,1440875480014,"210,604",60% bullish,of 5 ratings,$8.50
GPRO,$48.18,1440875480044,"3,256,396",78% bullish,of 58 ratings,$72
GPIAU,NULL,1440875480140,0,Not yet rated,NULL,N/A
LOPE,$37.48,1440875480239,"89,001",100% bearish,of 2 ratings,$50
GPIAW,NULL,1440875480269,0,Not yet rated,NULL,N/A
GRVY,$3.16,1440875480290,125,50% bullish,of 2 ratings,N/A
GPIA,$9.84,1440875480325,190,Not yet rated,NULL,N/A
GBSNU,NULL,1440875480343,0,NULL,NULL,NULL
GBSN,$0.38,1440875480432,"4,057,047",50% bullish,of 2 ratings,$8.25
GLDD,$5.42,1440875480474,"86,319",100% bearish,of 4 ratings,$7.75
GNBC,$11.86,1440875480566,"12,906",100% bearish,of 1 rating,$16.50
GPP,$13.7,1440875480647,"33,561",Not yet rated,NULL,$20.50
GRBK,$11.95,1440875480707,"113,049",77% bullish,of 13 ratings,N/A
GSBC,$39.87,1440875480777,"19,620",100% bullish,of 1 rating,$44
GCBC,NULL,1440875480854,0,100% bullish,of 1 rating,N/A
GPRE,$20.55,1440875480882,"1,091,427",67% bullish,of 6 ratings,$28.50
GLRE,$24.99,1440875480912,"161,684",50% bullish,of 2 ratings,$41
GRFS,$30.5748,1440875481011,"206,103",50% bullish,of 2 ratings,$35
GRIF,$32.61,1440875481038,308,100% bearish,of 1 rating,N/A
GRPN,$4.6,1440875481104,"5,953,989",61% bullish,of 71 ratings,$6.75
GSIG,$12.99,1440875481176,"26,470",100% bearish,of 2 ratings,N/A
OMAB,$40.81,1440875481207,"12,578",100% bullish,of 1 rating,$44
GGAL,$19.4858,1440875481239,"118,461",80% bullish,of 5 ratings,$40
GSIT,$4.62,1440875481268,"8,389",100% bearish,of 1 rating,N/A
GTXI,$0.874,1440875481371,"20,930",100% bullish,of 5 ratings,$.75
GSVC,$8.72,1440875481400,"82,010",50% bullish,of 2 ratings,$14.50
GFED,$14.67,1440875481505,779,Not yet rated,NULL,$17
GBNK,$15.79,1440875481541,"18,291",100% bearish,of 1 rating,$18
GUID,$7.28,1440875481567,"42,026",100% bearish,of 3 ratings,$10
GURE,$1.67,1440875481637,"85,776",88% bullish,of 8 ratings,N/A
GULTU,$0.3001,1440875481670,"1,330,535",100% bearish,of 1 rating,N/A
GIFI,$12.46,1440875481770,"46,325",100% bearish,of 1 rating,$16
GPOR,$35.04,1440875481804,"1,494,164",75% bullish,of 4 ratings,$55
GYRO,$2.84,1440875481851,"6,150",100% bearish,of 1 rating,N/A
GWPH,$109.33,1440875481900,"112,738",78% bullish,of 9 ratings,$148.50
GWGH,$7.74,1440875481925,"1,171",100% bearish,of 1 rating,$15.05
HLG,$9.5,1440875481985,"2,247",100% bearish,of 1 rating,N/A
HEES,$18.69,1440875482015,"314,064",67% bearish,of 3 ratings,$31
HALL,$11.41,1440875482165,"17,778",Not yet rated,NULL,N/A
HNRG,$7.69,1440875482194,"67,708",100% bearish,of 1 rating,$10
HALO,$18.41,1440875482220,"771,518",67% bullish,of 3 ratings,$22.50
HBK,$13.67,1440875482250,713,50% bullish,of 2 ratings,N/A
HMPR,$1.87,1440875482327,"27,659",100% bullish,of 1 rating,N/A
HBHCL,$24.39,1440875482388,"26,203",Not yet rated,NULL,N/A
HAFC,$23.98,1440875482494,"109,880",100% bullish,of 2 ratings,$28.50
HBHC,$27.4,1440875482522,"558,474",50% bullish,of 2 ratings,$30
HQCL,$12.9,1440875482556,"30,828",67% bullish,of 3 ratings,$14
HDNG,$10.04,1440875482660,"11,625",50% bullish,of 4 ratings,N/A
HNH,$25.45,1440875482691,"17,110",100% bullish,of 1 rating,N/A
HNSN,$0.56,1440875482717,"56,801",88% bullish,of 8 ratings,$.40
HRMN,NULL,1440875482758,0,Not yet rated,NULL,N/A
HLIT,$5.79,1440875482789,"246,263",100% bearish,of 1 rating,$6.50
HRMNW,NULL,1440875482857,0,Not yet rated,NULL,N/A
HRMNU,NULL,1440875482886,0,Not yet rated,NULL,N/A
TINY,$2.48,1440875482986,"19,385",50% bullish,of 2 ratings,$5.26
HBIO,$4.28,1440875483071,"35,954",100% bearish,of 1 rating,$10
HART,$1.04,1440875483128,"103,690",100% bearish,of 1 rating,N/A
HCAPL,$25.7399,1440875483153,400,Not yet rated,NULL,N/A
HCAP,$12.15,1440875483233,"4,513",50% bullish,of 2 ratings,$15
HA,$22.91,1440875483298,"540,918",67% bullish,of 9 ratings,$27
HAS,$75.51,1440875483328,"715,928",63% bullish,of 8 ratings,$84.50
HCOM,$21.82,1440875483366,"31,985",100% bearish,of 1 rating,$28
HWKN,$37.33,1440875483435,"28,446",Not yet rated,NULL,N/A
HDS,$33.233,1440875483470,"1,196,925",100% bearish,of 2 ratings,$39.50
HAYN,$38.31,1440875483542,"42,900",100% bearish,of 1 rating,$59
HWBK,$13.24,1440875483572,100,100% bearish,of 1 rating,N/A
HCSG,$33.32,1440875483603,"191,852",50% bullish,of 4 ratings,$35
HIIQ,$5.17,1440875483700,"32,371",50% bullish,of 2 ratings,$7
HQY,$29.51,1440875483732,"115,451",67% bullish,of 3 ratings,$32
HSTM,$25.36,1440875483864,"85,370",50% bullish,of 2 ratings,$33.75
HTLD,$20.55,1440875483993,"341,001",Not yet rated,NULL,$22.50
HWAY,$11.95,1440875484020,"278,697",100% bearish,of 1 rating,$15
HTBX,$5.16,1440875484042,"3,070",50% bullish,of 2 ratings,$15.50
HTLF,$35.88,1440875484082,"18,551",100% bullish,of 1 rating,$39.50
HTWR,$86.25,1440875484172,"147,034",50% bullish,of 2 ratings,$103
HELE,$85.56,1440875484204,"103,241",67% bearish,of 3 ratings,$100
HSII,$19.62,1440875484231,"52,553",100% bullish,of 3 ratings,$25
HMNY,$2.19,1440875484252,300,100% bearish,of 1 rating,N/A
HMTV,$13.72,1440875484396,"12,932",100% bearish,of 1 rating,$16
HNNA,$24.865,1440875484426,"10,548",Not yet rated,NULL,N/A
HERO,NULL,1440875484450,0,NULL,NULL,NULL
HCACU,$9.98,1440875484471,"100,000",Not yet rated,NULL,N/A
HSIC,$139.4,1440875484606,"342,416",83% bullish,of 6 ratings,$146
HTBK,$10.63,1440875484670,"33,812",Not yet rated,NULL,$12
HFWA,$17.59,1440875484704,"71,544",100% bullish,of 1 rating,$20
MLHR,$26.99,1440875484803,"310,038",50% bullish,of 2 ratings,$33.50
HEOP,$7.66,1440875484833,"15,820",Not yet rated,NULL,$8.50
HRTX,$35.46,1440875484864,"219,447",67% bullish,of 6 ratings,$41
HCCI,$11.25,1440875484887,"42,055",100% bearish,of 1 rating,$16.50
HSKA,$33.74,1440875484908,"20,659",100% bearish,of 1 rating,$38
HFFC,$15.77,1440875485041,"5,478",Not yet rated,NULL,N/A
HIBB,$38.87,1440875485173,"223,423",100% bearish,of 1 rating,$46.50
HPJ,$2.21,1440875485202,"29,621",75% bullish,of 4 ratings,$12.43
HIMX,$6.906,1440875485223,"915,996",86% bullish,of 21 ratings,$8.50
HIHO,$3.81,1440875485352,"6,096",Not yet rated,NULL,N/A
HIFS,$115.91,1440875485419,"1,151",Not yet rated,NULL,N/A
HOLI,$17.78,1440875485513,"94,603",50% bullish,of 4 ratings,$27
HMNF,$11.32,1440875485552,"2,016",Not yet rated,NULL,N/A
HMSY,$10.47,1440875485573,"809,768",67% bullish,of 3 ratings,$19.35
HSGX,$6.05,1440875485603,"3,574",100% bearish,of 1 rating,$17
HOLX,$39.76,1440875485627,"1,449,945",67% bullish,of 3 ratings,$42
HBCP,$24.71,1440875485659,"2,436",Not yet rated,NULL,$29
HOMB,$37.97,1440875485819,"222,036",Not yet rated,NULL,$42
AWAY,$29.19,1440875485851,"431,994",67% bullish,of 3 ratings,$36
HFBL,$21.62,1440875485876,536,Not yet rated,NULL,N/A
HMIN,$26.7,1440875485951,"59,584",100% bearish,of 2 ratings,$35
HMST,$21.84,1440875486148,"74,855",100% bullish,of 2 ratings,$27
HKTV,$4.76,1440875486178,200,100% bearish,of 1 rating,N/A
HTBI,$18.18,1440875486199,"26,626",67% bullish,of 3 ratings,$18.625
CETC,$0.76,1440875486240,"165,443",86% bullish,of 7 ratings,N/A
HRZN,$10.33,1440875486332,"33,944",50% bullish,of 2 ratings,$14.25
HOFT,$23.78,1440875486359,"18,879",100% bearish,of 1 rating,N/A
HBNC,$23.57,1440875486382,"12,027",100% bullish,of 1 rating,$27
HFBC,$11.22,1440875486412,"3,150",Not yet rated,NULL,N/A
HZNP,$30.48,1440875486552,"1,069,487",85% bullish,of 20 ratings,$40
ZINC,$7.85,1440875486584,"597,280",100% bearish,of 1 rating,$17
HDP,$24.18,1440875486612,"194,225",67% bearish,of 3 ratings,$30.50
HMHC,$22.7,1440875486683,"467,940",Not yet rated,NULL,$27
HWCC,$7.5,1440875486827,"82,097",100% bearish,of 1 rating,$9
HBMD,$14.24,1440875486854,809,100% bearish,of 1 rating,N/A
HOVNP,$4.54,1440875486885,"1,000",100% bearish,of 1 rating,N/A
HSNI,$62.38,1440875486985,"170,632",Not yet rated,NULL,$80
HUBG,$37.06,1440875487014,"387,683",100% bearish,of 1 rating,$43
HCBK,$9.36,1440875487039,"1,263,712",83% bullish,of 6 ratings,$8.61
HSON,$2.55,1440875487067,"22,082",100% bearish,of 1 rating,$5
HDSN,$3.11,1440875487208,"27,087",100% bullish,of 1 rating,$6.25
HBAN,$10.91,1440875487280,"5,203,375",76% bullish,of 17 ratings,$12.29
HURC,$30.35,1440875487342,"11,794",100% bearish,of 1 rating,N/A
HBANP,NULL,1440875487375,0,100% bearish,of 1 rating,N/A
HBP,$3.11,1440875487481,"3,775",100% bullish,of 1 rating,N/A
HURN,$73.36,1440875487514,"75,680",50% bullish,of 2 ratings,$80
HTGM,$5.69,1440875487535,"4,024",100% bearish,of 1 rating,$19.50
HTCH,$1.56,1440875487565,"94,983",100% bearish,of 1 rating,$3.50
HDRA,NULL,1440875487611,0,Not yet rated,NULL,N/A
HDRAW,NULL,1440875487820,0,Not yet rated,NULL,N/A
HDRAR,NULL,1440875487849,0,Not yet rated,NULL,N/A
IDSY,$3.91,1440875487879,"6,108",100% bearish,of 1 rating,$7
HYGS,$9.55,1440875487905,"29,871",50% bullish,of 2 ratings,$13
HDRAU,NULL,1440875487926,0,Not yet rated,NULL,N/A
IKGH,$1.8,1440875487957,"10,231",75% bullish,of 4 ratings,N/A
IACI,$71.44,1440875488093,"445,254",75% bullish,of 4 ratings,$90
IBKC,$60.36,1440875488125,"111,938",100% bullish,of 1 rating,$70
ICAD,$3.9,1440875488168,"83,344",100% bullish,of 2 ratings,$7.25
ICFI,$34.04,1440875488225,"48,356",50% bullish,of 2 ratings,$48.50
IEP,$74.24,1440875488264,"59,662",75% bullish,of 4 ratings,$99
ICON,$13.52,1440875488361,"466,663",50% bullish,of 2 ratings,$18.50
ICLR,$77.9507,1440875488387,"266,641",100% bearish,of 3 ratings,$85
ICUI,$113.92,1440875488464,"46,176",Not yet rated,NULL,$122
IPWR,$7.28,1440875488517,"4,444",100% bullish,of 1 rating,$15
IDRA,$2.94,1440875488544,"601,938",89% bullish,of 9 ratings,$6.50
INVE,$4.4,1440875488569,"78,490",75% bullish,of 4 ratings,$4
IDXX,$73.21,1440875488738,"346,348",100% bearish,of 1 rating,$77
IRG,$4.78,1440875488774,"23,310",100% bearish,of 1 rating,$4.25
IROQ,$16.7,1440875488845,300,100% bullish,of 1 rating,N/A
IIVI,$16.89,1440875488874,"155,141",100% bearish,of 1 rating,$22
DSKY,$10.9914,1440875488899,"128,718",67% bullish,of 6 ratings,$11.50
KANG,$15.8182,1440875488947,"226,303",50% bullish,of 2 ratings,$22.55
RXDX,$13.82,1440875489005,"155,513",100% bullish,of 1 rating,$20
IKAN,$2.72,1440875489034,"4,738",83% bullish,of 6 ratings,$5
IKNX,NULL,1440875489142,0,100% bearish,of 1 rating,N/A
ISNS,$4,1440875489203,"15,572",50% bullish,of 2 ratings,N/A
ILMN,$201.49,1440875489275,"782,267",80% bullish,of 5 ratings,$245
IMMR,$11.81,1440875489335,"72,756",80% bullish,of 5 ratings,$15.50
IMDZ,$16.61,1440875489379,"27,500",100% bearish,of 1 rating,$33
ICCC,$7.21,1440875489419,"13,479",100% bullish,of 1 rating,N/A
IMNP,$1.36,1440875489448,"30,681",50% bullish,of 2 ratings,$6
IMGN,$14.28,1440875489473,"955,380",75% bullish,of 4 ratings,$17.50
IMMU,$2.16,1440875489523,"704,998",86% bullish,of 7 ratings,$2
IPXL,$42.4,1440875489653,"457,825",67% bullish,of 3 ratings,$46.50
IMMY,$7.69,1440875489737,"4,471",100% bearish,of 1 rating,$11
INCY,$120.44,1440875489814,"1,092,792",50% bullish,of 6 ratings,$125.50
INDB,$44.5,1440875489846,"202,363",Not yet rated,NULL,$44
INCR,$42.01,1440875489867,"221,716",50% bullish,of 2 ratings,$53
SAAS,$7.64,1440875489901,"242,260",50% bullish,of 2 ratings,$15
IBCP,$14.16,1440875489944,"93,148",100% bullish,of 1 rating,$14.50
IBTX,$41.49,1440875490001,"14,876",100% bullish,of 2 ratings,$47.25
IDSA,$3.6,1440875490078,"2,730",Not yet rated,NULL,N/A
INFN,$22.29,1440875490131,"1,022,680",71% bullish,of 7 ratings,$28
INFI,$9.28,1440875490159,"337,361",50% bullish,of 4 ratings,$18
IPCC,$77.31,1440875490235,"22,807",Not yet rated,NULL,$77.50
III,$3.89,1440875490294,"95,856",57% bullish,of 7 ratings,$6
IFON,$1.21,1440875490320,"24,493",75% bullish,of 4 ratings,N/A
IMKTA,$50.28,1440875490450,"51,886",100% bearish,of 1 rating,N/A
INWK,$7.09,1440875490487,"56,331",50% bullish,of 2 ratings,$10
INNL,$12.78,1440875490615,"1,348",100% bearish,of 1 rating,$16.50
IOSP,$48.17,1440875490646,"185,737",100% bearish,of 1 rating,N/A
IPHS,$48.24,1440875490677,"75,518",100% bearish,of 1 rating,$60
INOD,$2.38,1440875490747,"4,694",100% bearish,of 1 rating,N/A
INGN,$49.78,1440875490778,"219,266",100% bearish,of 1 rating,$50.50
ITEK,$12.15,1440875490806,"249,011",100% bearish,of 3 ratings,$20
ISSC,$2.78,1440875490834,"4,200",67% bearish,of 3 ratings,N/A
INOV,$21.73,1440875490882,"735,420",100% bearish,of 1 rating,$33
ISIG,$2.71,1440875491027,"10,879",100% bearish,of 1 rating,N/A
INO,$7.75,1440875491054,"1,636,416",89% bullish,of 18 ratings,$20
NSIT,$25.8,1440875491080,"111,626",50% bullish,of 2 ratings,N/A
INSM,$25.69,1440875491127,"271,347",71% bullish,of 7 ratings,$31.50
IIIN,$17.07,1440875491208,"16,380",100% bearish,of 2 ratings,N/A
PODD,$29.71,1440875491259,"209,947",67% bearish,of 3 ratings,$35
NTEC,$5.75,1440875491342,"8,105",100% bearish,of 1 rating,N/A
INSY,$33.83,1440875491398,"270,702",75% bullish,of 4 ratings,$48
IART,$60.79,1440875491428,"177,967",100% bearish,of 2 ratings,$71.50
IESC,$7.02,1440875491459,"2,580",100% bearish,of 1 rating,N/A
IDTI,$19.09,1440875491566,"1,457,438",60% bullish,of 5 ratings,$25
ISSI,$21.94,1440875491595,"133,663",67% bullish,of 3 ratings,$19.75
IQNT,$18.59,1440875491626,"151,264",86% bullish,of 7 ratings,$20
INTC,$28.41,1440875491726,"25,692,266",82% bullish,of 238 ratings,$36
IPCI,$2.31,1440875491754,"76,615",67% bullish,of 6 ratings,$8
IPAR,$25.63,1440875491783,"79,920",67% bullish,of 3 ratings,$38
IBKR,$40.2881,1440875491890,"605,394",100% bullish,of 1 rating,N/A
ININ,$36.15,1440875491920,"85,150",67% bearish,of 3 ratings,$57
ICLD,$1.85,1440875492049,"103,348",75% bullish,of 4 ratings,N/A
ICLDW,NULL,1440875492075,0,100% bearish,of 1 rating,N/A
IDCC,$48,1440875492096,"175,555",80% bullish,of 5 ratings,$63
ICPT,$189.4643,1440875492129,"96,157",70% bullish,of 10 ratings,$359.50
IMI,$2.13,1440875492261,"10,493",67% bullish,of 3 ratings,$2.22
TILE,$23.94,1440875492291,"431,058",100% bearish,of 3 ratings,$27
INAP,$8.05,1440875492313,"239,819",75% bullish,of 4 ratings,$11
IBOC,$25.15,1440875492334,"154,160",100% bearish,of 1 rating,N/A
IIJI,$10,1440875492471,40,50% bullish,of 2 ratings,$11.50
ISCA,$31.97,1440875492498,"101,605",100% bearish,of 1 rating,N/A
PTNT,$2.91,1440875492625,"2,723",Not yet rated,NULL,N/A
INPH,$0.32,1440875492673,"162,928",50% bullish,of 2 ratings,N/A
XENT,$25.35,1440875492724,"141,556",50% bullish,of 2 ratings,$36.50
IGLD,$6.97,1440875492750,400,50% bullish,of 2 ratings,N/A
INTX,$2.03,1440875492779,"97,223",67% bullish,of 3 ratings,N/A
ISIL,$10.61,1440875492878,"483,071",50% bullish,of 6 ratings,$15
IILG,$19.97,1440875492906,"103,268",100% bearish,of 1 rating,$29
INTLL,$26.09,1440875492937,850,Not yet rated,NULL,N/A
IVAC,$4.86,1440875493035,"23,655",100% bearish,of 1 rating,$6.625
INTL,$25.81,1440875493081,"62,769",67% bearish,of 3 ratings,N/A
IIN,$6.39,1440875493131,"2,100",100% bearish,of 1 rating,$12
ITCI,$26.96,1440875493161,"275,633",75% bearish,of 4 ratings,$40
INTU,$86.21,1440875493187,"1,895,063",86% bullish,of 7 ratings,$107.50
ISRG,$514.24,1440875493322,"95,903",67% bullish,of 3 ratings,$600
SNAK,$8.68,1440875493366,"102,749",50% bullish,of 2 ratings,$14
INVT,$0.303,1440875493416,"213,959",67% bullish,of 3 ratings,N/A
ISTR,$15.6,1440875493548,841,100% bearish,of 1 rating,$18.50
ITIC,$71.15,1440875493582,"1,300",100% bearish,of 2 ratings,N/A
NVIV,$9.66,1440875493616,"133,271",50% bullish,of 4 ratings,$24.50
DTUL,NULL,1440875493678,0,Not yet rated,NULL,N/A
IPAS,$1.09,1440875493703,"49,183",67% bullish,of 3 ratings,N/A
ISBC,$11.75,1440875493731,"972,204",100% bullish,of 1 rating,$13.25
DFVL,NULL,1440875493865,0,Not yet rated,NULL,N/A
IPGP,$85.88,1440875494002,"250,042",100% bearish,of 2 ratings,$109.50
IRMD,$25.04,1440875494030,"11,245",67% bearish,of 3 ratings,$25
IRIX,$6.89,1440875494060,"7,546",100% bearish,of 1 rating,N/A
IRDM,$7.18,1440875494160,"400,499",60% bullish,of 5 ratings,$11.50
IPCM,$79.44,1440875494188,"119,808",50% bullish,of 2 ratings,$80.125
IRDMB,$279.5,1440875494215,320,67% bearish,of 3 ratings,N/A
IVTY,$14.61,1440875494253,"17,056",Not yet rated,NULL,$18
IRWD,$11.27,1440875494383,"1,082,384",100% bearish,of 1 rating,$13
IRBT,$29.29,1440875494419,"166,490",67% bullish,of 6 ratings,$37
IRCP,NULL,1440875494450,0,100% bullish,of 2 ratings,N/A
GNMA,$50.32,1440875494518,"3,187",Not yet rated,NULL,N/A
FCHI,NULL,1440875494543,0,NULL,NULL,NULL
COMT,$33.62,1440875494571,"23,140",100% bearish,of 1 rating,N/A
IFAS,NULL,1440875494703,0,NULL,NULL,NULL
IFGL,$28.61,1440875494785,"191,698",Not yet rated,NULL,N/A
IFNA,NULL,1440875494811,0,NULL,NULL,NULL
IFEU,$37.74,1440875494841,"4,879",Not yet rated,NULL,N/A
ACWX,$41.04,1440875494868,"692,879",100% bearish,of 1 rating,N/A
ACWI,$56.3,1440875494950,"1,578,362",Not yet rated,NULL,N/A
AAIT,NULL,1440875494993,0,NULL,NULL,NULL
AXJS,NULL,1440875495017,0,NULL,NULL,NULL
AAXJ,$53.8559,1440875495038,"3,183,887",Not yet rated,NULL,N/A
EEME,NULL,1440875495165,0,NULL,NULL,NULL
EEMA,$50.47,1440875495195,"37,087",Not yet rated,NULL,N/A
EMDI,NULL,1440875495251,0,NULL,NULL,NULL
EMEY,NULL,1440875495295,0,NULL,NULL,NULL
EVAL,NULL,1440875495354,0,NULL,NULL,NULL
EGRW,NULL,1440875495380,0,NULL,NULL,NULL
EEML,$27.61,1440875495437,"9,700",Not yet rated,NULL,N/A
EUFN,$21.85,1440875495565,"73,493",100% bearish,of 1 rating,N/A
UAE,$18.63,1440875495635,"11,900",Not yet rated,NULL,N/A
IEUS,$45.4,1440875495675,"5,456",100% bearish,of 1 rating,N/A
IBB,$353.28,1440875495696,"853,689",63% bullish,of 8 ratings,N/A
SOXX,$83.25,1440875495765,"380,264",50% bullish,of 2 ratings,N/A
QAT,$21.6,1440875495796,600,Not yet rated,NULL,N/A
EMIF,$28.87,1440875495817,"8,923",Not yet rated,NULL,N/A
WOOD,$48.3,1440875495946,"23,260",50% bullish,of 2 ratings,N/A
ICLN,$9.6,1440875495977,"14,518",50% bullish,of 2 ratings,N/A
ISHG,$79.35,1440875496044,"9,098",100% bearish,of 1 rating,N/A
INDY,$27.63,1440875496071,"140,732",50% bullish,of 2 ratings,N/A
IGOV,$90.85,1440875496125,"16,643",100% bearish,of 1 rating,N/A
ISIS,$51.5999,1440875496275,"782,005",53% bullish,of 15 ratings,$67
ITRI,$30.03,1440875496306,"194,687",100% bearish,of 1 rating,$37
ISRL,$131.04,1440875496355,465,100% bearish,of 1 rating,N/A
ISLE,$17.63,1440875496406,"140,146",50% bullish,of 4 ratings,$16
ITUS,$4.03,1440875496436,"7,850",Not yet rated,NULL,N/A
ITRN,$24.11,1440875496466,"1,416",50% bullish,of 2 ratings,N/A
XXIA,$15.17,1440875496491,"472,050",71% bullish,of 7 ratings,$14.625
IXYS,$11.14,1440875496537,"103,762",50% bullish,of 4 ratings,N/A
JJSF,$114.72,1440875496677,"29,311",100% bearish,of 1 rating,N/A
MAYS,$55.95,1440875496742,100,Not yet rated,NULL,N/A
JBHT,$73.51,1440875496778,"554,190",50% bullish,of 4 ratings,$89.50
JACK,$81.77,1440875496914,"189,732",83% bullish,of 6 ratings,$105
JCOM,$69.71,1440875496942,"185,842",100% bullish,of 2 ratings,$77
JKHY,$68.7938,1440875497015,"214,469",50% bullish,of 2 ratings,$72
JXSB,NULL,1440875497074,0,Not yet rated,NULL,N/A
JAXB,$13.31,1440875497105,90,100% bullish,of 1 rating,N/A
JASO,$7.9,1440875497126,"747,475",82% bullish,of 17 ratings,$10
JAKK,$9.42,1440875497160,"492,606",60% bearish,of 5 ratings,$11
JAGX,$3.44,1440875497203,"8,574",Not yet rated,NULL,N/A
JMBA,$13.95,1440875497292,"91,223",75% bullish,of 4 ratings,$18
ERW,NULL,1440875497423,0,Not yet rated,NULL,N/A
JASN,$4.93,1440875497457,"23,503",50% bullish,of 2 ratings,$9.50
JRVR,$26.79,1440875497479,"37,791",Not yet rated,NULL,$32
JAZZ,$171.501,1440875497509,"167,566",80% bullish,of 15 ratings,$206.50
JASNW,NULL,1440875497567,0,50% bullish,of 2 ratings,N/A
JBLU,$22.25,1440875497664,"2,629,199",94% bullish,of 18 ratings,$27
JD,$26.77,1440875497713,"4,905,314",75% bullish,of 16 ratings,$36
JTPY,$2.95,1440875497743,100,100% bearish,of 1 rating,N/A
JCTCF,NULL,1440875497772,0,100% bullish,of 1 rating,N/A
JST,$3.98,1440875497847,"7,252",75% bullish,of 4 ratings,N/A
DATE,$5.92,1440875497875,"93,636",75% bullish,of 4 ratings,$9
JIVE,$4.51,1440875497952,"258,687",75% bullish,of 4 ratings,$5
WYIGU,$10.2,1440875498018,6,Not yet rated,NULL,N/A
JBSS,$54.48,1440875498083,"71,680",67% bearish,of 3 ratings,N/A
JOUT,$23.41,1440875498153,"5,196",100% bearish,of 1 rating,$34
JOEZ,$0.17,1440875498215,"97,593",92% bullish,of 12 ratings,N/A
JNP,$10.93,1440875498244,"25,559",100% bullish,of 3 ratings,$15
KTWO,$21.65,1440875498345,"84,969",100% bearish,of 1 rating,$28.50
JUNO,$38.06,1440875498400,"681,045",73% bullish,of 11 ratings,$71.50
KNDI,$6.72,1440875498476,"254,671",86% bullish,of 22 ratings,N/A
KBIO,$2.01,1440875498509,"19,373",50% bullish,of 4 ratings,N/A
KALU,$83.24,1440875498531,"129,573",67% bearish,of 3 ratings,$91
KMDA,$3.48,1440875498552,"19,288",50% bullish,of 2 ratings,$8
KCLI,$46.85,1440875498591,"26,651",Not yet rated,NULL,N/A
