Symbol,Price,Date,Volume,Rating,RatingVoteCount,OneYearEstimate
FCCY,NULL,1441376402292,0,100% bullish,of 1 rating,$13
TFSCW,NULL,1441376402322,0,100% bearish,of 1 rating,N/A
FLWS,$8.69,1441376402358,"25,954",80% bullish,of 5 ratings,$15
TFSCU,NULL,1441376402379,0,Not yet rated,NULL,N/A
TFSCR,NULL,1441376402407,0,Not yet rated,NULL,N/A
FCTY,NULL,1441376402432,0,100% bullish,of 1 rating,$8.50
TFSC,NULL,1441376402458,0,100% bearish,of 1 rating,N/A
PIH,$7.56,1441376402479,"1,600",100% bearish,of 1 rating,N/A
TWOU,$34.74,1441376402643,"19,056",50% bullish,of 2 ratings,$39
SRCE,$29.76,1441376402681,"3,282",100% bullish,of 3 ratings,$33
UGLD,$8.92,1441376402775,"70,398",100% bearish,of 1 rating,N/A
JOBS,$26.025,1441376402844,"11,347",50% bullish,of 4 ratings,$36
DGLD,$84.1476,1441376402870,"1,972",100% bullish,of 1 rating,N/A
USLV,$12.3399,1441376402890,"86,458",86% bullish,of 7 ratings,N/A
DSLV,$69.0869,1441376402925,"5,870",100% bearish,of 1 rating,N/A
VNET,$17.65,1441376402947,"18,759",60% bullish,of 5 ratings,$35
EGHT,$7.74,1441376403356,"39,658",82% bullish,of 17 ratings,$11
SHLM,$32.41,1441376403386,"4,593",100% bearish,of 1 rating,$47
AVHI,$13.48,1441376403437,"158,827",100% bearish,of 1 rating,$19
SIXD,$2.71,1441376403458,"3,630",Not yet rated,NULL,N/A
CAFD,$15.095,1441376403491,"8,306",Not yet rated,NULL,$24.50
AAON,$19.81,1441376403593,"3,193",100% bearish,of 1 rating,$24
ABEO,$4.6,1441376403906,"4,842",50% bullish,of 4 ratings,$15.50
AXAS,$1.705,1441376404036,"77,228",78% bullish,of 9 ratings,$3.50
ABMD,$93.6,1441376404077,"35,397",75% bullish,of 4 ratings,$100.50
ABY,$21.6,1441376404106,"259,727",100% bearish,of 2 ratings,$46
ABAX,$46.93,1441376404128,"5,442",100% bearish,of 1 rating,$60
ACTG,$9.11,1441376404167,"16,851",67% bullish,of 3 ratings,$18.50
ABEOW,NULL,1441376404194,0,100% bullish,of 1 rating,N/A
ABGB,$4.9999,1441376404217,"14,111",67% bullish,of 3 ratings,$5.50
ACHC,$72.43,1441376404346,"30,310",50% bullish,of 2 ratings,$92
ACAD,$39.1679,1441376404447,"162,484",80% bullish,of 20 ratings,$48
XLRN,$28.6912,1441376404694,"10,395",50% bullish,of 2 ratings,$57
AXDX,$18.98,1441376404735,"4,874",100% bearish,of 1 rating,N/A
ACST,$0.3,1441376404760,"2,700",100% bullish,of 2 ratings,N/A
ANCX,$19.32,1441376404792,"1,618",Not yet rated,NULL,$20
VXUP,$1.6,1441376404818,"1,135",100% bearish,of 1 rating,N/A
ACET,$22.165,1441376404846,"14,916",75% bullish,of 4 ratings,$30
ARAY,$6.55,1441376404979,"29,752",100% bearish,of 1 rating,$10.50
VXDN,$1.76,1441376405003,835,100% bearish,of 1 rating,N/A
ACRX,$4.3099,1441376405065,"40,372",67% bearish,of 6 ratings,$7
AKAO,$6.95,1441376405143,"4,745",75% bullish,of 4 ratings,$15
ACIW,$21.24,1441376405196,"14,528",67% bearish,of 3 ratings,$24
ACHN,$7.63,1441376405272,"401,991",90% bullish,of 21 ratings,$16
ACNB,NULL,1441376405297,0,Not yet rated,NULL,N/A
ACOR,$31.9,1441376405547,"19,573",67% bearish,of 3 ratings,$38.50
ACTS,$1.59,1441376405595,"3,700",100% bearish,of 1 rating,N/A
ACPW,$2,1441376405620,"13,174",100% bullish,of 4 ratings,$3.25
ATVI,$28.2,1441376405678,"796,410",67% bullish,of 84 ratings,$31.50
ACUR,$2.91,1441376405707,"1,000",100% bullish,of 5 ratings,$5
ACTA,$13.89,1441376405756,"3,758",67% bearish,of 3 ratings,$25
ACXM,$20.55,1441376405810,"13,236",67% bullish,of 3 ratings,N/A
ADMP,$3.433,1441376405837,"5,202",50% bullish,of 2 ratings,$10
ADAP,$10.99,1441376406019,"3,167",67% bullish,of 3 ratings,$22
ADMS,$18.81,1441376406044,"4,494",100% bearish,of 2 ratings,$36
ADUS,$28.84,1441376406092,700,100% bearish,of 1 rating,$31
ADEP,$7.25,1441376406178,"4,350",50% bullish,of 2 ratings,$10.75
AEY,$2.369,1441376406248,"3,105",100% bearish,of 2 ratings,N/A
ADMA,$8.62,1441376406312,"6,957",Not yet rated,NULL,$19
ADBE,$77.75,1441376406387,"261,258",65% bullish,of 17 ratings,$90
ADTN,$15.62,1441376406522,"21,365",67% bullish,of 3 ratings,$17.125
AMD,$1.78,1441376406582,"412,211",83% bullish,of 103 ratings,$2
AEIS,$24.24,1441376406609,"8,769",50% bullish,of 2 ratings,$32.50
ADRO,$18.63,1441376406743,"3,827",80% bullish,of 5 ratings,$45.50
MULT,NULL,1441376406773,0,100% bearish,of 1 rating,N/A
ADXS,$13.42,1441376406798,"72,720",64% bullish,of 14 ratings,$27
YPRO,$22.85,1441376406875,479,100% bearish,of 1 rating,N/A
ADXSW,NULL,1441376406899,0,100% bullish,of 1 rating,N/A
AEGR,$17.86,1441376407029,"20,922",50% bullish,of 6 ratings,$26
AEHR,$2.27,1441376407077,16,50% bullish,of 2 ratings,N/A
AEGN,$17.79,1441376407158,"6,166",100% bearish,of 2 ratings,$21
AEPI,$56.29,1441376407186,"1,620",100% bearish,of 1 rating,N/A
AMTX,$3.02,1441376407206,"2,450",50% bullish,of 2 ratings,$26.11
AERI,$16.2501,1441376407374,"38,742",75% bullish,of 4 ratings,$31.50
AVAV,$20.59,1441376407437,"28,348",50% bullish,of 4 ratings,$28
AEZS,$0.0791,1441376407463,"4,489,769",90% bullish,of 21 ratings,$1.50
AFMD,$9.21,1441376407508,"9,718",50% bullish,of 4 ratings,$15
AEMD,$7.796,1441376407637,"14,305",Not yet rated,NULL,$27.50
AFFX,$9.12,1441376407691,"79,357",80% bullish,of 5 ratings,$12.50
AGEN,$6.87,1441376407733,"61,906",85% bullish,of 13 ratings,$14
AGYS,$9.47,1441376407769,"1,444",100% bearish,of 1 rating,N/A
AGRX,$8.13,1441376407822,"1,680",100% bearish,of 1 rating,$17.50
AGIO,$83.84,1441376407932,"17,222",88% bullish,of 8 ratings,$114
AGFS,$9.8,1441376407959,"17,067",100% bearish,of 1 rating,N/A
AGFSW,$1.9,1441376408039,100,100% bearish,of 2 ratings,N/A
AIMT,$22.3,1441376408167,"30,336",Not yet rated,NULL,$35.50
AIRM,$36.02,1441376408216,"24,177",80% bearish,of 5 ratings,$53
AIRT,NULL,1441376408241,0,100% bullish,of 1 rating,N/A
ATSG,$8.88,1441376408272,"17,264",67% bullish,of 3 ratings,$13
AMCN,$4.57,1441376408374,"3,808",83% bullish,of 6 ratings,N/A
AKAM,$72.52,1441376408443,"174,935",63% bullish,of 8 ratings,$77.50
AKBA,$6.59,1441376408504,"32,700",100% bearish,of 1 rating,$18
AIXG,$6.52,1441376408637,"3,003",67% bearish,of 3 ratings,$5.25
AKER,NULL,1441376408665,0,Not yet rated,NULL,N/A
AKRX,$38.51,1441376408699,"23,310",78% bullish,of 9 ratings,$56
ALRM,$16.23,1441376408738,"7,042",100% bearish,of 1 rating,$22
AMRI,$19.94,1441376408794,"8,088",75% bearish,of 4 ratings,$24
ALSK,$2.22,1441376408925,"3,925",78% bullish,of 18 ratings,$2
ADHD,$7.53,1441376409018,"27,305",50% bullish,of 4 ratings,$18
ABDC,$12.7275,1441376409056,"1,438",Not yet rated,NULL,$15
ALDR,$40.745,1441376409084,"41,417",67% bearish,of 3 ratings,$62
ALXN,$173.09,1441376409161,"224,870",88% bullish,of 8 ratings,$223.50
ALDX,$7.08,1441376409212,337,100% bearish,of 1 rating,$14.50
ALXA,$1.165,1441376409346,"42,060",83% bullish,of 6 ratings,$2.125
ALIM,$2.91,1441376409406,"27,313",80% bullish,of 5 ratings,$10
ALKS,$64.161,1441376409434,"61,111",67% bullish,of 3 ratings,$75
ALCO,$42.22,1441376409487,"1,919",50% bullish,of 2 ratings,N/A
ALLB,$22.9,1441376409568,204,Not yet rated,NULL,N/A
ALGN,$54.498,1441376409603,"58,066",100% bearish,of 2 ratings,$73
AFOP,$18.791,1441376409703,"9,318",75% bullish,of 8 ratings,$21
ALGT,$203.97,1441376409732,"27,039",100% bearish,of 2 ratings,$235
AIQ,$14.345,1441376409833,"1,282",67% bullish,of 3 ratings,N/A
AHGP,$35.47,1441376410009,"8,244",67% bullish,of 3 ratings,N/A
ARLP,$24.65,1441376410038,"5,815",67% bearish,of 3 ratings,$32
AMOT,$18.04,1441376410065,"17,275",100% bearish,of 1 rating,N/A
AHPI,NULL,1441376410097,0,50% bullish,of 2 ratings,N/A
ALQA,$4.56,1441376410196,"5,067",75% bullish,of 4 ratings,$8.50
ALLT,$5.01,1441376410225,"9,198",75% bullish,of 4 ratings,$6.25
MDRX,$13.04,1441376410256,"106,662",60% bullish,of 5 ratings,$16
AFAM,$44.66,1441376410330,"1,899",50% bullish,of 2 ratings,$44
AOSL,$8.03,1441376410493,"2,130",67% bullish,of 3 ratings,$9
SMCP,NULL,1441376410550,0,Not yet rated,NULL,N/A
ATEC,$0.5899,1441376410625,"3,039",100% bullish,of 1 rating,$2
ALTR,$48.78,1441376410678,"223,474",80% bearish,of 5 ratings,$54
ALNY,$98.91,1441376410703,"33,969",67% bullish,of 3 ratings,$151.50
ASPS,$26.04,1441376410754,"11,027",67% bullish,of 3 ratings,$46.50
AIMC,$23.47,1441376410889,"17,108",100% bearish,of 2 ratings,$28.50
AMZN,$499.88,1441376411070,"256,698",81% bullish,of 267 ratings,$646
AMAG,$60.56,1441376411131,"66,075",100% bullish,of 2 ratings,$75
AMRN,$2.3199,1441376411161,"170,638",85% bullish,of 40 ratings,$8
AMBC,$16.28,1441376411190,"14,215",100% bearish,of 1 rating,$16.50
AMRK,NULL,1441376411211,0,50% bullish,of 2 ratings,$14
AMBCW,NULL,1441376411262,0,100% bearish,of 1 rating,N/A
AMBA,$74.1201,1441376411467,"1,299,438",77% bullish,of 13 ratings,$102.50
AYA,$20.65,1441376411528,"2,080",100% bearish,of 1 rating,$40
AMCX,$71.09,1441376411599,"49,414",67% bullish,of 3 ratings,$87.50
AMDA,$0.4781,1441376411625,"82,994",90% bullish,of 10 ratings,$1
DOX,$56.25,1441376411646,"29,860",67% bearish,of 3 ratings,$60
EPAX,$2.685,1441376411678,"27,344",100% bearish,of 1 rating,N/A
AMED,$39.875,1441376411827,"14,521",100% bearish,of 1 rating,$42
UHAL,$373.89,1441376411877,"1,358",100% bullish,of 2 ratings,$393.50
ASBI,$22.73,1441376411966,100,Not yet rated,NULL,N/A
AAL,$40.96,1441376412008,"1,265,426",93% bullish,of 88 ratings,$57
AMOV,NULL,1441376412100,0,100% bearish,of 1 rating,N/A
AGNC,$18.955,1441376412200,"218,217",71% bullish,of 28 ratings,$22
ATAX,$5.301,1441376412231,"5,755",100% bullish,of 1 rating,$6.50
AGNCB,$24.29,1441376412331,201,Not yet rated,NULL,N/A
AGNCP,$25.2,1441376412398,100,Not yet rated,NULL,N/A
MTGEP,$24.25,1441376412423,1,Not yet rated,NULL,N/A
MTGE,$14.985,1441376412448,"37,041",75% bullish,of 4 ratings,$19.50
ACAS,$13.71,1441376412593,"79,698",60% bullish,of 5 ratings,$16.75
ACSF,$12.21,1441376412621,"1,180",100% bearish,of 1 rating,$15
AMIC,NULL,1441376412858,0,100% bearish,of 1 rating,N/A
AMNB,$23.19,1441376412889,"2,286",Not yet rated,NULL,$25.50
AETI,NULL,1441376412991,0,67% bearish,of 3 ratings,N/A
ANCI,NULL,1441376413036,0,100% bearish,of 1 rating,N/A
ANAT,$99.5,1441376413086,"9,565",100% bullish,of 1 rating,N/A
APEI,$21.52,1441376413280,"1,677",100% bearish,of 1 rating,$25.50
ASEI,$39.06,1441376413339,478,100% bearish,of 1 rating,$52.50
AMRB,NULL,1441376413370,0,Not yet rated,NULL,$11
AMSC,$4.98,1441376413397,"2,421",50% bullish,of 4 ratings,N/A
ARII,$39.86,1441376413474,"17,465",67% bearish,of 3 ratings,$45
AMWD,$67,1441376413505,"9,465",50% bullish,of 2 ratings,$70
AMSWA,$8.803,1441376413534,"1,103",100% bearish,of 2 ratings,$10.75
CRMT,$35.25,1441376413559,"3,223",100% bearish,of 1 rating,$38
ABCB,$27.1,1441376413741,"3,492",Not yet rated,NULL,$31
AMSF,$46.09,1441376413806,"2,822",Not yet rated,NULL,$57.50
ASRV,$3.21,1441376413879,204,100% bullish,of 2 ratings,N/A
ASRVP,NULL,1441376414011,0,Not yet rated,NULL,N/A
ATLO,$22.43,1441376414040,536,Not yet rated,NULL,N/A
AMGN,$147.8,1441376414146,"284,478",89% bullish,of 19 ratings,$185
AMKR,$5.315,1441376414172,"90,768",100% bearish,of 2 ratings,$5
AMPH,$13.391,1441376414215,"17,888",50% bullish,of 2 ratings,$20
FOLD,$15.26,1441376414244,"149,856",56% bullish,of 9 ratings,$21
AMSGP,NULL,1441376414317,0,Not yet rated,NULL,N/A
AMSG,$78.5328,1441376414345,"20,434",100% bearish,of 1 rating,$85.50
AFSI,$57.55,1441376414482,"15,182",60% bullish,of 5 ratings,$72
ASYS,$5.26,1441376414511,"1,420",67% bullish,of 3 ratings,$12
AMRS,$1.736,1441376414587,"3,395",70% bullish,of 10 ratings,N/A
ANAC,$133.7321,1441376414646,"25,431",80% bullish,of 5 ratings,$180.50
ANAD,$0.3146,1441376414719,"16,400",100% bullish,of 2 ratings,$.50
ADI,$54.42,1441376414887,"124,673",75% bullish,of 4 ratings,$69
ALOG,$80.59,1441376414918,"2,321",100% bearish,of 2 ratings,$100.50
ANCB,NULL,1441376414973,0,Not yet rated,NULL,$23
ANGI,$5.03,1441376415019,"25,667",64% bullish,of 11 ratings,$5.50
ABCW,$40.47,1441376415151,"1,022",67% bullish,of 3 ratings,N/A
AMCF,NULL,1441376415178,0,NULL,NULL,NULL
ANIP,$52.23,1441376415201,"9,923",89% bullish,of 19 ratings,$66
ANGO,$14.52,1441376415222,"7,283",67% bullish,of 3 ratings,$19
ANIK,$35.49,1441376415356,"7,634",60% bullish,of 5 ratings,$51.25
ANSS,$89.745,1441376415406,"30,292",100% bearish,of 1 rating,$100
ATRS,$1.81,1441376415438,"98,442",92% bullish,of 12 ratings,$4.50
ANTH,$7.09,1441376415536,"89,883",80% bullish,of 10 ratings,$13
ATNY,NULL,1441376415565,0,50% bullish,of 2 ratings,$3.75
ABAC,$0.85,1441376415695,100,100% bearish,of 1 rating,N/A
APIC,$6.46,1441376415826,"2,053",100% bearish,of 1 rating,$19
APOG,$52.07,1441376415857,"4,804",50% bullish,of 2 ratings,$67
APOL,$10.92,1441376415885,"62,560",87% bearish,of 68 ratings,$14
AAPL,$109.4536,1441376415910,"6,653,802",86% bullish,of 2363 ratings,$150
APPF,$16.3,1441376415958,"3,158",50% bullish,of 2 ratings,$22
ARCI,$1.19,1441376416062,"2,600",Not yet rated,NULL,N/A
AINV,$6.4399,1441376416090,"73,035",50% bullish,of 4 ratings,$8
APDNW,NULL,1441376416231,0,Not yet rated,NULL,N/A
APDN,$3.36,1441376416264,"4,252",Not yet rated,NULL,$9
AGTC,$16.07,1441376416288,"3,688",50% bullish,of 2 ratings,$33
AMAT,$15.565,1441376416366,"1,153,903",82% bullish,of 11 ratings,$23
AMCC,$5.68,1441376416514,"30,854",80% bullish,of 5 ratings,$8
AAOI,$20.41,1441376416588,"11,182",50% bullish,of 4 ratings,$26
APRI,$1.55,1441376416649,"50,848",83% bullish,of 6 ratings,$4.86
AREX,$2.36,1441376416674,"128,240",50% bullish,of 2 ratings,$3
AQXP,$15.8299,1441376416734,"49,181",50% bullish,of 2 ratings,$2
APTO,$5.21,1441376416819,2,Not yet rated,NULL,$17
AQMS,$5,1441376416867,800,Not yet rated,NULL,N/A
AUMAU,NULL,1441376417009,0,Not yet rated,NULL,N/A
ARDM,NULL,1441376417037,0,100% bullish,of 1 rating,$26
AUMAW,NULL,1441376417093,0,Not yet rated,NULL,N/A
AUMA,$9.85,1441376417118,200,Not yet rated,NULL,N/A
PETX,$17.66,1441376417281,"6,569",100% bearish,of 2 ratings,$26
ABUS,$7.125,1441376417310,"65,975",86% bullish,of 14 ratings,$21.50
ARCW,$3.45,1441376417342,450,100% bearish,of 2 ratings,$10.50
ABIO,$5.99,1441376417441,"6,669",50% bullish,of 2 ratings,$3.75
RKDA,$5.48,1441376417527,618,100% bearish,of 2 ratings,$10
ARCB,$28.46,1441376417580,"10,641",67% bearish,of 3 ratings,$39.50
ACGL,$68.5,1441376417688,"25,839",50% bullish,of 2 ratings,$72
ARDX,$18.5,1441376417747,"2,924",50% bullish,of 2 ratings,$24.50
ACAT,$25.6,1441376417775,"9,128",100% bearish,of 3 ratings,$33
ARNA,$2.74,1441376417818,"136,169",90% bullish,of 78 ratings,$5.50
ARCC,$15.395,1441376417880,"163,879",67% bearish,of 3 ratings,$17.75
AGII,$54.7,1441376417947,"2,268",Not yet rated,NULL,$59.50
AGIIL,$25.06,1441376418022,62,Not yet rated,NULL,N/A
ARGS,$6.2148,1441376418128,502,50% bullish,of 2 ratings,$19.50
ARIS,$3.69,1441376418176,100,Not yet rated,NULL,$4.50
ARKR,$25.46,1441376418277,400,50% bullish,of 2 ratings,N/A
ARIA,$8,1441376418345,"1,615,463",87% bullish,of 46 ratings,$9
ARMH,$42.945,1441376418428,"208,791",54% bearish,of 13 ratings,$60
ARTX,$1.4,1441376418460,"12,800",88% bullish,of 16 ratings,$4.50
ARWA,NULL,1441376418488,0,Not yet rated,NULL,N/A
ARWAR,NULL,1441376418562,0,Not yet rated,NULL,N/A
ARWAW,NULL,1441376418589,0,Not yet rated,NULL,N/A
ARWAU,$10.2,1441376418619,100,100% bullish,of 1 rating,N/A
ARQL,$1.69,1441376418666,"3,112",75% bullish,of 4 ratings,$5
ARRS,$26.0871,1441376418848,"74,399",50% bullish,of 2 ratings,$38
ARRY,$5.78,1441376418875,"95,798",100% bullish,of 7 ratings,$10
AROW,$27.15,1441376419003,602,Not yet rated,NULL,N/A
ARWR,$5.34,1441376419100,"176,843",75% bullish,of 4 ratings,$10.50
ARTNA,$21.6916,1441376419229,"2,086",100% bearish,of 1 rating,$29
ASBB,NULL,1441376419256,0,Not yet rated,NULL,N/A
ARTW,NULL,1441376419282,0,75% bearish,of 4 ratings,N/A
ASNA,$12.009,1441376419312,"212,021",50% bullish,of 2 ratings,$18
DWAT,$9.72,1441376419420,"2,400",100% bearish,of 1 rating,N/A
ASTI,$0.2151,1441376419480,"1,306,177",83% bullish,of 6 ratings,$3
ASND,$19.31,1441376419507,"4,002",50% bullish,of 2 ratings,$30
ASCMA,$26.91,1441376419536,"2,499",100% bearish,of 1 rating,$45
ASMI,NULL,1441376419579,0,NULL,NULL,NULL
APWC,$1.64,1441376419672,404,100% bearish,of 1 rating,N/A
ASML,$90.94,1441376419746,"60,606",50% bullish,of 4 ratings,$127
AZPN,$38.3,1441376419773,"40,878",50% bullish,of 2 ratings,$42
ASMB,$13.25,1441376419938,"6,619",67% bullish,of 3 ratings,N/A
ASFI,$8.8,1441376420071,800,100% bullish,of 1 rating,N/A
ALOT,NULL,1441376420124,0,100% bearish,of 1 rating,N/A
ASTC,$2.19,1441376420153,"1,307",100% bullish,of 5 ratings,N/A
ASTE,$38.04,1441376420204,"2,956",100% bearish,of 1 rating,$49
ATRO,$49.76,1441376420233,"10,057",100% bearish,of 2 ratings,$80
ASUR,NULL,1441376420263,0,50% bullish,of 2 ratings,$8
ATAI,$2.35,1441376420331,"1,300",100% bearish,of 1 rating,N/A
ATHN,$133.21,1441376420540,"17,426",67% bearish,of 3 ratings,$153
ATHX,$1.14,1441376420620,"10,151",89% bullish,of 9 ratings,$5
AAPC,$10.1,1441376420649,7,Not yet rated,NULL,N/A
ATRA,$43.979,1441376420708,"10,643",50% bullish,of 2 ratings,$68
AFCB,NULL,1441376420755,0,Not yet rated,NULL,N/A
AAME,NULL,1441376420788,0,Not yet rated,NULL,N/A
ATNI,$72.8,1441376420973,"1,544",100% bearish,of 1 rating,$69.50
ATLC,$3.83,1441376421043,400,67% bullish,of 3 ratings,N/A
AAWW,$37.94,1441376421072,"26,481",50% bullish,of 2 ratings,$65
ACFC,$5.48,1441376421102,247,100% bearish,of 1 rating,$6.50
AFH,$16.1042,1441376421128,"4,176",Not yet rated,NULL,$21.50
ATOS,$0.8795,1441376421174,"43,781",100% bullish,of 7 ratings,$7
ATML,$7.89,1441376421265,"792,627",78% bullish,of 9 ratings,$9.50
ATRC,$23.83,1441376421329,"12,700",100% bullish,of 1 rating,$30
ATRI,$371.95,1441376421395,504,Not yet rated,NULL,N/A
ATRM,NULL,1441376421487,0,50% bullish,of 2 ratings,N/A
ATTU,$12.8,1441376421630,"2,309",100% bearish,of 1 rating,$20.50
AUBN,$26.5,1441376421715,700,Not yet rated,NULL,N/A
LIFE,$14.35,1441376421787,"3,841",86% bullish,of 7 ratings,$43
AUDC,$3.215,1441376421841,"2,600",80% bullish,of 5 ratings,$5
AUPH,$3.3122,1441376421868,"2,051",100% bearish,of 1 rating,$8
EARS,$4.36,1441376421894,"1,000",100% bearish,of 2 ratings,$11
ABTL,$18.56,1441376421923,"6,752",100% bullish,of 4 ratings,$20.25
ADAT,$0.3297,1441376421949,"158,104",100% bullish,of 2 ratings,N/A
ADP,$76.46,1441376422076,"241,185",100% bearish,of 1 rating,$88
ADSK,$45.69,1441376422106,"175,034",67% bullish,of 6 ratings,$66
AVGO,$122.58,1441376422181,"305,187",88% bullish,of 8 ratings,$165
AAVL,$10.06,1441376422315,"27,350",100% bearish,of 1 rating,$20
AVNU,NULL,1441376422348,0,Not yet rated,NULL,$14
AVEO,$1.3299,1441376422489,"89,095",75% bullish,of 8 ratings,$3
AVID,$8.69,1441376422591,"34,515",100% bearish,of 1 rating,$20
AVNW,$1.17,1441376422637,"19,130",50% bullish,of 2 ratings,N/A
AVGR,$14.6,1441376422664,"1,978",100% bearish,of 1 rating,$20
CAR,$43.39,1441376422689,"170,754",80% bullish,of 5 ratings,$60
ACLS,$3.23,1441376422843,"19,837",67% bullish,of 6 ratings,$4.75
AXPWW,NULL,1441376422873,0,Not yet rated,NULL,N/A
AWRE,$3.23,1441376422894,"3,696",67% bullish,of 3 ratings,N/A
AXGN,$4.59,1441376422971,"4,350",Not yet rated,NULL,$5
AXPW,$2.0375,1441376423025,"63,326",86% bullish,of 7 ratings,N/A
AXTI,NULL,1441376423066,0,50% bullish,of 2 ratings,$2.75
BCOM,NULL,1441376423095,0,100% bearish,of 1 rating,N/A
RILY,NULL,1441376423202,0,Not yet rated,NULL,N/A
BIDU,$145.44,1441376423360,"292,942",81% bullish,of 88 ratings,$210
BOSC,$2.07,1441376423390,"1,900",50% bullish,of 2 ratings,N/A
BEAV,$49.0425,1441376423432,"55,939",67% bearish,of 3 ratings,$59
BWINA,NULL,1441376423496,0,Not yet rated,NULL,N/A
BWINB,$22.32,1441376423587,866,Not yet rated,NULL,N/A
BCPC,$56.75,1441376423624,"13,018",100% bearish,of 1 rating,$75
BLDP,$1.31,1441376423723,"24,854",91% bullish,of 22 ratings,$2.50
BANF,$59.205,1441376423749,301,Not yet rated,NULL,$68
BANFP,$26.8,1441376423828,266,Not yet rated,NULL,N/A
BKMU,$6.8996,1441376423928,"2,629",Not yet rated,NULL,$8
BOCH,$5.72,1441376424007,95,Not yet rated,NULL,$6.50
BMRC,$48.25,1441376424060,"1,884",Not yet rated,NULL,$52
BKSC,NULL,1441376424142,0,Not yet rated,NULL,N/A
OZRK,$40.66,1441376424213,"9,339",67% bullish,of 3 ratings,$49.50
BOTJ,NULL,1441376424271,0,Not yet rated,NULL,N/A
BANR,$44.07,1441376424421,"13,085",100% bullish,of 3 ratings,$50
BWFG,$17.93,1441376424453,100,100% bearish,of 1 rating,N/A
BFIN,$12.03,1441376424475,"1,766",Not yet rated,NULL,$13
BHAC,NULL,1441376424527,0,Not yet rated,NULL,N/A
TAPR,$32.56,1441376424557,600,100% bearish,of 1 rating,N/A
BZUN,$5.16,1441376424618,"23,864",50% bullish,of 2 ratings,$11.50
BHACR,NULL,1441376424680,0,Not yet rated,NULL,N/A
BHACU,NULL,1441376424784,0,Not yet rated,NULL,N/A
BHACW,NULL,1441376424888,0,Not yet rated,NULL,N/A
BSET,$28.2,1441376424954,"7,100",100% bearish,of 1 rating,$35
BYBK,NULL,1441376424978,0,100% bearish,of 1 rating,N/A
BBSI,$34.2128,1441376425122,"2,926",67% bearish,of 3 ratings,$62.50
BV,$5.05,1441376425150,"24,485",67% bullish,of 6 ratings,$8.75
BYLK,$12.84,1441376425210,300,Not yet rated,NULL,$14
BBCN,$14.195,1441376425321,"13,817",100% bearish,of 1 rating,$16
BDCV,$4.832,1441376425413,"1,003",100% bearish,of 1 rating,$10.19
BSF,$8.42,1441376425441,"2,242",Not yet rated,NULL,N/A
BECN,$35.47,1441376425469,"14,755",50% bullish,of 2 ratings,$40
BCBP,$11.31,1441376425600,42,Not yet rated,NULL,N/A
BEBE,$1.15,1441376425650,"223,119",75% bullish,of 4 ratings,$2.125
BBGI,$3.95,1441376425675,"1,019",100% bearish,of 1 rating,N/A
BBBY,$61.79,1441376425735,"95,829",71% bullish,of 7 ratings,$75
BELFA,$15,1441376425927,12,100% bearish,of 1 rating,N/A
BELFB,$18.06,1441376425953,877,100% bearish,of 1 rating,N/A
BLPH,$4.14,1441376425997,"3,013",100% bearish,of 1 rating,$12.50
BNTC,NULL,1441376426130,0,100% bullish,of 1 rating,N/A
BLCM,$15.995,1441376426160,"10,711",50% bullish,of 4 ratings,$40
BNFT,$35.97,1441376426263,"4,224",67% bullish,of 3 ratings,$46
BNCL,$12.425,1441376426392,"18,950",100% bullish,of 3 ratings,$12.50
BGFV,$11.22,1441376426420,"21,347",57% bullish,of 7 ratings,$12
BGMD,$0.62,1441376426446,"15,867",100% bullish,of 10 ratings,N/A
BGCP,$8.76,1441376426575,"100,522",88% bullish,of 8 ratings,$14
BIND,$4.88,1441376426654,"5,243",75% bullish,of 4 ratings,$13.50
ORPN,$5.563,1441376426756,819,100% bullish,of 1 rating,$28.50
BASI,$1.6358,1441376426790,200,Not yet rated,NULL,N/A
BCDA,NULL,1441376426811,0,Not yet rated,NULL,N/A
BIOC,$2.06,1441376426845,"67,662",83% bullish,of 6 ratings,$3.85
BCRX,$11.44,1441376426884,"47,444",63% bullish,of 8 ratings,$18
BIOD,$0.715,1441376426942,516,80% bullish,of 5 ratings,$4
BIIB,$299.91,1441376426971,"143,010",88% bullish,of 16 ratings,$400
BDSI,$6.38,1441376427022,"142,745",88% bullish,of 8 ratings,$17
BIOL,$1.55,1441376427236,"2,908",Not yet rated,NULL,N/A
BLRX,$1.7007,1441376427264,"55,539",100% bullish,of 12 ratings,$5
BLFS,$2.4,1441376427289,"35,612",100% bearish,of 1 rating,$4.75
BVXV,$3.6601,1441376427425,"5,292",Not yet rated,NULL,N/A
BVXVW,NULL,1441376427475,0,100% bearish,of 1 rating,N/A
BRLI,NULL,1441376427556,0,NULL,NULL,NULL
BPTH,$1.11,1441376427609,"3,004",100% bullish,of 2 ratings,$5
BIOS,$2.425,1441376427635,"81,842",71% bullish,of 7 ratings,$4
BMRN,$125.87,1441376427656,"54,704",80% bullish,of 5 ratings,$160
BBC,$31.11,1441376427789,"1,408",Not yet rated,NULL,N/A
BBP,$31.99,1441376427817,"8,213",Not yet rated,NULL,N/A
BOTA,$2.14,1441376427845,3,88% bullish,of 8 ratings,N/A
BSPM,$0.6803,1441376427992,"3,300",50% bullish,of 2 ratings,N/A
BSTC,$47.46,1441376428033,"1,891",100% bearish,of 1 rating,$76
BEAT,$15.72,1441376428161,"70,666",67% bearish,of 3 ratings,$15
TECH,$91.84,1441376428246,"15,522",100% bullish,of 1 rating,$117
BDMS,NULL,1441376428348,0,100% bearish,of 1 rating,N/A
BJRI,$44.29,1441376428378,"9,398",50% bullish,of 2 ratings,$55
BITI,$16.55,1441376428451,"3,125",100% bullish,of 1 rating,$28
BDE,$7.45,1441376428480,"5,001",50% bullish,of 2 ratings,$9
HAWK,$39.4,1441376428556,"7,106",91% bullish,of 11 ratings,$49
BBRY,$7.52,1441376428586,"2,384,762",61% bullish,of 331 ratings,$9
BBOX,$14.76,1441376428634,"1,988",100% bearish,of 1 rating,N/A
BKCC,$9.3576,1441376428683,"36,830",50% bullish,of 2 ratings,$10
BLKB,$56.925,1441376428913,"12,537",100% bearish,of 2 ratings,$66
ADRA,$26.27,1441376429149,998,100% bearish,of 1 rating,N/A
ADRD,$21.34,1441376429181,804,100% bearish,of 1 rating,N/A
ADRE,$28.93,1441376429250,663,100% bearish,of 1 rating,N/A
BLMN,$20.56,1441376429624,"24,049",83% bullish,of 6 ratings,$27.50
BLBD,$11.58,1441376429659,490,Not yet rated,NULL,N/A
ADRU,$21.15,1441376429679,662,100% bearish,of 1 rating,N/A
BCOR,$13.39,1441376429708,"17,694",57% bullish,of 7 ratings,$15
BUFF,$23.725,1441376429755,"78,015",77% bullish,of 13 ratings,$31.50
BBLU,$0.8201,1441376429853,"9,248",100% bullish,of 2 ratings,$4.43
BHBK,$13.83,1441376429883,"10,376",100% bullish,of 1 rating,$14.50
NILE,$33.9,1441376429908,"2,381",50% bullish,of 2 ratings,$34
BLUE,$131.72,1441376430060,"35,562",71% bullish,of 7 ratings,$217.50
BKEP,$6.46,1441376430097,"2,048",100% bearish,of 1 rating,$8.50
BKEPP,NULL,1441376430193,0,100% bearish,of 1 rating,N/A
BPMC,$27.49,1441376430218,"6,984",50% bullish,of 2 ratings,$47.50
BNCN,$20.81,1441376430261,"2,324",Not yet rated,NULL,$24
BOFI,$113.6771,1441376430367,"67,609",100% bullish,of 6 ratings,$144
WIFI,$7.48,1441376430413,"9,230",50% bullish,of 2 ratings,$13.50
BOBE,$44.89,1441376430438,"36,327",75% bullish,of 4 ratings,$57
BONA,$11.16,1441376430574,"8,766",75% bullish,of 4 ratings,$8.50
BOJA,$20.75,1441376430602,"20,093",100% bullish,of 1 rating,$30
BOKF,$61.81,1441376430628,"6,314",100% bearish,of 1 rating,$69
BNSO,NULL,1441376430679,0,100% bearish,of 1 rating,N/A
BAMM,$3.1938,1441376430854,757,60% bullish,of 5 ratings,N/A
BPFHP,NULL,1441376430883,0,100% bearish,of 1 rating,N/A
BPFH,$11.75,1441376430904,"30,183",100% bearish,of 1 rating,$14
BPFHW,NULL,1441376430955,0,100% bearish,of 1 rating,N/A
EPAY,$26.4,1441376431148,"8,578",100% bearish,of 2 ratings,$30
BDBD,$8.38,1441376431209,"32,329",60% bullish,of 5 ratings,$10
BCLI,$3.1301,1441376431238,"4,092",80% bullish,of 5 ratings,$12
BBRG,$12.34,1441376431343,"2,100",67% bullish,of 3 ratings,$14.50
BBEPP,$14.2365,1441376431373,"1,775",50% bullish,of 2 ratings,N/A
BBEP,$2.6257,1441376431398,"125,434",69% bullish,of 13 ratings,$5.625
BRID,$8.1,1441376431425,2,100% bearish,of 1 rating,N/A
BLIN,$1.7799,1441376431452,"55,023",50% bullish,of 2 ratings,$2.20
BRCM,$51.01,1441376431595,"278,858",69% bullish,of 13 ratings,$56
BCOV,$5.2,1441376431736,"7,749",67% bullish,of 3 ratings,$10.20
BSFT,$32.015,1441376431762,"9,040",57% bullish,of 7 ratings,$40.50
BDGE,$26.01,1441376431796,"2,567",Not yet rated,NULL,$31.75
BVSN,$5.82,1441376431892,600,60% bearish,of 5 ratings,N/A
BYFC,NULL,1441376431943,0,50% bullish,of 2 ratings,N/A
BWEN,$3.15,1441376431974,"3,090",75% bullish,of 4 ratings,$8
BRCD,$10.2536,1441376432080,"165,736",92% bullish,of 13 ratings,$12
BRKL,$10.465,1441376432183,"27,710",100% bearish,of 1 rating,$12
BRKR,$17.92,1441376432229,"52,170",100% bearish,of 2 ratings,$22
BMTC,$29.06,1441376432359,"3,966",Not yet rated,NULL,$34
BRKS,$10.23,1441376432385,"8,496",67% bullish,of 3 ratings,$15.25
BLMT,$20.75,1441376432406,228,Not yet rated,NULL,N/A
BSQR,$6.11,1441376432600,"1,962",67% bullish,of 3 ratings,N/A
BWLD,$195.6,1441376432629,"23,435",82% bullish,of 11 ratings,$205
BLDR,$15.27,1441376432655,"69,804",67% bullish,of 3 ratings,$22
CHRW,$67.67,1441376432728,"91,030",Not yet rated,NULL,$72
CA,$27.0793,1441376432791,"250,548",50% bullish,of 4 ratings,$33
BUR,NULL,1441376432816,0,100% bearish,of 1 rating,$8
CFFI,NULL,1441376432845,0,100% bearish,of 1 rating,N/A
CCMP,$42.58,1441376433014,"2,207",50% bullish,of 2 ratings,$59
CDNS,$20.34,1441376433047,"132,502",75% bullish,of 4 ratings,$22.50
CDZI,$7.35,1441376433153,"9,022",100% bearish,of 1 rating,N/A
CZR,$9.31,1441376433259,"60,706",60% bearish,of 5 ratings,$10.50
CSTE,$39.2,1441376433287,"5,842",50% bullish,of 2 ratings,$65
CACQ,$7.1,1441376433312,"23,268",100% bearish,of 1 rating,$12.25
PRSS,$4.46,1441376433455,"2,552",80% bullish,of 5 ratings,$4.50
CLBS,$1.7299,1441376433487,"13,908",79% bullish,of 14 ratings,$4
CLMS,$9.44,1441376433509,"28,767",Not yet rated,NULL,$10.50
CHY,$11.04,1441376433541,"18,229",Not yet rated,NULL,N/A
CCD,$19.25,1441376433588,"4,232",Not yet rated,NULL,N/A
CHI,$10.3056,1441376433687,"39,377",100% bearish,of 1 rating,N/A
CFGE,NULL,1441376433714,0,Not yet rated,NULL,N/A
CSQ,$9.7,1441376433846,"66,362",Not yet rated,NULL,N/A
CHW,$7.385,1441376433877,"30,422",100% bearish,of 1 rating,N/A
CGO,$11.92,1441376433898,"3,856",100% bearish,of 1 rating,N/A
CAMP,$16,1441376433979,"55,048",88% bullish,of 8 ratings,$25
CVGW,$48.69,1441376434172,"69,599",50% bullish,of 2 ratings,$62
CALA,$6.23,1441376434204,"48,741",67% bullish,of 3 ratings,$19.50
CFNB,NULL,1441376434244,0,100% bearish,of 1 rating,N/A
CALM,$52.61,1441376434308,"28,421",80% bullish,of 5 ratings,$63.50
ABCD,$5.0196,1441376434335,"11,806",83% bullish,of 6 ratings,N/A
CLMT,$25.595,1441376434364,"22,180",75% bullish,of 8 ratings,$31
CALD,$16.02,1441376434385,"43,321",100% bearish,of 1 rating,$21
CAMBU,NULL,1441376434417,0,100% bearish,of 1 rating,N/A
CAMB,NULL,1441376434579,0,Not yet rated,NULL,N/A
CAMBW,NULL,1441376434604,0,Not yet rated,NULL,N/A
CAC,$40,1441376434782,"2,509",Not yet rated,NULL,N/A
CSIQ,$18.58,1441376434813,"142,640",86% bullish,of 28 ratings,$42.50
CAMT,$2.6,1441376434867,"3,619",73% bullish,of 11 ratings,$4
CGIX,$9.9328,1441376434918,590,67% bullish,of 3 ratings,$14.375
CBNJ,$11.05,1441376435046,260,100% bearish,of 1 rating,N/A
CBF,$30.09,1441376435106,"2,445",Not yet rated,NULL,$32
CPHC,NULL,1441376435140,0,100% bearish,of 1 rating,N/A
CCBG,$14.91,1441376435165,"1,102",Not yet rated,NULL,$17.25
CPLP,$7.06,1441376435241,"13,598",71% bullish,of 7 ratings,$11
CFFN,$11.825,1441376435416,"43,410",Not yet rated,NULL,$12.75
CPTA,$13.81,1441376435441,"2,844",100% bearish,of 1 rating,$18.25
CSWC,$44.24,1441376435494,"12,591",Not yet rated,NULL,N/A
CPLA,$48.76,1441376435523,"7,989",67% bearish,of 3 ratings,$65
CAPN,$2.12,1441376435653,"1,850",100% bullish,of 1 rating,$10.85
CAPNW,NULL,1441376435697,0,Not yet rated,NULL,N/A
CAPR,$4.3,1441376435793,141,Not yet rated,NULL,$12
CPST,$0.3948,1441376435864,"73,663",95% bullish,of 22 ratings,$1.25
CARB,$11.08,1441376435923,"3,243",75% bullish,of 4 ratings,$12
CARA,$18.91,1441376435950,"13,817",50% bullish,of 4 ratings,$25
CBYL,$4.9501,1441376435971,"3,368",100% bearish,of 1 rating,$20
CFNL,$21.86,1441376436133,"4,612",Not yet rated,NULL,$24
CRME,$8.9899,1441376436229,100,89% bullish,of 9 ratings,$11.25
CRDC,$0.3201,1441376436255,"13,300",100% bullish,of 1 rating,$1.25
CATM,$33.7501,1441376436286,"33,646",100% bearish,of 1 rating,$44
CSII,$23.235,1441376436312,"10,620",100% bearish,of 2 ratings,$42.125
CECO,$3.63,1441376436392,"25,196",67% bearish,of 3 ratings,$6
CDNA,$7,1441376436441,"3,818",100% bearish,of 1 rating,$9
CKEC,$22.43,1441376436572,"11,427",50% bullish,of 2 ratings,$35.915
CLBH,NULL,1441376436738,0,Not yet rated,NULL,$16.50
CARO,$15.25,1441376436768,204,100% bearish,of 1 rating,$19
CTRE,$10.855,1441376436796,"8,415",50% bullish,of 2 ratings,$13.50
CART,NULL,1441376436844,0,100% bearish,of 1 rating,N/A
CRZO,$34.74,1441376436873,"129,198",67% bearish,of 3 ratings,$54.50
TAST,$12.585,1441376436978,"15,295",Not yet rated,NULL,$14.25
CRTN,NULL,1441376437041,0,100% bearish,of 1 rating,N/A
CARV,$6.3,1441376437068,"6,200",50% bullish,of 2 ratings,N/A
CWST,$6.24,1441376437266,"5,190",50% bullish,of 2 ratings,$7.25
CASM,$1.1801,1441376437295,"5,764",100% bullish,of 1 rating,$3.50
CSCD,$15.35,1441376437322,"2,634",100% bullish,of 2 ratings,$17
CACB,$5.3,1441376437351,"3,690",Not yet rated,NULL,$5.50
CASY,$105.225,1441376437484,"20,355",50% bullish,of 2 ratings,$99.50
CASI,$1.36,1441376437510,134,100% bullish,of 1 rating,$3.50
CASS,$48.55,1441376437541,"2,881",100% bearish,of 1 rating,N/A
CATB,$11.266,1441376437639,"2,415",100% bearish,of 1 rating,$28
CPRX,$3.7529,1441376437819,"156,030",71% bullish,of 7 ratings,$7
CATYW,NULL,1441376437847,0,100% bearish,of 1 rating,N/A
CATY,$29.09,1441376437874,"32,942",100% bearish,of 1 rating,$33.50
CVCO,$70.52,1441376437895,245,100% bearish,of 1 rating,N/A
CAVM,$67.3895,1441376437984,"60,249",67% bearish,of 3 ratings,$72
CNLM,NULL,1441376438088,0,Not yet rated,NULL,N/A
CNLMR,NULL,1441376438114,0,Not yet rated,NULL,N/A
CBFV,NULL,1441376438186,0,Not yet rated,NULL,$25
CNLMU,NULL,1441376438290,0,100% bullish,of 1 rating,N/A
CNLMW,NULL,1441376438316,0,Not yet rated,NULL,N/A
CBOE,$63.625,1441376438387,"24,002",Not yet rated,NULL,$63
CDK,$48.6,1441376438538,"14,267",67% bearish,of 3 ratings,$50
CDW,$38.72,1441376438568,"59,914",75% bullish,of 4 ratings,$44
CECE,$9.53,1441376438594,"17,970",50% bullish,of 2 ratings,$16
CPXX,$2.2999,1441376438615,"1,573",100% bullish,of 2 ratings,$7
CELG,$117.33,1441376438646,"374,865",100% bullish,of 13 ratings,$156
CELGZ,$1.76,1441376438895,7,80% bullish,of 5 ratings,N/A
CLRB,$2.97,1441376438954,20,100% bearish,of 1 rating,N/A
CLDX,$14.15,1441376438981,"103,029",89% bullish,of 9 ratings,$36
CLDN,$1.18,1441376439030,"14,663",63% bullish,of 8 ratings,$3
CLLS,$31.84,1441376439062,"18,714",75% bullish,of 4 ratings,$51.50
CBMG,$23.514,1441376439160,"18,189",50% bullish,of 2 ratings,N/A
CLRBW,NULL,1441376439184,0,Not yet rated,NULL,N/A
CYAD,$47.01,1441376439404,100,100% bullish,of 1 rating,$87.50
CLSN,$2.06,1441376439434,"14,825",80% bullish,of 10 ratings,$7.50
CEMP,$33.73,1441376439464,"50,331",71% bullish,of 7 ratings,$52
CETX,$2.4999,1441376439487,"3,300",Not yet rated,NULL,$5.60
CLTX,$1.8495,1441376439508,"19,377",100% bullish,of 2 ratings,N/A
CETV,$2.098,1441376439643,"6,572",67% bullish,of 3 ratings,$2.80
CSFL,$13.74,1441376439669,"10,242",Not yet rated,NULL,$15
CENT,$14.25,1441376439800,"26,031",Not yet rated,NULL,$10
CENTA,$14.52,1441376439883,"18,786",Not yet rated,NULL,N/A
CFBK,NULL,1441376439933,0,Not yet rated,NULL,N/A
CVCY,$11.54,1441376440128,198,Not yet rated,NULL,$12
CENX,$5.15,1441376440157,"195,492",67% bullish,of 6 ratings,$9
CPHD,$49.26,1441376440184,"55,930",67% bearish,of 3 ratings,$66
CNBKA,$39.12,1441376440261,198,50% bullish,of 2 ratings,N/A
CNTY,$5.92,1441376440325,"1,866",80% bullish,of 5 ratings,$7.75
CRNT,$1.38,1441376440356,"3,460",50% bullish,of 2 ratings,$2
CERE,$1.1663,1441376440451,"71,629",88% bullish,of 8 ratings,N/A
CERU,$4.18,1441376440487,"5,180",75% bullish,of 4 ratings,$14
CERS,$4.9899,1441376440552,"44,901",75% bullish,of 4 ratings,$7
CERN,$60.0782,1441376440638,"80,227",67% bullish,of 3 ratings,$79
KOOL,$0.6598,1441376440667,"13,860",100% bullish,of 5 ratings,$7
CEVA,$19.08,1441376440807,"3,072",100% bearish,of 1 rating,$25
CYOU,$18.58,1441376440834,"7,353",50% bullish,of 6 ratings,$24
HOTR,$1.31,1441376440877,"12,798",100% bullish,of 2 ratings,$5
CHTR,$181.59,1441376441081,"41,422",67% bearish,of 3 ratings,$202
CTHR,$1.2657,1441376441108,500,50% bullish,of 2 ratings,$2.50
HOTRW,$0.15,1441376441129,"10,650",Not yet rated,NULL,N/A
GTLS,$23.02,1441376441167,"19,485",50% bullish,of 4 ratings,$40
CHFN,$12.05,1441376441260,"3,708",Not yet rated,NULL,$14
CHEKW,NULL,1441376441285,0,Not yet rated,NULL,N/A
CHKP,$77.38,1441376441321,"92,941",50% bullish,of 4 ratings,$92
CEMI,$4.18,1441376441522,874,50% bullish,of 2 ratings,$7.50
CHFC,$30.55,1441376441550,"6,352",100% bearish,of 1 rating,$36
CHEK,NULL,1441376441575,0,Not yet rated,NULL,$7.75
CCXI,$6.18,1441376441792,"2,642",67% bullish,of 3 ratings,$14
CHEV,$14.65,1441376441850,766,Not yet rated,NULL,N/A
CHMG,$26.14,1441376441879,100,Not yet rated,NULL,$30
CHKE,$25.36,1441376441919,"4,115",100% bearish,of 1 rating,$32.50
CHMA,$28.1,1441376441983,"28,128",Not yet rated,NULL,$40
CBNK,$16.78,1441376442009,200,100% bearish,of 1 rating,N/A
PLCE,$58.32,1441376442036,"15,150",100% bearish,of 1 rating,$69
CMRX,$50.2199,1441376442061,"29,140",50% bullish,of 2 ratings,$57
CALI,NULL,1441376442234,0,67% bullish,of 3 ratings,N/A
CADC,NULL,1441376442262,0,78% bullish,of 9 ratings,N/A
CBAK,$2.05,1441376442403,"62,606",67% bullish,of 9 ratings,N/A
CAAS,$5.9642,1441376442431,579,93% bullish,of 14 ratings,$11.50
CBPO,$94.86,1441376442452,"11,894",75% bullish,of 8 ratings,$140.50
CCCL,NULL,1441376442585,0,100% bullish,of 6 ratings,N/A
CCCR,NULL,1441376442690,0,67% bearish,of 3 ratings,N/A
JRJC,$3.4201,1441376442719,"9,870",82% bullish,of 11 ratings,N/A
HGSH,$1.7101,1441376442781,201,67% bullish,of 3 ratings,N/A
CHOP,NULL,1441376442809,0,50% bullish,of 2 ratings,N/A
CJJD,NULL,1441376442844,0,100% bullish,of 1 rating,N/A
CHLN,NULL,1441376442871,0,67% bullish,of 3 ratings,N/A
CNIT,$1.1194,1441376442943,"8,310",67% bullish,of 6 ratings,N/A
HTHT,$25.562,1441376443112,"6,752",50% bullish,of 2 ratings,$28.40
CHNR,NULL,1441376443153,0,100% bearish,of 1 rating,N/A
CREG,$0.6452,1441376443245,500,100% bullish,of 3 ratings,N/A
CPGI,$6.79,1441376443377,900,Not yet rated,NULL,N/A
CSUN,$1.35,1441376443408,35,80% bullish,of 5 ratings,N/A
CNTF,$0.76,1441376443429,"11,836",Not yet rated,NULL,N/A
CXDC,$6.1853,1441376443478,"13,186",67% bearish,of 3 ratings,N/A
CNYD,NULL,1441376443507,0,67% bullish,of 3 ratings,N/A
CNET,$0.876,1441376443614,"1,982",50% bullish,of 2 ratings,N/A
CCIH,$7.2201,1441376443645,"19,204",67% bullish,of 6 ratings,$12.65
IMOS,$19.11,1441376443773,"14,998",60% bullish,of 5 ratings,$21.50
CHSCM,$26.3,1441376443815,"1,590",Not yet rated,NULL,N/A
CHSCN,$27.0799,1441376443841,655,Not yet rated,NULL,N/A
CHSCL,$27.07,1441376443862,614,Not yet rated,NULL,N/A
CHSCO,NULL,1441376443999,0,Not yet rated,NULL,N/A
CHSCP,NULL,1441376444024,0,Not yet rated,NULL,N/A
CHUY,$31.37,1441376444179,"16,274",50% bullish,of 2 ratings,$34
CIFC,$6.86,1441376444320,111,100% bearish,of 1 rating,N/A
CDTX,$14.18,1441376444347,"2,885",Not yet rated,NULL,$22
CHDN,$132.79,1441376444377,"2,537",Not yet rated,NULL,$165
CMCT,NULL,1441376444398,0,100% bearish,of 1 rating,N/A
CMPR,$70.77,1441376444527,"9,868",50% bullish,of 2 ratings,$72.50
CINF,$52.04,1441376444555,"47,530",50% bullish,of 4 ratings,$50.50
CIDM,$0.5701,1441376444580,"5,140",50% bullish,of 2 ratings,$2.10
CPHR,$5.0663,1441376444766,500,100% bearish,of 1 rating,$17
CSCO,$25.535,1441376444922,"3,268,948",83% bullish,of 210 ratings,$32
CTAS,$84.11,1441376444974,"35,778",100% bearish,of 1 rating,$91
CRUS,$29.9,1441376445001,"60,152",75% bullish,of 12 ratings,$44.50
CZNC,$19.6516,1441376445028,"2,153",Not yet rated,NULL,N/A
CTRN,$25.69,1441376445049,"6,421",100% bearish,of 1 rating,$31.50
CZFC,NULL,1441376445234,0,Not yet rated,NULL,N/A
CZWI,$8.92,1441376445291,16,Not yet rated,NULL,N/A
CIZN,NULL,1441376445387,0,Not yet rated,NULL,N/A
CIVB,$10,1441376445462,100,Not yet rated,NULL,$11
CTXS,$67.71,1441376445489,"116,621",86% bullish,of 7 ratings,$80
CHCO,$47.05,1441376445535,"3,525",Not yet rated,NULL,$46
CIVBP,NULL,1441376445619,0,Not yet rated,NULL,N/A
CLNE,$5.29,1441376445776,"117,780",80% bullish,of 15 ratings,$9
CLNT,NULL,1441376445808,0,75% bullish,of 8 ratings,N/A
CDTI,$1.59,1441376445840,"11,600",75% bullish,of 4 ratings,$3.20
CLFD,$17,1441376445907,949,67% bullish,of 3 ratings,$18
CLRO,NULL,1441376445934,0,50% bullish,of 2 ratings,$14.25
CLIR,$5.0699,1441376445984,"11,250",100% bullish,of 3 ratings,N/A
CBLI,$4.0801,1441376446064,"1,204",60% bullish,of 5 ratings,N/A
CSBK,$13.79,1441376446195,"4,399",Not yet rated,NULL,N/A
CLVS,$82.19,1441376446222,"29,596",60% bullish,of 5 ratings,$101.50
CMFN,$11.34,1441376446351,"2,309",100% bearish,of 1 rating,$15.50
CME,$92.73,1441376446377,"173,787",67% bullish,of 3 ratings,$102
CCNE,$17,1441376446446,"3,009",50% bullish,of 2 ratings,$21.50
CWAY,$10.9,1441376446908,100,Not yet rated,NULL,N/A
CDRB,$9.15,1441376446929,"6,509",67% bullish,of 3 ratings,N/A
CNV,$4.47,1441376446969,"1,684",50% bullish,of 2 ratings,$7.15
CISG,$7.88,1441376446997,"1,000",100% bullish,of 5 ratings,$10
CDXS,$3.51,1441376447028,"7,354",64% bullish,of 11 ratings,$6
COBZ,$12.81,1441376447059,"3,515",100% bullish,of 1 rating,$14
CVLY,NULL,1441376447087,0,Not yet rated,NULL,N/A
COKE,$162.42,1441376447113,"1,668",79% bullish,of 19 ratings,N/A
CCOI,$27.26,1441376447323,"21,836",50% bullish,of 4 ratings,$35
JVA,$4.7638,1441376447398,"3,000",83% bullish,of 6 ratings,$7
CTSH,$62.06,1441376447531,"203,204",90% bullish,of 10 ratings,$75
CGNT,$1.5,1441376447556,200,100% bullish,of 2 ratings,$2
CGNX,$34.74,1441376447610,"29,307",50% bullish,of 2 ratings,$47
COHR,$55.17,1441376447691,"9,419",50% bullish,of 2 ratings,$72
CHRS,$26.125,1441376447720,"15,297",67% bearish,of 3 ratings,$37
COHU,$9.5,1441376447792,"2,653",100% bearish,of 1 rating,$14.25
CLCT,$17.66,1441376447860,"3,167",100% bearish,of 1 rating,N/A
CLRX,$0.67,1441376447885,"5,804",50% bullish,of 2 ratings,N/A
COLL,$15,1441376447933,"1,770",100% bearish,of 1 rating,$26
CIGI,$42.64,1441376447959,"1,000",100% bearish,of 1 rating,$52
CBAN,NULL,1441376448037,0,Not yet rated,NULL,N/A
CLCD,$5.87,1441376448187,"13,731",100% bearish,of 1 rating,$20.50
COLM,$61.38,1441376448319,"6,433",100% bearish,of 1 rating,$71
COLB,$29.29,1441376448345,"4,161",Not yet rated,NULL,$36
CMCO,$18.96,1441376448394,"3,909",60% bullish,of 5 ratings,$28
CBMX,$1.1101,1441376448524,"2,000",83% bullish,of 6 ratings,$3.15
CMCSA,$55.5511,1441376448569,"1,006,595",66% bullish,of 35 ratings,$69.50
CMCSK,$56.6501,1441376448703,"429,920",Not yet rated,NULL,$84
CBSH,$43.4387,1441376448738,"21,044",50% bullish,of 2 ratings,$46
CUBN,NULL,1441376448767,0,Not yet rated,NULL,N/A
CBSHP,$25.41,1441376448788,200,100% bearish,of 1 rating,N/A
CSAL,$20.33,1441376448820,"46,134",75% bullish,of 4 ratings,$30
COMM,$32.74,1441376448850,"46,035",67% bearish,of 3 ratings,$35
JCS,$9.03,1441376449014,"1,000",67% bullish,of 3 ratings,N/A
CVGI,$4.83,1441376449041,"9,789",50% bullish,of 2 ratings,$6
ESXB,NULL,1441376449203,0,Not yet rated,NULL,N/A
CYHHZ,$0.01,1441376449299,"6,000",100% bullish,of 1 rating,N/A
COB,$10.32,1441376449396,500,100% bullish,of 1 rating,$11.75
CTBI,$34.24,1441376449425,"3,304",Not yet rated,NULL,$36
CIL,NULL,1441376449497,0,Not yet rated,NULL,N/A
CVLT,$35.04,1441376449558,"119,830",75% bullish,of 4 ratings,$44.50
CID,$32.49,1441376449589,810,Not yet rated,NULL,N/A
CIZ,$32.17,1441376449626,"1,100",100% bearish,of 1 rating,N/A
CWBC,NULL,1441376449654,0,Not yet rated,NULL,N/A
CSA,NULL,1441376449692,0,Not yet rated,NULL,N/A
CFO,$34.77,1441376449930,"1,370",100% bearish,of 1 rating,N/A
CSF,$35.98,1441376449956,813,100% bearish,of 1 rating,N/A
CFA,NULL,1441376449993,0,100% bearish,of 1 rating,N/A
CDC,$33.88,1441376450032,60,Not yet rated,NULL,N/A
CDL,$32.9207,1441376450166,587,Not yet rated,NULL,N/A
CSB,NULL,1441376450241,0,Not yet rated,NULL,N/A
CPSI,$45.3601,1441376450346,"3,256",100% bearish,of 1 rating,$45.50
CGEN,$4.99,1441376450380,"10,636",50% bullish,of 2 ratings,$11
CTG,$6.557,1441376450401,206,100% bearish,of 1 rating,$8.50
CHCI,$0.69,1441376450434,700,50% bullish,of 2 ratings,N/A
SCOR,$47.075,1441376450463,"31,275",100% bearish,of 1 rating,$66
CMTL,$26.035,1441376450494,"2,226",100% bearish,of 2 ratings,$37
CNSI,$18.1,1441376450596,"4,406",100% bearish,of 2 ratings,$29
CNAT,$3.8501,1441376450630,"16,500",83% bullish,of 6 ratings,$13
CNCE,$16.01,1441376450766,"7,206",75% bullish,of 4 ratings,$22
CXRX,NULL,1441376450792,0,100% bearish,of 1 rating,$90
CDORO,NULL,1441376451065,0,100% bearish,of 1 rating,N/A
CFMS,$14.12,1441376451092,"54,264",100% bearish,of 1 rating,$26.50
CCUR,$5.3,1441376451125,55,75% bullish,of 4 ratings,N/A
CDORP,$6.25,1441376451154,300,100% bearish,of 1 rating,N/A
CDOR,$1.2399,1441376451223,"3,500",100% bullish,of 1 rating,N/A
CNMD,$50.71,1441376451248,"8,050",Not yet rated,NULL,$59
CNFR,$10.06,1441376451273,12,Not yet rated,NULL,N/A
CNOB,$18.72,1441376451423,"3,000",100% bullish,of 1 rating,$23.50
CNXR,$6.9,1441376451523,"5,652",100% bearish,of 1 rating,$12
CNSL,$19.35,1441376451664,"22,182",100% bearish,of 1 rating,$23
CWCO,$10.2347,1441376451749,"16,023",67% bullish,of 3 ratings,$14.50
CONN,$28.16,1441376451780,"38,732",67% bullish,of 3 ratings,$48.50
CTWS,$34.74,1441376451801,"1,122",100% bearish,of 1 rating,$44
CTCT,$24.46,1441376451882,"33,678",67% bullish,of 3 ratings,$37
CPSS,$5.54,1441376452084,"1,677",100% bullish,of 1 rating,$10
CFRXW,NULL,1441376452109,0,100% bearish,of 1 rating,N/A
CTRV,$3.3987,1441376452176,"1,750",Not yet rated,NULL,$6.40
CFRX,NULL,1441376452231,0,Not yet rated,NULL,$14
CTRL,$8.23,1441376452253,"18,252",50% bullish,of 2 ratings,$11
CFRXZ,NULL,1441376452284,0,Not yet rated,NULL,N/A
CORT,$4.94,1441376452305,"68,875",67% bullish,of 3 ratings,$12
CPRT,$34.645,1441376452436,"38,723",67% bearish,of 3 ratings,$40
CRBP,$1.846,1441376452501,"37,175",100% bullish,of 2 ratings,$6.25
BVA,NULL,1441376452605,0,50% bullish,of 2 ratings,N/A
CORE,$59.065,1441376452705,"12,221",100% bearish,of 1 rating,$72
CORI,$10.3726,1441376452808,"7,720",100% bearish,of 1 rating,$18
CRVL,$30.54,1441376452849,"1,208",100% bearish,of 1 rating,N/A
CPAH,NULL,1441376452935,0,50% bullish,of 2 ratings,N/A
CSOD,$36.45,1441376452985,"18,588",50% bullish,of 2 ratings,$42
CSGP,$176.25,1441376453033,"7,777",50% bullish,of 2 ratings,$235
ICBK,NULL,1441376453216,0,Not yet rated,NULL,$21
CVTI,$22.649,1441376453243,"4,477",67% bearish,of 3 ratings,$39
COVS,$2.44,1441376453264,"3,400",67% bullish,of 3 ratings,N/A
COSI,$1.0741,1441376453301,700,100% bullish,of 1 rating,N/A
COST,$138.6,1441376453398,"194,729",79% bullish,of 24 ratings,$154.50
COWN,$5.03,1441376453427,"64,192",75% bullish,of 4 ratings,$7
COWNL,NULL,1441376453532,0,Not yet rated,NULL,N/A
CPSH,$2.41,1441376453612,702,Not yet rated,NULL,N/A
CRAI,$23.215,1441376453707,"1,100",100% bearish,of 1 rating,$36
CRAY,$21.07,1441376453875,"15,110",83% bullish,of 6 ratings,$38.50
BREW,$7.65,1441376453904,"2,199",67% bullish,of 6 ratings,$15
CACC,$200.7,1441376453931,"4,823",50% bullish,of 2 ratings,$158.50
GLDI,NULL,1441376453962,0,100% bearish,of 1 rating,N/A
SLVO,$10.08,1441376453983,237,100% bearish,of 1 rating,N/A
CREE,$26.0527,1441376454014,"58,591",65% bullish,of 17 ratings,$29.50
CBRL,$145.63,1441376454295,"6,232",50% bullish,of 2 ratings,$155
CROX,$14.14,1441376454321,"35,708",63% bullish,of 8 ratings,$16.50
CRESY,$9.9789,1441376454346,"2,801",100% bearish,of 1 rating,$19
CCRN,$14.25,1441376454376,"106,833",100% bearish,of 1 rating,$14.25
CRDS,$1.1149,1441376454476,"50,052",75% bullish,of 4 ratings,$3.375
CRTO,$37.18,1441376454501,"58,034",67% bullish,of 6 ratings,$64
CRWS,NULL,1441376454683,0,Not yet rated,NULL,$10
CYRXW,$0.73,1441376454733,"8,200",Not yet rated,NULL,N/A
CRWN,$5.12,1441376454759,"24,530",75% bullish,of 4 ratings,N/A
CSGS,$30.07,1441376454794,"16,109",Not yet rated,NULL,$40
CYRX,$2.948,1441376454825,"1,875",Not yet rated,NULL,$9
CSPI,$5.7212,1441376454886,"2,000",67% bullish,of 3 ratings,N/A
CCLP,$14.035,1441376454924,"7,648",67% bearish,of 3 ratings,$20
CTCM,$1.68,1441376454983,"5,800",80% bearish,of 5 ratings,$3.90
CTIC,$1.535,1441376455112,"119,412",84% bullish,of 76 ratings,$5.75
CTIB,NULL,1441376455276,0,100% bearish,of 1 rating,N/A
CUNB,$21.77,1441376455309,764,Not yet rated,NULL,$24.50
CUI,$5.34,1441376455369,"5,309",50% bullish,of 2 ratings,$10
CMLS,$1.2999,1441376455412,"22,855",50% bullish,of 4 ratings,$6
CPIX,$6.1,1441376455439,"1,319",Not yet rated,NULL,N/A
CRIS,$2.59,1441376455466,"17,630",100% bullish,of 8 ratings,$6
CTRP,$64.4616,1441376455497,"145,623",75% bullish,of 8 ratings,$92.50
CUTR,$15,1441376455713,"7,350",67% bearish,of 3 ratings,$18
CYAN,$6.43,1441376455771,950,100% bearish,of 1 rating,N/A
CVV,$11.28,1441376455800,112,100% bullish,of 5 ratings,N/A
CYBR,$47.9445,1441376455841,"530,521",75% bullish,of 8 ratings,$68.50
CVBF,$15.9,1441376455940,"9,168",Not yet rated,NULL,$18
CYBX,$64.91,1441376456020,"7,484",50% bullish,of 4 ratings,$71.50
CYBE,$6.8,1441376456098,"1,500",100% bearish,of 1 rating,N/A
CYCC,$0.55,1441376456238,"4,890",73% bullish,of 11 ratings,N/A
CYCCP,$5.51,1441376456301,"1,504",100% bearish,of 1 rating,N/A
CYNA,$15.94,1441376456331,700,50% bullish,of 2 ratings,$31.50
CBAY,$2.6613,1441376456356,"3,600",100% bullish,of 1 rating,$4
CYNO,$32.72,1441376456440,"14,538",67% bearish,of 3 ratings,$45.50
CY,$10.0449,1441376456518,"222,778",80% bullish,of 10 ratings,$15.50
CYRN,$1.66,1441376456547,920,67% bullish,of 3 ratings,$4
CYTK,$7.07,1441376456626,"3,984",71% bullish,of 14 ratings,$13.50
CTSO,$7.179,1441376456760,"13,995",Not yet rated,NULL,$15.625
CYTX,$0.365,1441376456785,"259,447",83% bullish,of 12 ratings,$5.50
CONE,$31.9201,1441376456838,"71,127",67% bearish,of 3 ratings,$35.50
CYTR,$2.465,1441376456867,"16,437",67% bullish,of 6 ratings,$10
DAEG,$0.36,1441376456970,95,100% bearish,of 1 rating,N/A
ZIV,$35.5899,1441376457137,"7,350",Not yet rated,NULL,N/A
TVIZ,$23.74,1441376457162,400,100% bearish,of 1 rating,N/A
TVIX,$16.1903,1441376457190,"3,059,058",81% bullish,of 16 ratings,N/A
XIV,$23.38,1441376457223,"3,880,484",75% bearish,of 4 ratings,N/A
DARA,$0.823,1441376457320,"3,912",83% bullish,of 6 ratings,$1.50
DJCO,$196.76,1441376457345,64,Not yet rated,NULL,N/A
DAKT,$8.31,1441376457570,"16,854",50% bullish,of 2 ratings,$12
DWCH,$5.02,1441376457638,"2,400",75% bullish,of 4 ratings,$8.25
DAIO,NULL,1441376457663,0,Not yet rated,NULL,N/A
DTLK,$5.56,1441376457696,"9,668",100% bearish,of 1 rating,$9
DRAM,NULL,1441376457725,0,78% bullish,of 9 ratings,N/A
DTEA,$13.2493,1441376457751,"2,690",100% bearish,of 2 ratings,$24
PLAY,$36.27,1441376457829,"16,933",100% bullish,of 5 ratings,$42
DWSN,$4.23,1441376457884,136,67% bullish,of 3 ratings,N/A
DBVT,$36.72,1441376458083,"21,460",100% bearish,of 1 rating,$53
DHRM,NULL,1441376458114,0,Not yet rated,NULL,N/A
TRAK,$62.87,1441376458140,"135,603",50% bullish,of 2 ratings,$62.50
DFRG,$14.335,1441376458161,"6,094",100% bearish,of 1 rating,$20
TACO,$12.9,1441376458190,"4,060",75% bullish,of 4 ratings,$20
TACOW,NULL,1441376458315,0,100% bullish,of 1 rating,N/A
DCTH,$0.4851,1441376458409,"205,372",78% bullish,of 9 ratings,N/A
DGAS,$20.3,1441376458437,44,67% bearish,of 3 ratings,N/A
DELT,$2.05,1441376458509,860,Not yet rated,NULL,N/A
DENN,$11.36,1441376458573,"48,814",100% bullish,of 3 ratings,$15
DELTW,NULL,1441376458599,0,Not yet rated,NULL,N/A
DEPO,$26.52,1441376458648,"38,447",60% bullish,of 5 ratings,$29
XRAY,$51.43,1441376458673,"160,533",100% bullish,of 1 rating,$58
DSCI,$6.15,1441376458733,"18,157",50% bullish,of 2 ratings,$16
DERM,$25.48,1441376458868,"2,275",100% bearish,of 1 rating,$33.50
DEST,$10.08,1441376459098,"2,507",50% bullish,of 2 ratings,N/A
DXM,$0.2868,1441376459168,"27,820",50% bullish,of 2 ratings,N/A
DSWL,$1.5,1441376459249,600,100% bullish,of 1 rating,N/A
DXLG,$6.42,1441376459299,"4,133",100% bearish,of 1 rating,$8
DHXM,NULL,1441376459382,0,100% bearish,of 1 rating,N/A
DXCM,$88.48,1441376459434,"53,977",57% bullish,of 7 ratings,$98
DMND,$30.26,1441376459518,"6,133",75% bullish,of 12 ratings,$32
FANG,$66.36,1441376459567,"59,987",50% bullish,of 2 ratings,$86
DCIX,NULL,1441376459620,0,50% bullish,of 4 ratings,$3.50
DHIL,$188.95,1441376459702,500,Not yet rated,NULL,N/A
DRNA,$11.07,1441376459730,"7,610",67% bearish,of 3 ratings,$25
DGII,$10.3,1441376459752,"2,379",100% bearish,of 1 rating,$11
DMRC,$38.59,1441376459803,"3,670",100% bearish,of 1 rating,$44
DRAD,$3.75,1441376459902,732,100% bullish,of 1 rating,$5.25
APPS,$2.11,1441376459996,"12,767",100% bearish,of 1 rating,$10.25
DCOM,$16.62,1441376460139,"4,265",100% bearish,of 2 ratings,$16
DIOD,$22.25,1441376460178,"69,129",75% bearish,of 4 ratings,$24
DGLY,$7.29,1441376460203,"8,002",50% bullish,of 6 ratings,$20
DISCA,$26.8101,1441376460399,"131,177",67% bullish,of 3 ratings,$34
DISCK,$25.61,1441376460430,"123,223",100% bearish,of 1 rating,$32
DISCB,NULL,1441376460451,0,100% bearish,of 1 rating,$35
DPRX,$13.76,1441376460483,"9,475",100% bullish,of 2 ratings,$27.75
DVCR,NULL,1441376460516,0,100% bullish,of 1 rating,N/A
DISH,$58.9544,1441376460542,"244,402",69% bullish,of 13 ratings,$73
DSCO,$0.4551,1441376460618,"94,506",83% bullish,of 6 ratings,$2.75
DLHC,NULL,1441376460808,0,100% bearish,of 1 rating,N/A
BAGR,$2.7682,1441376460836,"7,604",100% bearish,of 1 rating,$6
DLTR,$67.93,1441376460882,"923,642",82% bullish,of 11 ratings,$85
DNBF,$26,1441376460907,400,Not yet rated,NULL,$27.50
DGICA,$14.035,1441376461051,"1,800",100% bearish,of 1 rating,$17
DGICB,NULL,1441376461099,0,100% bearish,of 1 rating,N/A
HILL,$9.69,1441376461197,"109,790",60% bearish,of 5 ratings,$9.75
DMLP,$14.636,1441376461229,635,100% bearish,of 1 rating,N/A
DORM,$50.055,1441376461259,"20,818",100% bearish,of 1 rating,$56
DRWIW,$0.0499,1441376461330,"4,400",Not yet rated,NULL,N/A
DRWI,$0.2087,1441376461355,"69,423",60% bullish,of 5 ratings,$.45
DRYS,$0.4482,1441376461396,"234,515",77% bullish,of 31 ratings,$.60
DWA,$20.81,1441376461422,"33,539",63% bullish,of 8 ratings,$26
DSPG,$8.79,1441376461614,"5,589",100% bearish,of 1 rating,$13.50
DSKX,$3.28,1441376461643,"15,574",100% bullish,of 1 rating,N/A
CADTR,NULL,1441376461772,0,Not yet rated,NULL,N/A
CADT,NULL,1441376461801,0,Not yet rated,NULL,N/A
CADTW,NULL,1441376461903,0,Not yet rated,NULL,N/A
CADTU,NULL,1441376461927,0,Not yet rated,NULL,N/A
DTSI,$27.75,1441376461955,"7,968",100% bearish,of 2 ratings,$39.50
DRRX,$2.09,1441376461981,"49,178",50% bullish,of 6 ratings,$3
DYAX,$22.24,1441376462165,"63,917",89% bullish,of 9 ratings,$30
DXPE,$29.36,1441376462195,"11,878",50% bullish,of 2 ratings,N/A
BOOM,$10.81,1441376462323,"13,302",67% bullish,of 3 ratings,$12
DYSL,$1.5,1441376462350,69,100% bullish,of 2 ratings,N/A
DNKN,$48.85,1441376462390,"77,339",67% bullish,of 15 ratings,$56.50
ETFC,$25.44,1441376462419,"410,971",57% bullish,of 14 ratings,$32.50
DYNT,NULL,1441376462525,0,75% bullish,of 4 ratings,N/A
DVAX,$28.31,1441376462682,"23,293",70% bullish,of 10 ratings,$40
EBMT,$11.5,1441376462752,300,Not yet rated,NULL,$13.50
EGBN,$41.19,1441376462838,"4,549",Not yet rated,NULL,$48
EROC,$1.45,1441376462929,"36,268",50% bullish,of 2 ratings,$3
EGLE,$6.4,1441376462955,792,60% bullish,of 5 ratings,N/A
EGRX,$77.9279,1441376462981,"19,486",67% bullish,of 3 ratings,$97
EML,$16.0011,1441376463234,212,Not yet rated,NULL,N/A
ELNK,$8.51,1441376463264,"61,710",60% bullish,of 5 ratings,$9.50
EVBS,NULL,1441376463297,0,Not yet rated,NULL,$7
EWBC,$39.03,1441376463397,"39,711",100% bearish,of 1 rating,$50
EBAY,$26.5799,1441376463424,"1,134,207",81% bullish,of 117 ratings,$34
EACQU,NULL,1441376463454,0,Not yet rated,NULL,N/A
EBIX,$27.95,1441376463485,"13,765",69% bullish,of 13 ratings,$40
ELON,$0.57,1441376463587,355,50% bullish,of 2 ratings,N/A
ECHO,$22.88,1441376463694,"20,754",67% bearish,of 3 ratings,$34.50
SATS,$43.75,1441376463872,"3,165",50% bullish,of 2 ratings,$60
ECTE,$1.54,1441376463900,310,75% bullish,of 4 ratings,N/A
EEI,NULL,1441376463925,0,67% bearish,of 3 ratings,N/A
EDAP,$3.5337,1441376463953,"1,658",60% bullish,of 5 ratings,$4.50
ESES,NULL,1441376463982,0,100% bearish,of 1 rating,$7
ECACU,$10.1,1441376464086,5,Not yet rated,NULL,N/A
EDGW,$7.2899,1441376464115,112,100% bearish,of 1 rating,N/A
EFUT,$4.51,1441376464314,300,Not yet rated,NULL,N/A
EGAN,NULL,1441376464341,0,50% bullish,of 2 ratings,$6.25
EDUC,$6.35,1441376464373,"7,812",100% bearish,of 1 rating,N/A
EGLT,$13.02,1441376464405,"8,854",50% bullish,of 2 ratings,$21
EHTH,$14.68,1441376464478,"5,811",50% bullish,of 4 ratings,$17
LOCO,$12.44,1441376464506,"58,943",69% bullish,of 13 ratings,$19.50
EMITF,$1.22,1441376464533,154,75% bullish,of 4 ratings,N/A
ERI,$9.21,1441376464729,"10,162",100% bearish,of 1 rating,$10
ESIO,$4.5,1441376464895,"8,050",50% bullish,of 2 ratings,$10
ESLT,$78.6758,1441376464937,882,67% bullish,of 3 ratings,N/A
ELRC,$10.57,1441376464987,"1,070",100% bearish,of 1 rating,N/A
ELSE,NULL,1441376465070,0,60% bullish,of 5 ratings,N/A
EFII,$43.2294,1441376465101,"4,577",80% bullish,of 5 ratings,$55
ELEC,NULL,1441376465130,0,Not yet rated,NULL,N/A
ELECU,NULL,1441376465173,0,Not yet rated,NULL,N/A
EA,$65.29,1441376465200,"173,998",78% bullish,of 36 ratings,$80
RDEN,$11.482,1441376465426,"7,770",100% bearish,of 4 ratings,$15
ELECW,NULL,1441376465452,0,Not yet rated,NULL,N/A
EBIO,$3.3,1441376465590,"20,685",100% bearish,of 2 ratings,$8.35
CAPX,NULL,1441376465616,0,Not yet rated,NULL,N/A
ELTK,$1.3299,1441376465641,"7,232",67% bearish,of 3 ratings,N/A
EMCI,$21.93,1441376465965,"1,770",Not yet rated,NULL,N/A
EMKR,$6.81,1441376465995,"9,238",75% bullish,of 4 ratings,$8.50
ESBK,NULL,1441376466016,0,Not yet rated,NULL,N/A
EMCF,NULL,1441376466046,0,100% bearish,of 1 rating,N/A
EMMS,$1.1901,1441376466096,"2,782",83% bullish,of 6 ratings,N/A
LONG,$17.05,1441376466171,"1,216",67% bullish,of 3 ratings,$15.75
NYNY,$4.33,1441376466280,"3,770",50% bullish,of 2 ratings,N/A
EMMSP,NULL,1441376466343,0,100% bearish,of 1 rating,N/A
ENTA,$39.0194,1441376466384,"17,879",50% bullish,of 2 ratings,$42
ERS,$2.96,1441376466569,"2,046",Not yet rated,NULL,N/A
ECPG,$37.98,1441376466599,"15,675",100% bullish,of 2 ratings,$52
WIRE,$32,1441376466702,"5,048",100% bearish,of 1 rating,$37
ECYT,$5.09,1441376466775,"26,224",83% bullish,of 6 ratings,$12
EIGI,$14.93,1441376466835,"10,452",67% bearish,of 3 ratings,$22.50
ENDP,$73.79,1441376466860,"169,279",50% bullish,of 6 ratings,$101.50
ERII,$2.55,1441376467065,"1,293",80% bullish,of 5 ratings,$2.50
EFOI,$24.48,1441376467093,"89,800",50% bullish,of 2 ratings,$24.50
WATT,$6.815,1441376467120,"22,139",50% bullish,of 2 ratings,$13
EXXI,$1.77,1441376467141,"128,495",86% bullish,of 7 ratings,$3.50
ENOC,$8.77,1441376467272,"11,619",75% bullish,of 4 ratings,$18
ELGX,$12.765,1441376467298,"36,985",75% bullish,of 4 ratings,$17
ENPH,$4.45,1441376467350,"122,327",75% bullish,of 4 ratings,$10
ENG,$1.05,1441376467435,43,100% bullish,of 3 ratings,N/A
ESGR,$149.99,1441376467507,"3,704",100% bearish,of 1 rating,$185
ENFC,$17.4,1441376467665,100,Not yet rated,NULL,N/A
ENTG,$13.46,1441376467738,"15,004",100% bearish,of 1 rating,$18
ENTL,$21.25,1441376467866,"1,152",Not yet rated,NULL,$28
ETRM,$0.2789,1441376467891,"175,849",69% bearish,of 35 ratings,$1.625
EFSC,$23.78,1441376467924,"2,102",Not yet rated,NULL,$27
EBTC,$20.9,1441376467962,311,Not yet rated,NULL,N/A
EGT,NULL,1441376468054,0,100% bullish,of 1 rating,N/A
ENVI,$1.9501,1441376468144,"486,721",67% bullish,of 3 ratings,N/A
ENZY,$10.34,1441376468301,"6,798",67% bullish,of 3 ratings,$9.50
EPIQ,$12.6,1441376468331,"3,150",100% bearish,of 1 rating,$18
EPRS,$5.1,1441376468357,"3,926",82% bullish,of 11 ratings,$15
EPZM,$19.8401,1441376468388,"56,072",60% bullish,of 5 ratings,$34
PLUS,$73.1,1441376468484,"1,778",50% bullish,of 2 ratings,$88
ENZN,$0.9883,1441376468648,"16,077",100% bullish,of 9 ratings,N/A
EQFN,NULL,1441376468781,0,100% bearish,of 1 rating,N/A
ERIC,$9.6001,1441376468841,"215,310",67% bullish,of 9 ratings,$12.20
ERIE,$80.14,1441376468932,976,Not yet rated,NULL,$73
EQIX,$271.995,1441376468958,"59,204",75% bullish,of 4 ratings,$312.50
ESCA,$17.69,1441376468987,"1,578",100% bearish,of 1 rating,$22
ESCRP,$1.27,1441376469091,"2,718",100% bearish,of 1 rating,N/A
ESCR,$0.2589,1441376469127,"107,081",50% bullish,of 2 ratings,N/A
ESMC,$1.29,1441376469222,609,Not yet rated,NULL,N/A
ESPR,$45.9424,1441376469252,"146,123",70% bearish,of 10 ratings,$115
ESND,$33.68,1441376469297,"5,944",100% bearish,of 2 ratings,$40
ESSA,$12.87,1441376469326,600,100% bearish,of 1 rating,N/A
EAC,$3.47,1441376469358,428,100% bearish,of 1 rating,$8
EPIX,NULL,1441376469429,0,Not yet rated,NULL,N/A
ESSX,NULL,1441376469631,0,50% bullish,of 2 ratings,N/A
ETSY,$13.985,1441376469656,"46,145",80% bullish,of 5 ratings,$16
CLWT,NULL,1441376469839,0,100% bearish,of 1 rating,N/A
EEFT,$65.59,1441376469867,"14,503",100% bearish,of 1 rating,$67.50
ESEA,$4.4,1441376469893,"1,299",100% bullish,of 1 rating,$15
EVOK,$3.52,1441376469919,"6,852",100% bearish,of 1 rating,$13.375
EVEP,$7.85,1441376469972,"107,916",50% bullish,of 2 ratings,$15
EVLV,$2.63,1441376470075,"6,964",60% bullish,of 5 ratings,$4.625
EVK,NULL,1441376470102,0,75% bearish,of 4 ratings,N/A
EXA,$10.295,1441376470129,517,100% bearish,of 1 rating,$13
EVOL,$5.68,1441376470281,"1,800",75% bullish,of 4 ratings,$10
EXAS,$20.98,1441376470309,"63,187",78% bullish,of 9 ratings,$31
EXAC,$18.805,1441376470330,"1,168",100% bearish,of 1 rating,$22.50
EXEL,$5.63,1441376470351,"563,434",81% bullish,of 16 ratings,$6
EXFO,$2.83,1441376470495,180,67% bearish,of 3 ratings,$3.95
EXLS,$36.1,1441376470593,"4,574",50% bullish,of 2 ratings,$41
EXTR,$3.11,1441376470723,"34,090",80% bullish,of 5 ratings,$3
EXPD,$48.49,1441376470756,"497,143",80% bullish,of 5 ratings,$52
EXPO,$42.19,1441376470865,"3,158",100% bearish,of 1 rating,$45.50
EXPE,$111.42,1441376470894,"55,338",64% bullish,of 11 ratings,$130
EYEG,NULL,1441376471025,0,Not yet rated,NULL,N/A
EXLP,$18.34,1441376471059,"17,259",100% bearish,of 1 rating,$25
ESRX,$83.23,1441376471087,"303,536",67% bearish,of 6 ratings,$101
EZPW,$5.96,1441376471113,"8,528",50% bullish,of 4 ratings,$7
EZCH,$22.38,1441376471156,"9,214",75% bullish,of 8 ratings,$19
EYEGW,NULL,1441376471182,0,Not yet rated,NULL,N/A
FFIV,$120.3099,1441376471345,"121,908",63% bullish,of 8 ratings,$132
FB,$87.23,1441376471380,"4,552,149",73% bullish,of 1074 ratings,$111
FCS,$13.5699,1441376471515,"50,305",67% bearish,of 3 ratings,$17
FRP,$15.335,1441376471544,"4,364",100% bearish,of 1 rating,$18
FWM,$2.23,1441376471647,"4,219",100% bearish,of 2 ratings,$3.20
FALC,$1.6755,1441376471718,"8,790",63% bearish,of 8 ratings,N/A
FFKT,$25.6,1441376471853,870,Not yet rated,NULL,$29
FMNB,NULL,1441376471882,0,Not yet rated,NULL,N/A
FAST,$37.27,1441376471913,"186,447",80% bullish,of 5 ratings,$43
DAVE,$15.09,1441376471935,"5,339",100% bearish,of 1 rating,$15.50
FARM,$23.1,1441376471968,819,100% bearish,of 1 rating,$35
FARO,$36.3325,1441376472011,"10,230",50% bullish,of 2 ratings,$48
FATE,NULL,1441376472156,0,50% bullish,of 2 ratings,$11
FDML,$8.3,1441376472294,"43,841",50% bullish,of 4 ratings,$14
FBSS,NULL,1441376472321,0,Not yet rated,NULL,N/A
FEIC,$74.77,1441376472446,"15,168",50% bullish,of 2 ratings,$95.50
FNHC,$21.79,1441376472497,"2,124",100% bearish,of 1 rating,$35
FHCO,$1.4,1441376472545,901,50% bullish,of 4 ratings,N/A
FENX,$9.48,1441376472630,"10,189",100% bullish,of 1 rating,$14.25
FBRC,$21.59,1441376472656,"2,533",100% bearish,of 1 rating,$29
FCSC,$5.57,1441376472681,"16,280",100% bearish,of 1 rating,$8.125
LION,$19.19,1441376472912,"2,914",100% bullish,of 1 rating,$20
ONEQ,$184.8608,1441376472957,"5,801",100% bullish,of 1 rating,N/A
FGEN,$22.77,1441376473049,"18,334",100% bearish,of 1 rating,$39
FSAM,$7.54,1441376473195,927,100% bearish,of 1 rating,$10.25
FRGI,$51.76,1441376473223,"4,771",50% bullish,of 2 ratings,$70
FDUS,$14.315,1441376473257,"4,563",50% bullish,of 2 ratings,$18
FSC,$6.55,1441376473426,"35,119",60% bullish,of 5 ratings,$8
FSCFL,NULL,1441376473486,0,Not yet rated,NULL,N/A
FITB,$19.25,1441376473566,"448,065",54% bullish,of 13 ratings,$22
FNGN,$30.4,1441376473692,"29,322",67% bullish,of 3 ratings,$47
FNSR,$15.2768,1441376473766,"54,680",71% bullish,of 7 ratings,$24
FITBI,$27.38,1441376473816,"2,271",Not yet rated,NULL,N/A
FNJN,$1.81,1441376473849,600,100% bearish,of 1 rating,$5
FSFR,$8.81,1441376473875,"3,261",100% bearish,of 1 rating,$11.50
FNTC,NULL,1441376473949,0,Not yet rated,NULL,N/A
FISI,$24.16,1441376473974,"1,492",100% bullish,of 2 ratings,$24.50
FNTCU,NULL,1441376474111,0,Not yet rated,NULL,N/A
FNTCW,NULL,1441376474140,0,Not yet rated,NULL,N/A
FEYE,$37.9657,1441376474165,"653,106",88% bullish,of 16 ratings,$55.50
FBNC,$16.66,1441376474364,"1,104",100% bullish,of 1 rating,$20
FNLC,$18.61,1441376474455,792,100% bullish,of 1 rating,N/A
FRBA,NULL,1441376474482,0,Not yet rated,NULL,$8
FCNCA,$226.5,1441376474621,545,Not yet rated,NULL,N/A
BUSE,$6.27,1441376474698,"3,265",Not yet rated,NULL,$6.875
FCAP,$26.5,1441376474727,100,Not yet rated,NULL,N/A
FCVA,NULL,1441376474778,0,Not yet rated,NULL,N/A
FCFS,$39.41,1441376474826,"5,035",100% bearish,of 3 ratings,$47
FBIZ,$22.56,1441376474853,"3,088",100% bearish,of 2 ratings,$26
FCLF,$9.2,1441376475037,200,Not yet rated,NULL,N/A
FCFP,$6.81,1441376475066,4,Not yet rated,NULL,N/A
FCBC,$16.97,1441376475095,700,Not yet rated,NULL,$18
FCCO,$12.35,1441376475139,200,Not yet rated,NULL,$13.25
FBNK,$16.1,1441376475167,"7,617",100% bearish,of 1 rating,$17.50
FDEF,$36.25,1441376475311,400,Not yet rated,NULL,$38
FFNM,NULL,1441376475367,0,Not yet rated,NULL,N/A
FFBC,$18.14,1441376475532,"15,118",67% bearish,of 3 ratings,$20.25
FFBCW,NULL,1441376475559,0,100% bearish,of 1 rating,N/A
FFIN,$29.8981,1441376475589,"10,206",50% bullish,of 2 ratings,$31.75
THFF,$32.41,1441376475717,"1,498",Not yet rated,NULL,$35
FFNW,$12.29,1441376475746,103,Not yet rated,NULL,$14
FFWM,$21.29,1441376475775,400,Not yet rated,NULL,$24
FIBK,$26.32,1441376475845,"11,330",Not yet rated,NULL,$32
INBK,$29.85,1441376475909,"1,234",50% bullish,of 2 ratings,$37
FRME,$25.98,1441376475977,"8,084",Not yet rated,NULL,$26.50
FMBH,NULL,1441376476042,0,Not yet rated,NULL,N/A
FMBI,$17.26,1441376476071,"20,945",Not yet rated,NULL,$20
FNBC,$34.03,1441376476172,"5,188",Not yet rated,NULL,$40
FNFG,$9.02,1441376476200,"65,194",80% bullish,of 5 ratings,$9
FSFG,NULL,1441376476385,0,Not yet rated,NULL,N/A
FSBK,$7.75,1441376476483,854,100% bullish,of 1 rating,N/A
FNWB,$12.15,1441376476516,"5,360",Not yet rated,NULL,N/A
FSLR,$47.42,1441376476542,"153,065",72% bullish,of 39 ratings,$65
FSGI,$2.45,1441376476563,"6,966",Not yet rated,NULL,N/A
BICK,NULL,1441376476611,0,100% bullish,of 1 rating,N/A
FTCS,$35.64,1441376476705,"2,207",100% bearish,of 1 rating,N/A
FBZ,NULL,1441376476841,0,Not yet rated,NULL,N/A
FV,$22.95,1441376476890,"164,882",100% bearish,of 1 rating,N/A
FCA,$18.76,1441376477015,15,Not yet rated,NULL,N/A
FCAN,NULL,1441376477054,0,Not yet rated,NULL,N/A
FEMB,NULL,1441376477078,0,Not yet rated,NULL,N/A
IFV,$17.245,1441376477116,"46,850",100% bearish,of 1 rating,N/A
FEUZ,NULL,1441376477321,0,Not yet rated,NULL,N/A
FTSM,$59.95,1441376477352,"5,027",100% bearish,of 1 rating,N/A
TDIV,$24.3808,1441376477373,"6,556",100% bearish,of 1 rating,N/A
FGM,$34.8,1441376477453,346,Not yet rated,NULL,N/A
FTHI,$19.1,1441376477501,2,Not yet rated,NULL,N/A
FTGC,$22.44,1441376477552,"6,208",Not yet rated,NULL,N/A
MDIV,$18.85,1441376477597,"25,474",Not yet rated,NULL,N/A
HYLS,$49.5,1441376477754,"2,310",100% bearish,of 1 rating,N/A
FPXI,$26.55,1441376478091,100,Not yet rated,NULL,N/A
FHK,NULL,1441376478124,0,Not yet rated,NULL,N/A
SKYY,$28.2014,1441376478145,"8,862",100% bullish,of 1 rating,N/A
YDIV,$16.12,1441376478184,"2,535",Not yet rated,NULL,N/A
FJP,$44.73,1441376478219,"24,089",Not yet rated,NULL,N/A
CU,$12.43,1441376478281,"5,264",100% bearish,of 1 rating,N/A
FTLB,$19.06,1441376478310,1,100% bearish,of 1 rating,N/A
PLTM,$6.1001,1441376478330,200,100% bearish,of 1 rating,N/A
LMBS,NULL,1441376478489,0,Not yet rated,NULL,N/A
FMB,$51.26,1441376478521,472,Not yet rated,NULL,N/A
QABA,$36.8,1441376478547,"2,991",100% bearish,of 1 rating,N/A
CIBR,$17.4199,1441376478675,"7,557",Not yet rated,NULL,N/A
GRID,$30.78,1441376478700,200,100% bearish,of 1 rating,N/A
FONE,$34.67,1441376478728,10,Not yet rated,NULL,N/A
QCLN,$15,1441376478774,"36,727",Not yet rated,NULL,N/A
CARZ,$33.71,1441376478953,"1,188",100% bearish,of 1 rating,N/A
RDVY,NULL,1441376479132,0,Not yet rated,NULL,N/A
QTEC,$39.2899,1441376479162,"13,398",Not yet rated,NULL,N/A
AIRR,$16.15,1441376479183,46,100% bearish,of 1 rating,N/A
QQEW,$40.9796,1441376479218,"7,049",Not yet rated,NULL,N/A
FTSL,$48.67,1441376479261,"3,492",100% bearish,of 1 rating,N/A
QINC,NULL,1441376479316,0,Not yet rated,NULL,N/A
QQXT,$39.6999,1441376479343,"6,295",Not yet rated,NULL,N/A
FKO,NULL,1441376479543,0,Not yet rated,NULL,N/A
FSZ,NULL,1441376479599,0,Not yet rated,NULL,N/A
FDIV,NULL,1441376479624,0,100% bearish,of 1 rating,N/A
FTW,NULL,1441376479688,0,Not yet rated,NULL,N/A
TUSA,$24.5,1441376479713,"16,524",Not yet rated,NULL,N/A
FKU,$40.6133,1441376479770,"5,689",Not yet rated,NULL,N/A
FUNC,NULL,1441376479794,0,Not yet rated,NULL,N/A
SVVC,$9.0873,1441376479962,"4,606",50% bullish,of 2 ratings,$26
FSV,$32,1441376480003,"1,112",Not yet rated,NULL,$33.60
FMER,$17.3238,1441376480029,"45,775",50% bullish,of 2 ratings,$20
FISV,$84.32,1441376480106,"86,310",100% bearish,of 3 ratings,$90
FIVE,$34.45,1441376480164,"190,712",75% bearish,of 4 ratings,$43.50
FPRX,$19.5225,1441376480239,"28,413",50% bullish,of 2 ratings,$35
FIVN,$3.7302,1441376480308,"7,738",100% bullish,of 1 rating,$8.50
FLML,$22.75,1441376480370,"9,957",50% bullish,of 2 ratings,$30
FLKS,$11.465,1441376480405,"3,252",50% bullish,of 2 ratings,$27
SKOR,$50.44,1441376480505,900,Not yet rated,NULL,N/A
FLXN,$25.52,1441376480532,"6,648",100% bearish,of 1 rating,$40
MBSD,$25.05,1441376480569,199,Not yet rated,NULL,N/A
FLXS,$31.13,1441376480698,"1,296",100% bearish,of 2 ratings,N/A
FLEX,$10.34,1441376480752,"134,062",63% bullish,of 8 ratings,$12
FLIR,$28.12,1441376480802,"55,785",100% bearish,of 2 ratings,$38.50
FLDM,$11.07,1441376480827,"15,159",67% bearish,of 3 ratings,$15
FFIC,$19.36,1441376480854,"7,484",Not yet rated,NULL,$20.50
FOGO,$19.19,1441376481007,"1,607",50% bullish,of 2 ratings,$25.50
FOMX,$9.88,1441376481038,"4,057",50% bullish,of 2 ratings,$23.50
FONR,$9.7201,1441376481170,"9,188",100% bullish,of 1 rating,N/A
FORM,$6.58,1441376481201,"4,901",67% bullish,of 3 ratings,$10.50
FORTY,NULL,1441376481225,0,100% bearish,of 1 rating,N/A
FES,$0.91,1441376481255,10,50% bullish,of 2 ratings,$1
FORR,$30.69,1441376481305,546,Not yet rated,NULL,N/A
FTNT,$41.9095,1441376481473,"52,470",80% bullish,of 10 ratings,$52
FBIO,$2.49,1441376481500,"2,600",83% bullish,of 6 ratings,N/A
FWP,$25.16,1441376481547,"19,004",100% bearish,of 1 rating,$45
FWRD,$43.775,1441376481572,"6,983",100% bearish,of 1 rating,$50
FORD,$1.72,1441376481599,"620,466",67% bullish,of 3 ratings,N/A
FXCB,$17,1441376481734,626,Not yet rated,NULL,$19
FMI,$23.61,1441376481801,"6,888",100% bearish,of 2 ratings,$27.50
FOSL,$60.17,1441376481870,"20,259",60% bearish,of 5 ratings,$80
FRAN,$11.935,1441376482000,"87,959",50% bullish,of 4 ratings,$15
FOXF,$15.01,1441376482026,"1,440",100% bearish,of 1 rating,$19
FELE,$27.64,1441376482047,"6,080",50% bullish,of 4 ratings,$33
FRED,$12.65,1441376482210,"13,350",50% bullish,of 2 ratings,$15.50
FEIM,$11.2,1441376482236,"1,800",100% bearish,of 1 rating,N/A
FREE,$0.3454,1441376482267,"120,914",92% bullish,of 12 ratings,N/A
RAIL,$19.895,1441376482295,"9,662",100% bearish,of 1 rating,$24.50
FTR,$5.37,1441376482373,"1,700,320",78% bullish,of 27 ratings,$6.25
FTRPR,$105.02,1441376482447,300,100% bearish,of 1 rating,N/A
FRPT,$12.23,1441376482499,"27,866",67% bearish,of 3 ratings,$23.50
FRPH,$30.92,1441376482602,192,100% bearish,of 1 rating,N/A
FSBW,$22.97,1441376482673,200,Not yet rated,NULL,N/A
FTD,$29.76,1441376482842,"3,966",100% bearish,of 1 rating,$40
FSYS,$6.26,1441376482986,"30,900",67% bullish,of 3 ratings,$8.50
FCEL,$0.8602,1441376483011,"75,422",88% bullish,of 41 ratings,$2.65
FTEK,$1.95,1441376483156,"1,664",75% bullish,of 4 ratings,N/A
FULLL,NULL,1441376483185,0,Not yet rated,NULL,N/A
FULL,$3.1001,1441376483207,"3,800",67% bearish,of 3 ratings,$4.25
FULT,$11.76,1441376483238,"34,323",100% bearish,of 1 rating,$13
FLL,$1.45,1441376483262,"4,058",75% bullish,of 4 ratings,$3.50
FSNN,NULL,1441376483283,0,67% bullish,of 3 ratings,$6
FXEN,$0.95,1441376483432,747,75% bullish,of 4 ratings,$1.10
FFHL,NULL,1441376483510,0,50% bullish,of 4 ratings,N/A
WILC,NULL,1441376483585,0,100% bullish,of 2 ratings,N/A
GAIA,$5.95,1441376483611,"2,983",50% bullish,of 2 ratings,$8.50
GK,$67.01,1441376483638,"3,256",Not yet rated,NULL,$78
FXENP,NULL,1441376483688,0,100% bearish,of 1 rating,N/A
GLPG,$57.3395,1441376483789,"3,369",100% bullish,of 1 rating,$75
GALT,$2.04,1441376483959,"3,000",80% bullish,of 5 ratings,N/A
GALTU,NULL,1441376483990,0,100% bearish,of 1 rating,N/A
GALE,$1.57,1441376484011,"159,345",89% bullish,of 47 ratings,$4
GALTW,NULL,1441376484091,0,100% bullish,of 1 rating,N/A
GLMD,$8.355,1441376484148,"6,270",67% bullish,of 3 ratings,$20.50
GPIC,$9.92,1441376484252,200,100% bearish,of 1 rating,N/A
GRMN,$36.75,1441376484347,"58,948",50% bullish,of 6 ratings,$46.50
GLPI,$30.54,1441376484382,"43,650",100% bearish,of 1 rating,$37.50
GGAC,NULL,1441376484407,0,100% bearish,of 1 rating,N/A
GGACU,$10.26,1441376484432,200,Not yet rated,NULL,N/A
GGACR,NULL,1441376484477,0,100% bullish,of 1 rating,N/A
GGACW,NULL,1441376484630,0,Not yet rated,NULL,N/A
GARS,$14.635,1441376484655,"2,999",Not yet rated,NULL,$16
GNCMA,$16.8,1441376484789,"10,249",100% bearish,of 1 rating,$12
GFNCP,NULL,1441376484874,0,Not yet rated,NULL,N/A
GENC,$9,1441376484922,200,100% bearish,of 1 rating,N/A
GFN,$3.97,1441376484948,"2,943",100% bearish,of 2 ratings,$8
GENE,$2.32,1441376485077,"10,530",100% bullish,of 12 ratings,N/A
GFNSL,$25.8,1441376485103,167,Not yet rated,NULL,N/A
GNMK,$9.43,1441376485127,"8,485",67% bullish,of 6 ratings,$14
GNCA,$10.75,1441376485158,"27,189",100% bearish,of 1 rating,$20
GHDX,$25.64,1441376485292,"5,923",50% bullish,of 2 ratings,$30
GNTX,$15.73,1441376485352,"335,035",Not yet rated,NULL,$20
GNVC,$2.51,1441376485418,919,90% bullish,of 10 ratings,$8.50
THRM,$44.97,1441376485444,"20,199",75% bearish,of 4 ratings,$55.50
GEOS,$17.065,1441376485520,"6,630",100% bearish,of 3 ratings,$21
GTWN,$17.85,1441376485581,277,Not yet rated,NULL,N/A
GABC,$28.7,1441376485688,772,Not yet rated,NULL,$31.50
GERN,$3.402,1441376485719,"631,032",88% bullish,of 17 ratings,$5.25
GEVO,$2.247,1441376485937,"46,390",75% bullish,of 12 ratings,$5
ROCK,$16.1,1441376485965,"13,086",80% bullish,of 5 ratings,$24
GIGM,NULL,1441376485986,0,100% bullish,of 2 ratings,N/A
GIGA,$1.3,1441376486024,"91,039",100% bearish,of 1 rating,N/A
GIII,$70.37,1441376486046,"40,213",67% bullish,of 3 ratings,$79
GILT,$4.12,1441376486128,"1,100",50% bullish,of 2 ratings,N/A
GBCI,$25.8,1441376486177,"13,520",50% bullish,of 2 ratings,$31
GILD,$102.3582,1441376486348,"1,404,670",91% bullish,of 88 ratings,$129
GLAD,$8.73,1441376486403,"13,815",50% bullish,of 2 ratings,$8.75
GOOD,$13.99,1441376486494,"9,357",Not yet rated,NULL,$19
GLADO,$25.58,1441376486549,100,Not yet rated,NULL,N/A
GOODP,NULL,1441376486593,0,Not yet rated,NULL,N/A
GOODN,$25.61,1441376486617,200,Not yet rated,NULL,N/A
GAINN,$25.3,1441376486766,"32,511",Not yet rated,NULL,N/A
GOODO,NULL,1441376486817,0,Not yet rated,NULL,N/A
GAIN,$7.43,1441376486923,"4,811",100% bullish,of 2 ratings,$8.25
GAINO,NULL,1441376486982,0,Not yet rated,NULL,N/A
GLBZ,NULL,1441376487009,0,Not yet rated,NULL,N/A
GAINP,$25.6,1441376487052,"1,506",Not yet rated,NULL,N/A
LAND,$9.0505,1441376487181,"2,162",50% bullish,of 2 ratings,$13.75
GBT,$52.5,1441376487220,"4,027",100% bearish,of 1 rating,N/A
GDEF,NULL,1441376487280,0,Not yet rated,NULL,N/A
ENT,$11.07,1441376487307,"35,103",100% bearish,of 1 rating,$18
GSOL,$8.31,1441376487608,"1,016",100% bearish,of 1 rating,N/A
GPACU,NULL,1441376487642,0,Not yet rated,NULL,N/A
SOCL,$17.075,1441376487709,"8,266",100% bullish,of 2 ratings,N/A
GBLI,$26.75,1441376487734,"2,633",Not yet rated,NULL,N/A
SRET,$12.9,1441376487763,151,Not yet rated,NULL,N/A
ACTX,NULL,1441376487793,0,100% bullish,of 1 rating,N/A
ALTY,NULL,1441376487814,0,Not yet rated,NULL,N/A
QQQC,$18.2117,1441376487844,905,100% bearish,of 1 rating,N/A
GBIM,$2.79,1441376488289,500,50% bullish,of 2 ratings,N/A
YLCO,NULL,1441376488387,0,Not yet rated,NULL,N/A
GSM,$13.68,1441376488416,"55,180",50% bullish,of 2 ratings,$22
GAI,$5.75,1441376488441,"2,514",50% bullish,of 2 ratings,N/A
GLUU,$4.385,1441376488519,"113,309",92% bullish,of 26 ratings,$9
GLRI,$1.0751,1441376488590,"6,000",100% bearish,of 1 rating,$4.25
GLBS,NULL,1441376488649,0,67% bullish,of 3 ratings,N/A
GLYC,$7,1441376488718,"1,300",50% bullish,of 2 ratings,$14
GOGO,$15.669,1441376488744,"47,300",80% bullish,of 5 ratings,$25
GMLP,$20.82,1441376488779,"8,291",50% bullish,of 4 ratings,$29
GLNG,$38.78,1441376488878,"99,414",83% bullish,of 6 ratings,$55.50
GLDC,$3.97,1441376488914,222,50% bullish,of 2 ratings,N/A
GDEN,NULL,1441376488940,0,50% bullish,of 2 ratings,N/A
GOGL,$2.85,1441376489011,"68,570",75% bullish,of 4 ratings,$5
GTIM,$6.6401,1441376489082,"2,026",Not yet rated,NULL,$11.50
GBDC,$16.92,1441376489240,"18,359",Not yet rated,NULL,$17.75
GOOG,$600.495,1441376489302,"210,968",86% bullish,of 74 ratings,$787.50
GPRO,$38.59,1441376489342,"2,344,631",78% bullish,of 59 ratings,$72
GOOGL,$629.5,1441376489412,"224,062",88% bullish,of 1082 ratings,$749
GMAN,$3.6855,1441376489476,"3,767",60% bullish,of 5 ratings,$8.50
GPIAW,NULL,1441376489505,0,Not yet rated,NULL,N/A
GPIA,NULL,1441376489546,0,100% bearish,of 1 rating,N/A
GPIAU,NULL,1441376489606,0,Not yet rated,NULL,N/A
GRVY,NULL,1441376489692,0,50% bullish,of 2 ratings,N/A
GBSN,$0.1641,1441376489778,"1,776,165",50% bullish,of 2 ratings,$8.25
LOPE,$37.24,1441376489826,"18,473",100% bearish,of 2 ratings,$50
GBSNU,NULL,1441376489848,0,NULL,NULL,NULL
GSBC,$40.2328,1441376489984,"1,176",100% bullish,of 1 rating,$44
GLDD,$5.44,1441376490009,"7,110",100% bearish,of 4 ratings,$7.75
GNBC,$11.45,1441376490148,968,100% bearish,of 1 rating,$16.50
GRBK,$11.71,1441376490249,"18,678",77% bullish,of 13 ratings,N/A
GPP,NULL,1441376490278,0,Not yet rated,NULL,$20.50
GCBC,NULL,1441376490307,0,100% bullish,of 1 rating,N/A
GPRE,$20.1,1441376490349,"30,214",67% bullish,of 6 ratings,$28.50
GLRE,$24.14,1441376490376,"23,474",50% bullish,of 2 ratings,$34
GRFS,$30.81,1441376490438,"272,962",50% bullish,of 2 ratings,$35
GRIF,$32,1441376490521,"44,001",100% bearish,of 1 rating,N/A
OMAB,$41.37,1441376490679,"9,932",100% bullish,of 1 rating,$44
GRPN,$4.32,1441376490704,"323,207",61% bullish,of 71 ratings,$6.75
GGAL,$19.08,1441376490731,"11,813",80% bullish,of 5 ratings,$40
GSIT,$4.59,1441376490910,400,100% bearish,of 1 rating,N/A
GSIG,$12.91,1441376490935,"8,260",100% bearish,of 2 ratings,N/A
GSVC,$8.8742,1441376490960,"2,707",50% bullish,of 2 ratings,$15.75
GTXI,$0.9041,1441376491102,"15,924",100% bullish,of 5 ratings,$.75
GUID,$6.77,1441376491128,"2,245",100% bearish,of 3 ratings,$10
GBNK,$15.74,1441376491168,"4,874",100% bearish,of 1 rating,$18
GFED,NULL,1441376491201,0,Not yet rated,NULL,$17
GIFI,$12.135,1441376491303,"6,246",100% bearish,of 1 rating,$16
GULTU,$0.337,1441376491410,"4,000",100% bearish,of 1 rating,N/A
GURE,$1.71,1441376491473,"1,900",88% bullish,of 8 ratings,N/A
GPOR,$33.2211,1441376491557,"125,256",75% bullish,of 4 ratings,$54
GWGH,$7.7,1441376491587,7,100% bearish,of 1 rating,$15.05
GWPH,$102.9,1441376491659,"27,911",78% bullish,of 9 ratings,$148.50
HEES,$18.45,1441376491687,"37,183",67% bearish,of 3 ratings,$31
GYRO,$30.9256,1441376491820,369,100% bearish,of 1 rating,N/A
HLG,NULL,1441376491851,0,100% bearish,of 1 rating,N/A
HNRG,$7.182,1441376491955,"4,444",100% bearish,of 1 rating,$10
HALL,$11.34,1441376491987,"2,686",Not yet rated,NULL,N/A
HALO,$17.29,1441376492061,"119,106",67% bullish,of 3 ratings,$22.50
HBK,NULL,1441376492089,0,50% bullish,of 2 ratings,N/A
HMPR,$1.867,1441376492116,"2,102",100% bullish,of 1 rating,N/A
HBHC,$27.32,1441376492314,"36,917",50% bullish,of 2 ratings,$30
HNH,$26.05,1441376492342,"4,177",100% bullish,of 1 rating,N/A
HBHCL,$24.4412,1441376492367,413,Not yet rated,NULL,N/A
HNSN,$0.5372,1441376492532,"17,700",88% bullish,of 8 ratings,$.40
HAFC,$23.76,1441376492561,"8,035",100% bullish,of 2 ratings,$28.50
HQCL,$12.4801,1441376492609,"3,594",67% bullish,of 3 ratings,$14
HLIT,$5.7,1441376492667,"19,844",100% bearish,of 1 rating,$6.50
HDNG,$10.2,1441376492754,484,50% bullish,of 4 ratings,N/A
HRMN,NULL,1441376492785,0,Not yet rated,NULL,N/A
HRMNU,NULL,1441376492883,0,Not yet rated,NULL,N/A
HRMNW,NULL,1441376492911,0,Not yet rated,NULL,N/A
TINY,$2.47,1441376493137,"3,001",50% bullish,of 2 ratings,$5.26
HART,$1.3405,1441376493163,"35,980",100% bearish,of 1 rating,N/A
HBIO,$4.37,1441376493223,"2,525",100% bearish,of 1 rating,$10
HCAP,$12.0999,1441376493295,730,50% bullish,of 2 ratings,$15
HCAPL,NULL,1441376493355,0,Not yet rated,NULL,N/A
HAS,$76.07,1441376493438,"101,034",63% bullish,of 8 ratings,$84.50
HCOM,$21.32,1441376493486,931,100% bearish,of 1 rating,$28
HWBK,NULL,1441376493622,0,100% bearish,of 1 rating,N/A
HWKN,$38.1,1441376493647,"2,003",Not yet rated,NULL,N/A
HAYN,$37.82,1441376493703,"1,816",100% bearish,of 1 rating,$59
HDS,$32.18,1441376493736,"115,489",100% bearish,of 2 ratings,$39.50
HIIQ,$4.7228,1441376493836,300,50% bullish,of 2 ratings,$7
HCSG,$32.68,1441376493862,"12,817",50% bullish,of 4 ratings,$35
HA,$23.8199,1441376493892,"66,694",67% bullish,of 9 ratings,$27
HQY,$29.5685,1441376494038,"17,303",67% bullish,of 3 ratings,$35
HSTM,$24.23,1441376494079,"4,908",50% bullish,of 2 ratings,$33.75
HWAY,$11.69,1441376494216,"32,573",100% bearish,of 1 rating,$15
HTLD,$20.3,1441376494245,"23,078",Not yet rated,NULL,$22.50
HTLF,$35.3,1441376494274,"7,767",100% bullish,of 1 rating,$39.50
HTWR,$64.79,1441376494316,"35,133",50% bullish,of 2 ratings,$102.50
HTBX,$3.6,1441376494376,"26,467",50% bullish,of 2 ratings,$15.50
HELE,$83.526,1441376494405,"7,845",67% bearish,of 3 ratings,$100
HSII,$19.86,1441376494457,"2,842",100% bullish,of 3 ratings,$25
HMNY,NULL,1441376494708,0,100% bearish,of 1 rating,N/A
HNNA,$24.55,1441376494732,231,Not yet rated,NULL,N/A
HMTV,$13.38,1441376494761,600,100% bearish,of 1 rating,$16
HCACU,$10,1441376494789,"2,190",Not yet rated,NULL,N/A
HERO,NULL,1441376494884,0,NULL,NULL,NULL
HSIC,$134.45,1441376494931,"16,964",83% bullish,of 6 ratings,$146
HTBK,$10.4,1441376494987,"4,080",Not yet rated,NULL,$12
HCCI,$11.59,1441376495172,930,100% bearish,of 1 rating,$16.50
HFWA,$17.72,1441376495202,"33,634",100% bullish,of 1 rating,$20
HEOP,$7.8,1441376495223,755,Not yet rated,NULL,$8.50
MLHR,$26.8,1441376495255,"13,784",50% bullish,of 2 ratings,$33.50
HRTX,$36.39,1441376495276,"115,429",57% bullish,of 7 ratings,$41
HSKA,$33.17,1441376495412,"5,727",100% bearish,of 1 rating,$38
HIBB,$38.85,1441376495562,"15,771",100% bearish,of 1 rating,$46.50
HFFC,$15.76,1441376495589,200,Not yet rated,NULL,N/A
HPJ,$2.1499,1441376495610,932,75% bullish,of 4 ratings,$12.43
HIMX,$7.1179,1441376495641,"200,016",86% bullish,of 21 ratings,$8.25
HIHO,$4.2114,1441376495791,"8,274",Not yet rated,NULL,N/A
HMSY,$10.06,1441376495890,"48,647",67% bullish,of 3 ratings,$19.35
HMNF,NULL,1441376495927,0,Not yet rated,NULL,N/A
HSGX,NULL,1441376495999,0,100% bearish,of 1 rating,$17
HOLX,$38.37,1441376496030,"133,868",50% bullish,of 4 ratings,$42
HIFS,$113.21,1441376496055,134,Not yet rated,NULL,N/A
HOLI,$16.6725,1441376496081,"24,350",50% bullish,of 4 ratings,$27
HOMB,$37.1838,1441376496111,"7,400",Not yet rated,NULL,$42
HFBL,$22,1441376496253,"3,456",Not yet rated,NULL,N/A
HBCP,$24.85,1441376496462,500,Not yet rated,NULL,$29
AWAY,$28.44,1441376496488,"56,345",67% bullish,of 3 ratings,$36
HMIN,$24.97,1441376496614,"11,306",100% bearish,of 2 ratings,$35
HKTV,$4.11,1441376496652,"51,008",100% bearish,of 1 rating,N/A
CETC,$0.7701,1441376496715,"5,500",86% bullish,of 7 ratings,N/A
HFBC,$11.05,1441376496742,"6,460",Not yet rated,NULL,N/A
HTBI,$18.02,1441376496780,"1,762",67% bullish,of 3 ratings,$18.625
HMST,$21.9237,1441376496872,"8,871",100% bullish,of 2 ratings,$27
HOFT,$22.29,1441376496933,"6,155",100% bearish,of 1 rating,N/A
HBNC,$23.62,1441376497043,"1,850",100% bullish,of 1 rating,$27
HZNP,$29.445,1441376497115,"174,784",85% bullish,of 20 ratings,$40
HDP,$23.45,1441376497144,"20,690",67% bearish,of 3 ratings,$30.50
ZINC,$7.18,1441376497195,"48,561",100% bearish,of 1 rating,$17
HRZN,$10.22,1441376497223,"3,458",50% bullish,of 2 ratings,$14.25
HMHC,$22.4,1441376497290,"36,703",Not yet rated,NULL,$27
HWCC,$7.52,1441376497435,"5,765",100% bearish,of 1 rating,$9
HBMD,$13.98,1441376497637,200,100% bearish,of 1 rating,N/A
HTGM,NULL,1441376497666,0,100% bearish,of 1 rating,$19.50
HSNI,$59.38,1441376497687,"11,063",Not yet rated,NULL,$80
HCBK,$9.22,1441376497731,"171,500",83% bullish,of 6 ratings,$8.61
HOVNP,$3.89,1441376497820,"19,370",100% bearish,of 1 rating,N/A
HUBG,$38.21,1441376497846,"9,037",100% bearish,of 1 rating,$43
HSON,NULL,1441376497871,0,100% bearish,of 1 rating,$5
HBAN,$10.57,1441376497927,"663,520",76% bullish,of 17 ratings,$12.29
HBANP,$1353.3,1441376498088,20,100% bearish,of 1 rating,N/A
HDSN,$3.08,1441376498155,"1,100",100% bullish,of 1 rating,$6.25
HURN,$72.675,1441376498187,"4,634",50% bullish,of 2 ratings,$80
HURC,$29.26,1441376498213,"1,627",100% bearish,of 1 rating,N/A
HBP,NULL,1441376498287,0,100% bullish,of 1 rating,N/A
HTCH,$1.4981,1441376498315,"5,932",100% bearish,of 1 rating,$3.50
HDRA,NULL,1441376498483,0,Not yet rated,NULL,N/A
HDRAR,NULL,1441376498547,0,Not yet rated,NULL,N/A
HDRAW,NULL,1441376498573,0,Not yet rated,NULL,N/A
HYGS,$8.6,1441376498706,800,50% bullish,of 2 ratings,$13
HDRAU,NULL,1441376498730,0,Not yet rated,NULL,N/A
IDSY,$3.8,1441376498778,"2,700",100% bearish,of 1 rating,$7
IKGH,NULL,1441376498874,0,75% bullish,of 4 ratings,N/A
IACI,$69.38,1441376498902,"25,115",80% bullish,of 5 ratings,$90
ICAD,$3.8104,1441376498935,"1,933",100% bullish,of 2 ratings,$7.25
IBKC,$59.641,1441376498961,"4,603",100% bullish,of 1 rating,$70
IEP,$68.154,1441376499038,"26,241",75% bullish,of 4 ratings,$99
ICFI,$33.37,1441376499128,"1,884",50% bullish,of 2 ratings,$48.50
ICLR,$76.6899,1441376499209,"18,787",100% bearish,of 3 ratings,$85
ICON,$13.1301,1441376499295,"44,903",50% bullish,of 2 ratings,$18.50
ICUI,$109.49,1441376499320,"5,463",Not yet rated,NULL,$122
INVE,$4.42,1441376499452,"8,669",75% bullish,of 4 ratings,$4
IPWR,$7.25,1441376499477,"3,324",100% bullish,of 1 rating,$15
IDXX,$72.73,1441376499629,"17,568",100% bearish,of 1 rating,$76
IDRA,$2.86,1441376499656,"75,720",89% bullish,of 9 ratings,$6.50
DSKY,$10.52,1441376499682,"13,248",67% bullish,of 6 ratings,$11.50
IROQ,$16.99,1441376499709,100,100% bullish,of 1 rating,N/A
IRG,$4.95,1441376499842,"2,340",100% bearish,of 1 rating,$4.25
KANG,$15.46,1441376499978,"129,154",50% bullish,of 2 ratings,$23.10
IIVI,$16.31,1441376500010,"11,364",100% bearish,of 1 rating,$22
RXDX,$14.47,1441376500040,"19,245",100% bullish,of 1 rating,$20
ILMN,$194.3,1441376500111,"79,317",80% bullish,of 5 ratings,$245
IKNX,$12,1441376500139,350,100% bearish,of 1 rating,N/A
IKAN,$2.73,1441376500242,560,83% bullish,of 6 ratings,$5
ISNS,$4.1,1441376500398,200,50% bullish,of 2 ratings,N/A
ICCC,$6.84,1441376500451,"2,702",100% bullish,of 1 rating,N/A
IMDZ,$15.28,1441376500543,"7,437",100% bearish,of 1 rating,$33
IMMR,$12.11,1441376500578,"8,184",80% bullish,of 5 ratings,$15.50
IMNP,$1.2601,1441376500605,"10,130",50% bullish,of 2 ratings,$6
IMGN,$13.5,1441376500631,"121,253",75% bullish,of 4 ratings,$17.50
IMMU,$2.07,1441376500808,"84,691",86% bullish,of 7 ratings,$2
IPXL,$40.69,1441376500835,"37,156",67% bullish,of 3 ratings,$46.50
INCR,$41.89,1441376500976,"30,137",50% bullish,of 2 ratings,$53
IMMY,$7.45,1441376501116,103,100% bearish,of 1 rating,$11
SAAS,$7.15,1441376501176,"18,614",50% bullish,of 2 ratings,$15
INDB,$43.78,1441376501250,"2,164",Not yet rated,NULL,$44
INCY,$115.16,1441376501277,"172,158",50% bullish,of 6 ratings,$125.50
IBCP,$14,1441376501298,"4,184",100% bullish,of 1 rating,$14.50
IDSA,$3.49,1441376501431,"1,561",Not yet rated,NULL,N/A
IBTX,$39.84,1441376501486,832,100% bullish,of 2 ratings,$47.25
INFN,$21.7503,1441376501512,"218,561",71% bullish,of 7 ratings,$28
INFI,$8.69,1441376501542,"47,118",50% bullish,of 4 ratings,$16.50
III,$3.68,1441376501615,"2,100",57% bullish,of 7 ratings,$6
IPCC,$75.08,1441376501693,825,Not yet rated,NULL,$77.50
IMKTA,$50.59,1441376501718,"2,384",100% bearish,of 1 rating,N/A
IFON,$1.2831,1441376501746,"4,600",75% bullish,of 4 ratings,N/A
INWK,$6.86,1441376501882,"6,456",50% bullish,of 2 ratings,$10
INNL,NULL,1441376501977,0,100% bearish,of 1 rating,$16.50
IPHS,$46.13,1441376502121,"4,298",100% bearish,of 1 rating,$60
ISSC,NULL,1441376502220,0,67% bearish,of 3 ratings,N/A
INGN,$51.45,1441376502247,"10,667",100% bearish,of 1 rating,$50.50
INOD,$2.4,1441376502277,290,100% bearish,of 1 rating,N/A
INO,$7.11,1441376502319,"122,378",89% bullish,of 18 ratings,$20
INOV,$20.965,1441376502376,"36,978",100% bearish,of 1 rating,$33
IOSP,$49.08,1441376502459,"9,804",100% bearish,of 1 rating,N/A
ITEK,$12.74,1441376502486,"49,324",100% bearish,of 3 ratings,$20
NSIT,$24.81,1441376502553,"4,019",50% bullish,of 2 ratings,N/A
INSM,$24.11,1441376502682,"42,679",71% bullish,of 7 ratings,$31.50
ISIG,$2.61,1441376502750,171,100% bearish,of 1 rating,N/A
IIIN,$17,1441376502777,"5,116",100% bearish,of 2 ratings,N/A
PODD,$28.24,1441376502803,"16,471",67% bearish,of 3 ratings,$35
INSY,$34.39,1441376502936,"51,225",75% bullish,of 4 ratings,$48
NTEC,$5.5,1441376502961,700,100% bearish,of 1 rating,N/A
IART,$62.05,1441376503030,"26,501",100% bearish,of 2 ratings,$71.50
IESC,$7.11,1441376503137,100,100% bearish,of 1 rating,N/A
INTC,$28.6855,1441376503164,"3,639,452",82% bullish,of 238 ratings,$36
ISSI,$21.8,1441376503190,"14,705",67% bullish,of 3 ratings,$19.75
IDTI,$18.95,1441376503318,"114,978",60% bullish,of 5 ratings,$25
IQNT,$18.54,1441376503344,"18,148",86% bullish,of 7 ratings,$20
IPCI,$2.21,1441376503408,"2,000",67% bullish,of 6 ratings,$8
IBKR,$37.4,1441376503436,"32,719",100% bullish,of 1 rating,N/A
ININ,$35.08,1441376503628,"2,782",67% bearish,of 3 ratings,$57
IPAR,$24.56,1441376503653,"3,886",67% bullish,of 3 ratings,$38
ICPT,$187.5,1441376503682,"8,041",70% bullish,of 10 ratings,$359.50
ICLD,$2.09,1441376503817,"454,046",75% bullish,of 4 ratings,N/A
ICLDW,NULL,1441376503890,0,100% bearish,of 1 rating,N/A
TILE,$24.1302,1441376504153,"28,549",100% bearish,of 3 ratings,$27
IDCC,$48.37,1441376504311,"13,322",80% bullish,of 5 ratings,$63
IMI,$1.91,1441376504347,"1,705",67% bullish,of 3 ratings,$2.22
ISCA,$32.4,1441376504540,"5,362",100% bearish,of 1 rating,N/A
IBOC,$24.81,1441376504566,"7,308",100% bearish,of 1 rating,N/A
IGLD,$7.3,1441376504596,100,50% bullish,of 2 ratings,N/A
INAP,$9.14,1441376504755,"26,571",75% bullish,of 4 ratings,$11
PTNT,$2.91,1441376504926,300,Not yet rated,NULL,N/A
IIJI,NULL,1441376504969,0,50% bullish,of 2 ratings,$12.50
INPH,$0.3096,1441376504995,"3,100",50% bullish,of 2 ratings,N/A
XENT,$25.21,1441376505056,"2,492",50% bullish,of 2 ratings,$36.50
INTX,$2,1441376505082,800,67% bullish,of 3 ratings,N/A
ISIL,$10.32,1441376505103,"144,641",50% bullish,of 6 ratings,$15
IILG,$19.53,1441376505232,"5,798",100% bearish,of 1 rating,$29
IVAC,$4.6,1441376505278,"2,200",100% bearish,of 1 rating,$6.625
INTLL,NULL,1441376505468,0,Not yet rated,NULL,N/A
ITCI,$27,1441376505504,"22,388",75% bearish,of 4 ratings,$40
IIN,NULL,1441376505529,0,100% bearish,of 1 rating,$12
INTL,$25.79,1441376505604,"6,902",67% bearish,of 3 ratings,N/A
INTU,$84.98,1441376505712,"184,585",86% bullish,of 7 ratings,$107.50
INVT,$0.3299,1441376505784,"22,607",67% bullish,of 3 ratings,N/A
ISRG,$509.3076,1441376505846,"11,776",67% bullish,of 3 ratings,$600
ISTR,$15.51,1441376505975,4,100% bearish,of 1 rating,$18.50
ISBC,$11.67,1441376506001,"379,696",100% bullish,of 1 rating,$13.25
SNAK,$8.448,1441376506032,"5,238",50% bullish,of 2 ratings,$14
ITIC,$70.01,1441376506062,202,100% bearish,of 2 ratings,N/A
NVIV,$9.4,1441376506130,"17,442",50% bullish,of 4 ratings,$24.50
IVTY,$14.3,1441376506206,"3,101",Not yet rated,NULL,$18
IPAS,$1.06,1441376506231,"11,103",67% bullish,of 3 ratings,N/A
DFVL,$66.28,1441376506494,600,Not yet rated,NULL,N/A
DTUL,$64.7,1441376506520,802,Not yet rated,NULL,N/A
IPCM,$79.2,1441376506651,"17,817",50% bullish,of 2 ratings,$80.125
IPGP,$81.95,1441376506712,"19,396",67% bearish,of 3 ratings,$109.50
IRIX,$6.8,1441376506737,674,100% bearish,of 1 rating,N/A
IRMD,$23.77,1441376506786,818,67% bearish,of 3 ratings,$25
IRDM,$6.92,1441376506877,"79,944",60% bullish,of 5 ratings,$11.50
IRBT,$29.84,1441376506963,"18,577",67% bullish,of 6 ratings,$37
IRDMB,NULL,1441376507106,0,67% bearish,of 3 ratings,N/A
IRWD,$10.76,1441376507138,"72,308",100% bearish,of 1 rating,$13
IRCP,NULL,1441376507165,0,100% bullish,of 2 ratings,N/A
COMT,$33.155,1441376507186,781,100% bearish,of 1 rating,N/A
FCHI,NULL,1441376507216,0,NULL,NULL,NULL
GNMA,$50.22,1441376507241,10,Not yet rated,NULL,N/A
IFAS,NULL,1441376507417,0,NULL,NULL,NULL
IFGL,$27.472,1441376507587,"6,493",Not yet rated,NULL,N/A
IFEU,$37.34,1441376507614,194,Not yet rated,NULL,N/A
ACWX,$39.2799,1441376507635,"46,158",100% bearish,of 1 rating,N/A
ACWI,$54.21,1441376507655,"64,238",Not yet rated,NULL,N/A
IFNA,NULL,1441376507691,0,NULL,NULL,NULL
AAIT,NULL,1441376507795,0,NULL,NULL,NULL
AXJS,NULL,1441376507823,0,NULL,NULL,NULL
AAXJ,$51.34,1441376507856,"43,066",Not yet rated,NULL,N/A
EMDI,NULL,1441376507924,0,NULL,NULL,NULL
EEME,NULL,1441376507949,0,NULL,NULL,NULL
EEMA,$48.42,1441376508000,"11,069",Not yet rated,NULL,N/A
EMEY,NULL,1441376508023,0,NULL,NULL,NULL
EGRW,NULL,1441376508149,0,NULL,NULL,NULL
EVAL,NULL,1441376508194,0,NULL,NULL,NULL
EEML,NULL,1441376508325,0,Not yet rated,NULL,N/A
EUFN,$20.9505,1441376508391,"23,033",100% bearish,of 1 rating,N/A
IBB,$338.35,1441376508609,"310,657",63% bullish,of 8 ratings,N/A
UAE,$17.61,1441376508639,300,Not yet rated,NULL,N/A
QAT,NULL,1441376508665,0,Not yet rated,NULL,N/A
IEUS,$44.745,1441376508717,415,100% bearish,of 1 rating,N/A
SOXX,$81.88,1441376508824,"60,248",50% bullish,of 2 ratings,N/A
WOOD,$47.2,1441376508855,100,50% bullish,of 2 ratings,N/A
ICLN,$9.17,1441376508898,"4,092",50% bullish,of 2 ratings,N/A
EMIF,$27.7599,1441376508922,605,Not yet rated,NULL,N/A
INDY,$26.17,1441376509136,"37,550",50% bullish,of 2 ratings,N/A
ISHG,$79.27,1441376509167,"18,300",100% bearish,of 1 rating,N/A
ISIS,$51.73,1441376509204,"113,342",53% bullish,of 15 ratings,$67
IGOV,$90.585,1441376509267,"19,001",100% bearish,of 1 rating,N/A
ITRI,$29.16,1441376509343,"11,347",100% bearish,of 1 rating,$37
ISRL,$122.2,1441376509450,72,100% bearish,of 1 rating,N/A
ISLE,$19.05,1441376509509,"39,750",50% bullish,of 4 ratings,$17
ITRN,$23.01,1441376509539,250,50% bullish,of 2 ratings,N/A
XXIA,$15.02,1441376509637,"32,491",71% bullish,of 7 ratings,$14.625
IXYS,$11.29,1441376509666,"7,090",50% bullish,of 4 ratings,N/A
JJSF,$114.99,1441376509768,"2,232",100% bearish,of 1 rating,N/A
ITUS,$3.95,1441376509831,700,Not yet rated,NULL,N/A
MAYS,NULL,1441376509974,0,Not yet rated,NULL,N/A
JASO,$8.02,1441376510005,"22,456",82% bullish,of 17 ratings,$10
JBHT,$74.7201,1441376510107,"176,749",50% bullish,of 4 ratings,$89.50
JCOM,$67.555,1441376510188,"7,810",100% bullish,of 2 ratings,$77
JKHY,$66.97,1441376510476,"11,405",67% bearish,of 3 ratings,$72
JACK,$78.53,1441376510538,"24,555",71% bullish,of 7 ratings,$105
JAXB,NULL,1441376510682,0,100% bullish,of 1 rating,N/A
JXSB,$24.23,1441376510709,100,Not yet rated,NULL,N/A
JAGX,$3.37,1441376510735,220,Not yet rated,NULL,$10.50
JAKK,$9.55,1441376510876,"33,687",60% bearish,of 5 ratings,$11
JMBA,$14.29,1441376510919,"8,875",75% bullish,of 4 ratings,$18
JASN,$4.81,1441376511013,300,50% bullish,of 2 ratings,$9.50
JRVR,$28.08,1441376511049,"2,700",Not yet rated,NULL,$32
JAZZ,$163,1441376511122,"39,771",80% bullish,of 15 ratings,$206.50
ERW,NULL,1441376511149,0,Not yet rated,NULL,N/A
JASNW,NULL,1441376511170,0,50% bullish,of 2 ratings,N/A
JD,$24,1441376511232,"939,436",75% bullish,of 16 ratings,$36
JBLU,$23.62,1441376511298,"1,073,591",94% bullish,of 18 ratings,$27
JTPY,NULL,1441376511398,0,100% bearish,of 1 rating,N/A
JCTCF,NULL,1441376511528,0,100% bullish,of 1 rating,N/A
DATE,$6.01,1441376511550,"17,158",75% bullish,of 4 ratings,$9
JST,$3.59,1441376511601,"3,120",75% bullish,of 4 ratings,N/A
JIVE,$4.61,1441376511705,"14,021",75% bullish,of 4 ratings,$5
WYIGU,NULL,1441376511729,0,100% bearish,of 1 rating,N/A
JOEZ,$0.1737,1441376511791,"12,364",92% bullish,of 12 ratings,N/A
JBSS,$50.12,1441376511984,"4,624",67% bearish,of 3 ratings,N/A
JUNO,$35.2032,1441376512023,"80,585",73% bullish,of 11 ratings,$67
JOUT,$23.7,1441376512052,346,100% bearish,of 1 rating,$34
KTWO,$20.87,1441376512112,"4,230",100% bearish,of 1 rating,$28.50
KBIO,$4.5371,1441376512140,"3,327,793",50% bullish,of 4 ratings,N/A
JNP,$13.48,1441376512165,"30,476",100% bullish,of 3 ratings,$15
KALU,$81.86,1441376512195,"6,946",67% bearish,of 3 ratings,$91
KCLI,$46.4399,1441376512460,"2,379",Not yet rated,NULL,N/A
KMDA,NULL,1441376512507,0,50% bullish,of 2 ratings,$8
KBSF,NULL,1441376512589,0,100% bullish,of 1 rating,N/A
KNDI,$6.1828,1441376512649,"49,488",86% bullish,of 22 ratings,N/A
KCAP,$4.6476,1441376512674,"5,448",75% bullish,of 4 ratings,$6
KPTI,$14.32,1441376512703,"16,505",67% bearish,of 3 ratings,$39
KRNY,$11.34,1441376512808,"41,605",100% bearish,of 1 rating,$12.50
KELYA,$14.33,1441376512953,"3,034",67% bullish,of 6 ratings,$20
KELYB,NULL,1441376512978,0,50% bullish,of 2 ratings,N/A
KFFB,NULL,1441376513228,0,100% bearish,of 1 rating,N/A
GMCR,$57.81,1441376513260,"163,433",71% bullish,of 42 ratings,$64
KERX,$4.725,1441376513282,"1,200,469",82% bullish,of 11 ratings,$12
KMPH,$20.17,1441376513317,"1,840",100% bearish,of 2 ratings,$22
KEQU,NULL,1441376513344,0,100% bullish,of 1 rating,N/A
KTEC,NULL,1441376513414,0,Not yet rated,NULL,N/A
KTCC,$10.1,1441376513478,68,100% bearish,of 1 rating,$16
KFRC,$26.81,1441376513762,"6,818",100% bullish,of 2 ratings,$29
KBAL,$10.46,1441376513801,"7,306",50% bullish,of 2 ratings,N/A
KE,$11.25,1441376513848,"1,236",67% bearish,of 3 ratings,$16
KIN,$5.99,1441376513874,"1,244",50% bullish,of 2 ratings,$6.25
KINS,$8.74,1441376513907,"2,100",100% bullish,of 1 rating,N/A
KITE,$53.56,1441376513933,"69,209",89% bullish,of 9 ratings,$83
KIRK,$22.51,1441376514008,"6,552",50% bullish,of 2 ratings,$32
KGJI,$0.6647,1441376514033,"4,200",89% bullish,of 9 ratings,N/A
KONE,$3.85,1441376514209,400,Not yet rated,NULL,N/A
KLXI,$37.995,1441376514265,"19,626",100% bearish,of 1 rating,$48.50
KLAC,$48,1441376514290,"119,222",100% bearish,of 1 rating,$61.50
KOPN,$3.03,1441376514319,"11,014",50% bullish,of 2 ratings,$4.50
KONA,$18.17,1441376514340,"5,887",50% bullish,of 2 ratings,$28
KZ,$6.395,1441376514371,"1,748",60% bearish,of 5 ratings,N/A
KRNT,$11.9122,1441376514572,996,50% bullish,of 2 ratings,$18
KOSS,$2.346,1441376514764,412,100% bearish,of 2 ratings,N/A
KTOS,$4.48,1441376514906,"45,844",50% bullish,of 2 ratings,$8.50
KWEB,$29.35,1441376514966,"1,250",Not yet rated,NULL,N/A
KUTV,NULL,1441376515102,0,50% bullish,of 2 ratings,N/A
KVHI,$10.6,1441376515205,"1,050",100% bearish,of 1 rating,$16
LJPC,$34.5,1441376515240,"28,653",87% bullish,of 15 ratings,$32
LSBG,NULL,1441376515312,0,Not yet rated,NULL,N/A
KYTH,$74.735,1441376515343,"20,292",100% bullish,of 3 ratings,$66
LBAI,$10.96,1441376515364,"6,909",Not yet rated,NULL,$13.25
LSBK,NULL,1441376515397,0,Not yet rated,NULL,N/A
KLIC,$10.655,1441376515446,"14,275",80% bullish,of 5 ratings,$13
FSTR,$16.2,1441376515495,"2,995",100% bearish,of 1 rating,$40.50
LKFN,$39.97,1441376515578,"2,503",Not yet rated,NULL,$45
LRCX,$70.23,1441376515718,"116,769",50% bullish,of 4 ratings,$95
