Symbol,Price,Date,Volume,Rating,RatingVoteCount,OneYearEstimate
TFSC,NULL,1440861002297,0,100% bearish,of 1 rating,N/A
FLWS,$8.91,1440861002348,"687,314",80% bullish,of 5 ratings,$15
FCTY,$7.96,1440861002377,"3,400",100% bullish,of 1 rating,$8.50
SRCE,$29.44,1440861002404,"29,029",100% bullish,of 3 ratings,$33
TFSCU,NULL,1440861002425,0,Not yet rated,NULL,N/A
FCCY,$11.54,1440861002455,933,100% bullish,of 1 rating,$13
PIH,$7.54,1440861002476,"9,402",100% bearish,of 1 rating,N/A
TFSCR,NULL,1440861002508,0,Not yet rated,NULL,N/A
TWOU,$34.99,1440861002605,"129,143",50% bullish,of 2 ratings,$39
VNET,$18.05,1440861002702,"541,289",60% bullish,of 5 ratings,$35
DSLV,$69.51,1440861002735,"9,311",100% bearish,of 1 rating,N/A
UGLD,$9.31,1440861002766,"340,880",100% bearish,of 1 rating,N/A
USLV,$12.45,1440861002799,"242,677",86% bullish,of 7 ratings,N/A
TFSCW,$0.21,1440861002863,"1,300",100% bearish,of 1 rating,N/A
JOBS,$27.019,1440861002892,"69,549",50% bullish,of 4 ratings,$36
DGLD,$81.1,1440861002946,"16,958",100% bullish,of 1 rating,N/A
CAFD,$15.0196,1440861003238,"242,552",Not yet rated,NULL,$25
AVHI,$13.96,1440861003292,"12,911",100% bearish,of 1 rating,$19
SIXD,$2.72,1440861003313,"111,232",Not yet rated,NULL,N/A
SHLM,$34.06,1440861003344,"65,672",100% bearish,of 1 rating,$47
EGHT,$7.84,1440861003378,"384,316",82% bullish,of 17 ratings,$11
AAON,$20.51,1440861003400,"107,410",100% bearish,of 1 rating,$24
ABY,$23.04,1440861003447,"423,555",100% bearish,of 2 ratings,$46
ABAX,$47.89,1440861003476,"108,826",100% bearish,of 1 rating,$60
ABGB,$5.71,1440861003587,"37,255",67% bullish,of 3 ratings,$5.50
ABEOW,$1.83,1440861003633,"2,361",100% bullish,of 1 rating,N/A
ABEO,$4.82,1440861003694,"47,964",50% bullish,of 4 ratings,$15.50
ABMD,$98.23,1440861003720,"317,770",75% bullish,of 4 ratings,$100.50
AXAS,$1.92,1440861003800,"949,481",78% bullish,of 9 ratings,$3.50
ACTG,$9.43,1440861003857,"194,247",67% bullish,of 3 ratings,$18.50
ACHC,$74.2503,1440861003933,"344,347",50% bullish,of 2 ratings,$92
ACAD,$38.17,1440861004024,"436,567",80% bullish,of 20 ratings,$48
ACST,$0.3694,1440861004062,"9,260",100% bullish,of 2 ratings,N/A
AXDX,$19.1,1440861004194,"112,407",100% bearish,of 1 rating,N/A
XLRN,$29.71,1440861004254,"89,309",50% bullish,of 2 ratings,$57
ANCX,$20.01,1440861004320,"20,165",Not yet rated,NULL,$20
VXUP,$1.6,1440861004345,"49,457",100% bearish,of 1 rating,N/A
VXDN,$1.96,1440861004391,"24,710",100% bearish,of 1 rating,N/A
ARAY,$6.77,1440861004418,"691,224",100% bearish,of 1 rating,$10.50
ACET,$22.76,1440861004571,"83,357",75% bullish,of 4 ratings,$30
ACRX,$4.24,1440861004604,"310,833",67% bearish,of 6 ratings,$5.50
AKAO,$6.99,1440861004679,"38,455",75% bullish,of 4 ratings,$15
ACHN,$7.76,1440861004757,"1,462,742",90% bullish,of 21 ratings,$16
ACIW,$21.38,1440861004840,"288,136",67% bearish,of 3 ratings,$24
ACNB,$19.85,1440861004865,"4,210",Not yet rated,NULL,N/A
ACPW,$1.81,1440861005087,"38,604",100% bullish,of 4 ratings,$3.50
ACOR,$32.73,1440861005129,"557,265",67% bearish,of 3 ratings,$38.50
ACUR,$2.83,1440861005160,"48,939",100% bullish,of 5 ratings,$1
ACTA,$14.02,1440861005188,"90,621",67% bearish,of 3 ratings,$25
ACTS,$1.6,1440861005266,"49,648",100% bearish,of 1 rating,N/A
ATVI,$29.28,1440861005359,"135,594,206",68% bullish,of 84 ratings,$31.50
ADMS,$20.61,1440861005423,"60,583",100% bearish,of 2 ratings,$36
ACXM,$21.15,1440861005450,"258,695",67% bullish,of 3 ratings,N/A
ADMP,$3.69,1440861005530,"11,630",50% bullish,of 2 ratings,$10
ADAP,$11.66,1440861005632,"84,789",67% bullish,of 3 ratings,$22
AEY,$2.3,1440861005687,"7,434",100% bearish,of 2 ratings,N/A
ADEP,$6.87,1440861005714,"20,312",50% bullish,of 2 ratings,$10.75
ADUS,$28.71,1440861005741,"18,242",100% bearish,of 1 rating,$31
ADMA,$9.37,1440861005767,"14,766",Not yet rated,NULL,$19
ADTN,$15.7,1440861005910,"386,714",67% bullish,of 3 ratings,$17.125
ADBE,$79.4,1440861005935,"2,177,794",65% bullish,of 17 ratings,$90
AMD,$1.85,1440861006092,"6,623,181",83% bullish,of 103 ratings,$2
AEIS,$24.42,1440861006124,"174,991",50% bullish,of 2 ratings,$32.50
ADRO,$20.61,1440861006149,"147,897",80% bullish,of 5 ratings,$45.50
ADXS,$14.69,1440861006223,"468,415",64% bullish,of 14 ratings,$27
ADXSW,$10.47,1440861006249,"1,850",100% bullish,of 1 rating,N/A
YPRO,$22.79,1440861006280,"3,532",100% bearish,of 1 rating,N/A
AEGR,$17.66,1440861006308,"331,111",50% bullish,of 6 ratings,$26
MULT,NULL,1440861006497,0,100% bearish,of 1 rating,N/A
AEGN,$18.28,1440861006529,"94,812",100% bearish,of 2 ratings,$21
AEHR,$2.27,1440861006549,"2,346",50% bullish,of 2 ratings,N/A
AMTX,$3.11,1440861006597,"28,001",50% bullish,of 2 ratings,$26.11
AERI,$16.49,1440861006630,"376,040",75% bullish,of 4 ratings,$31.50
AEPI,$53.89,1440861006729,"11,740",100% bearish,of 1 rating,N/A
AVAV,$24,1440861006754,"75,229",50% bullish,of 4 ratings,$31
AEZS,$0.088,1440861006888,"10,110,751",90% bullish,of 21 ratings,$1.50
AEMD,$6.95,1440861006979,"91,259",Not yet rated,NULL,$27.50
AFFX,$9.48,1440861007363,"279,489",80% bullish,of 5 ratings,$12.50
AGIO,$90.62,1440861007391,"186,340",88% bullish,of 8 ratings,$114
AFMD,$10.43,1440861007428,"107,629",50% bullish,of 4 ratings,$15
AGEN,$7.26,1440861007450,"602,072",85% bullish,of 13 ratings,$14
AGRX,$9.16,1440861007525,"22,184",100% bearish,of 1 rating,$17.50
AGYS,$10.21,1440861007554,"23,032",100% bearish,of 1 rating,N/A
AIRM,$37.86,1440861007578,"199,407",80% bearish,of 5 ratings,$53
AGFSW,$1.95,1440861007612,"8,300",100% bearish,of 2 ratings,N/A
AIMT,$21.11,1440861007709,"136,933",Not yet rated,NULL,N/A
AGFS,$10.1318,1440861007740,"137,593",100% bearish,of 1 rating,N/A
AIRT,$22.16,1440861007808,376,100% bullish,of 1 rating,N/A
AMCN,$4.59,1440861007939,"108,503",83% bullish,of 6 ratings,N/A
ATSG,$8.95,1440861007970,"126,980",67% bullish,of 3 ratings,$13
AKAM,$71.9,1440861008077,"1,710,795",63% bullish,of 8 ratings,$77
AIXG,$6.38,1440861008107,"27,231",67% bearish,of 3 ratings,$5.25
ALRM,$16.8,1440861008139,"126,608",100% bearish,of 1 rating,$22
AKRX,$41.03,1440861008183,"401,819",78% bullish,of 9 ratings,$56
AKBA,$7,1440861008207,"105,064",100% bearish,of 1 rating,$18
ALSK,$2.15,1440861008366,"235,932",78% bullish,of 18 ratings,$2
AKER,$2.48,1440861008399,"28,755",Not yet rated,NULL,N/A
ABDC,$12.83,1440861008432,"24,564",Not yet rated,NULL,$15
ADHD,$7.94,1440861008502,"131,054",50% bullish,of 4 ratings,$18
ALDR,$38.61,1440861008535,"186,540",67% bearish,of 3 ratings,$62
AMRI,$20.6,1440861008556,"158,563",75% bearish,of 4 ratings,$24
ALXN,$178.86,1440861008635,"1,012,132",88% bullish,of 8 ratings,$223
ALDX,$7.06,1440861008707,"18,445",100% bearish,of 1 rating,$14.50
ALXA,$1.13,1440861008834,"13,227",83% bullish,of 6 ratings,$2.125
ALCO,$42.25,1440861008939,"5,313",50% bullish,of 2 ratings,N/A
ALKS,$62.0942,1440861009011,"542,032",67% bullish,of 3 ratings,$75
ALIM,$3.44,1440861009036,"27,203",80% bullish,of 5 ratings,$10
ALGN,$57.27,1440861009061,"244,131",100% bearish,of 2 ratings,$73
ALGT,$208.41,1440861009087,"150,284",100% bearish,of 2 ratings,$235
ALLB,$22.72,1440861009214,797,Not yet rated,NULL,N/A
AFOP,$19.05,1440861009244,"104,154",75% bullish,of 8 ratings,$21
AIQ,$14.35,1440861009349,"6,903",67% bullish,of 3 ratings,N/A
AMOT,$18.85,1440861009410,"86,927",100% bearish,of 1 rating,N/A
ARLP,$25.32,1440861009440,"280,083",67% bearish,of 3 ratings,$32
AHPI,$1.44,1440861009461,"1,714",50% bullish,of 2 ratings,N/A
AHGP,$36.41,1440861009482,"89,083",67% bullish,of 3 ratings,N/A
ALQA,$4.4,1440861009711,"19,390",75% bullish,of 4 ratings,$8.50
ALLT,$5.42,1440861009736,"187,497",75% bullish,of 4 ratings,$6.25
MDRX,$13.8,1440861009778,"810,640",60% bullish,of 5 ratings,$16
AOSL,$7.31,1440861009804,"49,947",67% bullish,of 3 ratings,$9
ALNY,$109.1,1440861009858,"357,082",67% bullish,of 3 ratings,$148.50
AFAM,$45.43,1440861009960,"41,778",50% bullish,of 2 ratings,$44
ATEC,$0.54,1440861009982,"81,514",100% bullish,of 1 rating,$2
ASPS,$25.48,1440861010066,"184,857",67% bullish,of 3 ratings,$46.50
AIMC,$24.94,1440861010134,"71,616",100% bearish,of 2 ratings,$28.50
AMRN,$2.23,1440861010172,"1,409,147",85% bullish,of 39 ratings,$8
SMCP,NULL,1440861010194,0,Not yet rated,NULL,N/A
AMAG,$65.85,1440861010264,"315,677",100% bullish,of 2 ratings,$77.50
ALTR,$48.61,1440861010298,"1,182,479",80% bearish,of 5 ratings,$54
AMRK,$10.28,1440861010350,"2,016",50% bullish,of 2 ratings,$14
AYA,$20.7,1440861010401,"10,578",100% bearish,of 1 rating,$40
AMZN,$519.59,1440861010507,"1,553,310",81% bullish,of 264 ratings,$646
AMBCW,$7.65,1440861010681,"1,012",100% bearish,of 1 rating,N/A
AMCX,$73.6,1440861010774,"349,491",67% bullish,of 3 ratings,$87.50
AMBC,$15.61,1440861010807,"222,561",100% bearish,of 1 rating,$16.50
AMBA,$96.15,1440861010834,"1,960,685",83% bullish,of 12 ratings,$102.50
EPAX,$2.69,1440861010855,"86,785",100% bearish,of 1 rating,N/A
AMDA,$0.4798,1440861010886,"643,528",90% bullish,of 10 ratings,$1
DOX,$57.75,1440861010916,"257,565",67% bearish,of 3 ratings,$60
AMED,$39.09,1440861011018,"188,323",100% bearish,of 1 rating,$42
UHAL,$375.77,1440861011043,"28,990",100% bullish,of 2 ratings,$393.50
ASBI,$22.64,1440861011091,"1,069",Not yet rated,NULL,N/A
AMOV,$18.46,1440861011172,"2,614",100% bearish,of 1 rating,N/A
AGNC,$19.36,1440861011268,"1,941,092",71% bullish,of 28 ratings,$22
ATAX,$5.27,1440861011294,"73,836",100% bullish,of 1 rating,$6.50
AAL,$38.6,1440861011322,"7,110,829",93% bullish,of 88 ratings,$57
AGNCB,$24.29,1440861011423,"19,098",Not yet rated,NULL,N/A
AGNCP,$25.34,1440861011551,"6,144",Not yet rated,NULL,N/A
MTGEP,$24.5,1440861011606,583,Not yet rated,NULL,N/A
MTGE,$15.29,1440861011636,"623,994",75% bullish,of 4 ratings,$19.50
AETI,$3.75,1440861011668,881,67% bearish,of 3 ratings,N/A
ACSF,$12.38,1440861011694,"29,182",100% bearish,of 1 rating,$15
ANCI,$1.46,1440861011737,474,100% bearish,of 1 rating,N/A
AMIC,NULL,1440861011768,0,Not yet rated,NULL,N/A
ACAS,$13.8357,1440861011795,"897,392",60% bullish,of 5 ratings,$16.75
ANAT,$100.8502,1440861011931,"25,880",100% bullish,of 1 rating,N/A
AMNB,$23.29,1440861011973,"4,556",Not yet rated,NULL,$25.50
APEI,$22.36,1440861012026,"59,822",100% bearish,of 1 rating,$25.50
ARII,$40.76,1440861012133,"146,168",67% bearish,of 3 ratings,$45
ASEI,$39.03,1440861012199,"21,414",100% bearish,of 1 rating,$52.50
AMRB,$10.05,1440861012224,"2,153",Not yet rated,NULL,$11
AMSWA,$9.06,1440861012355,"131,254",100% bearish,of 2 ratings,$10.75
AMSC,$4.67,1440861012383,"80,461",50% bullish,of 4 ratings,N/A
ABCB,$26.8,1440861012421,"86,002",Not yet rated,NULL,$31
CRMT,$35.97,1440861012487,"40,468",100% bearish,of 1 rating,$39
AMWD,$66.55,1440861012518,"77,289",50% bullish,of 2 ratings,$70
AMSF,$46.91,1440861012547,"49,852",Not yet rated,NULL,$57.50
ASRV,$3.22,1440861012570,"12,469",100% bullish,of 2 ratings,N/A
ASRVP,NULL,1440861012606,0,Not yet rated,NULL,N/A
ATLO,$23.59,1440861012710,"4,506",Not yet rated,NULL,N/A
AMGN,$155.95,1440861012812,"3,400,173",89% bullish,of 19 ratings,$185
FOLD,$14.87,1440861012871,"612,656",56% bullish,of 9 ratings,$21
AMKR,$5.07,1440861013102,"1,277,833",100% bearish,of 2 ratings,$5
AMPH,$13.39,1440861013134,"106,975",50% bullish,of 2 ratings,$20
AMSGP,$149.3,1440861013155,"33,058",Not yet rated,NULL,N/A
AFSI,$58.4717,1440861013191,"168,515",60% bullish,of 5 ratings,$72
ANAC,$135.45,1440861013232,"264,448",80% bullish,of 5 ratings,$180.50
ASYS,$5.39,1440861013286,"36,672",67% bullish,of 3 ratings,$12
AMRS,$1.69,1440861013315,"51,285",70% bullish,of 10 ratings,N/A
AMSG,$80.06,1440861013347,"252,052",100% bearish,of 1 rating,$85.50
ANAD,$0.33,1440861013417,"133,227",100% bullish,of 2 ratings,$.50
ADI,$56.45,1440861013557,"2,245,427",67% bullish,of 3 ratings,$69
ANCB,$21.98,1440861013582,"29,500",Not yet rated,NULL,$23
ALOG,$80.27,1440861013608,"65,588",100% bearish,of 2 ratings,$100.50
ABCW,$40.28,1440861013665,"7,717",67% bullish,of 3 ratings,N/A
AMCF,$0.22,1440861013770,"1,426",100% bullish,of 7 ratings,N/A
ANGO,$14.67,1440861013842,"69,486",67% bullish,of 3 ratings,$19
ANIP,$52,1440861013977,"129,189",89% bullish,of 19 ratings,$66
ANSS,$89.74,1440861014008,"244,251",100% bearish,of 1 rating,$100
ATRS,$1.79,1440861014033,"332,285",92% bullish,of 12 ratings,$4.50
ANGI,$5.21,1440861014065,"319,439",64% bullish,of 11 ratings,$5.50
ANIK,$35.94,1440861014087,"100,275",60% bullish,of 5 ratings,$51.25
ABAC,$0.75,1440861014125,"11,927",100% bearish,of 1 rating,N/A
ANTH,$7.41,1440861014218,"469,427",80% bullish,of 10 ratings,$13
ATNY,$2.26,1440861014243,"4,237",50% bullish,of 2 ratings,$3.75
APIC,$6.91,1440861014445,"86,505",100% bearish,of 1 rating,$19
APOG,$50.82,1440861014474,"111,095",50% bullish,of 2 ratings,$67
ARCI,NULL,1440861014601,0,Not yet rated,NULL,N/A
AAPL,$113.37,1440861014626,"32,540,481",86% bullish,of 2353 ratings,$150
APOL,$11.47,1440861014655,"654,267",87% bearish,of 68 ratings,$14
APPF,$16.3,1440861014681,"22,796",50% bullish,of 2 ratings,$22
AINV,$6.6,1440861014712,"696,100",50% bullish,of 4 ratings,$8
APDN,$3.46,1440861014766,"72,814",Not yet rated,NULL,$9
APDNW,$1.27,1440861014811,"2,254",Not yet rated,NULL,N/A
AGTC,$16.69,1440861014940,"40,739",50% bullish,of 2 ratings,$33
AMCC,$5.77,1440861014970,"326,270",80% bullish,of 5 ratings,$8
AMAT,$15.9916,1440861014991,"7,111,784",82% bullish,of 11 ratings,$23
AAOI,$21.11,1440861015034,"169,287",50% bullish,of 4 ratings,$26
AREX,$2.17,1440861015070,"985,162",100% bearish,of 1 rating,$3
APRI,$1.33,1440861015133,"381,591",83% bullish,of 6 ratings,$4.86
APTO,$5.28,1440861015308,"32,201",Not yet rated,NULL,$17
AQMS,$5.2,1440861015390,"53,706",Not yet rated,NULL,N/A
AQXP,$16.76,1440861015425,"147,931",50% bullish,of 2 ratings,$2
AUMAU,NULL,1440861015451,0,Not yet rated,NULL,N/A
ARDM,NULL,1440861015519,0,100% bullish,of 1 rating,$26
AUMA,$9.89,1440861015546,230,Not yet rated,NULL,N/A
PETX,$17.64,1440861015578,"156,925",100% bearish,of 2 ratings,$26
ABUS,$7.36,1440861015682,"240,604",86% bullish,of 14 ratings,$23
AUMAW,NULL,1440861015777,0,Not yet rated,NULL,N/A
ARCW,$3.63,1440861015817,"4,066",100% bearish,of 2 ratings,$10.50
RKDA,$6.36,1440861015843,"9,839",100% bearish,of 2 ratings,$10
ABIO,$0.89,1440861015894,"57,096",50% bullish,of 2 ratings,$3.75
ARCB,$29.04,1440861015919,"134,492",67% bearish,of 3 ratings,$39.50
ARDX,$18.75,1440861016100,"63,461",50% bullish,of 2 ratings,$24.50
AGIIL,$25.36,1440861016393,"11,027",Not yet rated,NULL,N/A
AGII,$54.77,1440861016423,"101,334",Not yet rated,NULL,$59.50
ARGS,$6.16,1440861016529,"18,498",50% bullish,of 2 ratings,$19.50
ARIS,$3.54,1440861016554,"40,749",Not yet rated,NULL,$4.50
ARKR,$24.54,1440861016734,604,50% bullish,of 2 ratings,N/A
ACAT,$26.55,1440861016826,"114,131",100% bearish,of 3 ratings,$33
ARCC,$15.6189,1440861016862,"1,375,235",67% bearish,of 3 ratings,$17.875
ARTX,$1.45,1440861016889,"63,093",88% bullish,of 16 ratings,$4.50
ARIA,$9.65,1440861016914,"22,314,095",87% bullish,of 46 ratings,$9
ARMH,$42.62,1440861016961,"865,391",54% bearish,of 13 ratings,$60
ACGL,$68.1836,1440861016988,"313,921",50% bullish,of 2 ratings,$72
ARWA,NULL,1440861017122,0,Not yet rated,NULL,N/A
ARWAU,NULL,1440861017226,0,100% bullish,of 1 rating,N/A
ARWAW,NULL,1440861017310,0,Not yet rated,NULL,N/A
ARQL,$1.76,1440861017454,"76,309",75% bullish,of 4 ratings,$5
ARWAR,NULL,1440861017525,0,Not yet rated,NULL,N/A
ARRY,$5.94,1440861017560,"718,947",100% bullish,of 7 ratings,$10
AROW,$27.26,1440861017654,"13,804",Not yet rated,NULL,N/A
DWAT,$9.98,1440861017678,"2,550",100% bearish,of 1 rating,N/A
ARWR,$5.77,1440861017706,"437,585",75% bullish,of 4 ratings,$10.50
ARRS,$26.82,1440861017741,"723,865",50% bullish,of 2 ratings,$38
ARTNA,$22.24,1440861017874,"8,516",100% bearish,of 1 rating,$29
ARTW,$4.27,1440861017901,"1,665",75% bearish,of 4 ratings,N/A
ASBB,$24.2,1440861018032,191,Not yet rated,NULL,N/A
ASNA,$12,1440861018059,"3,325,555",50% bullish,of 2 ratings,$18
ARNA,$2.71,1440861018122,"2,247,385",90% bullish,of 78 ratings,$5.50
ASND,$19.17,1440861018189,"58,087",50% bullish,of 2 ratings,$30
ASCMA,$27.4,1440861018218,"54,550",100% bearish,of 1 rating,$45
ASTI,$0.1027,1440861018282,"1,274,925",83% bullish,of 6 ratings,$3
ASMI,NULL,1440861018313,0,NULL,NULL,NULL
APWC,$1.91,1440861018366,"1,704",100% bearish,of 1 rating,N/A
ASML,$91.98,1440861018392,"376,653",50% bullish,of 4 ratings,$127
AZPN,$37.9,1440861018529,"471,280",50% bullish,of 2 ratings,$42
ASMB,$13.33,1440861018557,"40,085",67% bullish,of 3 ratings,N/A
ASFI,$8.9,1440861018639,"6,440",100% bullish,of 1 rating,N/A
ALOT,$13.97,1440861018741,"5,000",100% bearish,of 1 rating,N/A
ASTE,$37.12,1440861018773,"59,288",100% bearish,of 1 rating,$48
ASTC,$2.07,1440861018795,"13,827",100% bullish,of 5 ratings,N/A
ATRO,$52.84,1440861018823,"104,448",100% bearish,of 2 ratings,$80
ASUR,$5.97,1440861018871,"1,342",50% bullish,of 2 ratings,$8
ATRA,$40.22,1440861018999,"86,077",50% bullish,of 2 ratings,$68
ATAI,$2.53,1440861019107,"5,759",100% bearish,of 1 rating,N/A
AFCB,$26.58,1440861019165,43,Not yet rated,NULL,N/A
AAPC,$10.1,1440861019190,524,Not yet rated,NULL,N/A
ATHX,$1.15,1440861019223,"150,153",89% bullish,of 9 ratings,$5
ATHN,$134.56,1440861019270,"144,558",67% bearish,of 3 ratings,$153
AAME,$3.51,1440861019326,"1,614",Not yet rated,NULL,N/A
ACFC,$5.59,1440861019354,"23,302",100% bearish,of 1 rating,$6.50
ATLC,$3.82,1440861019487,"1,000",67% bullish,of 3 ratings,N/A
ATNI,$71.89,1440861019513,"30,836",100% bearish,of 1 rating,$69.50
AAWW,$41.57,1440861019650,"344,090",50% bullish,of 2 ratings,$65
ATML,$8.21,1440861019677,"5,323,862",78% bullish,of 9 ratings,$9.50
AFH,$16.25,1440861019698,"45,444",Not yet rated,NULL,$21.50
ATOS,$0.76,1440861019826,"146,526",100% bullish,of 7 ratings,$7
ATRC,$25.5,1440861019852,"75,032",100% bullish,of 1 rating,$30
ATRM,$2.83,1440861019929,"5,169",50% bullish,of 2 ratings,N/A
ATRI,$390.57,1440861019956,"1,710",Not yet rated,NULL,N/A
ATTU,$13.2582,1440861020102,"43,316",100% bearish,of 1 rating,$20.50
LIFE,$14.79,1440861020167,"59,987",86% bullish,of 7 ratings,$43
AUPH,$3.03,1440861020239,"48,213",100% bearish,of 1 rating,$8
AUBN,$26.68,1440861020302,652,Not yet rated,NULL,N/A
EARS,$4.86,1440861020333,"61,876",100% bearish,of 2 ratings,$11.50
AUDC,$3.34,1440861020374,"41,046",80% bullish,of 5 ratings,$5
ADSK,$47.52,1440861020435,"7,664,747",67% bullish,of 6 ratings,$69.50
ABTL,$17.48,1440861020459,"56,816",100% bullish,of 4 ratings,$20.25
ADAT,$0.2901,1440861020514,"286,619",100% bullish,of 2 ratings,N/A
ADP,$78.41,1440861020671,"1,833,355",100% bearish,of 1 rating,$88
AAVL,$10.78,1440861020698,"281,210",100% bearish,of 1 rating,$20
AVGO,$127.49,1440861020719,"2,365,644",88% bullish,of 8 ratings,$165
AVNU,$12.35,1440861020854,"4,686",Not yet rated,NULL,$14
AVNW,$1.13,1440861020883,"120,526",50% bullish,of 2 ratings,$2.20
AVID,$8.51,1440861020908,"262,047",100% bearish,of 1 rating,$20
AVEO,$1.42,1440861020937,"525,234",75% bullish,of 8 ratings,$3
AVGR,$14.96,1440861021039,"28,648",100% bearish,of 1 rating,$20
AXPW,$1.06,1440861021182,"50,386",83% bullish,of 6 ratings,N/A
CAR,$43.59,1440861021214,"772,875",80% bullish,of 5 ratings,$60
AWRE,$3.18,1440861021235,"9,746",67% bullish,of 3 ratings,N/A
ACLS,$3.17,1440861021272,"211,572",67% bullish,of 6 ratings,$4.75
AXPWW,NULL,1440861021312,0,Not yet rated,NULL,N/A
AXGN,$4.88,1440861021372,"266,524",Not yet rated,NULL,$5
AXTI,$2.2,1440861021409,"30,041",50% bullish,of 2 ratings,$2.75
BCOM,$18.86,1440861021554,80,100% bearish,of 1 rating,N/A
RILY,NULL,1440861021581,0,Not yet rated,NULL,N/A
BEAV,$49.39,1440861021651,"564,180",67% bearish,of 3 ratings,$59
BIDU,$152.41,1440861021713,"2,202,325",81% bullish,of 88 ratings,$210
BCPC,$58.23,1440861021820,"129,590",100% bearish,of 1 rating,$75
BWINA,NULL,1440861021849,0,Not yet rated,NULL,N/A
BWINB,$23.05,1440861021950,"5,630",Not yet rated,NULL,N/A
BLDP,$1.28,1440861021975,"333,343",91% bullish,of 22 ratings,$2.50
BOSC,$2.17,1440861022004,"2,700",50% bullish,of 2 ratings,N/A
BANF,$59.87,1440861022036,"10,874",Not yet rated,NULL,$68
BKMU,$7.2,1440861022132,"106,117",Not yet rated,NULL,$8
BANFP,NULL,1440861022235,0,Not yet rated,NULL,N/A
BOCH,$5.75,1440861022261,"7,098",Not yet rated,NULL,$6.50
BKSC,$16.38,1440861022303,"1,895",Not yet rated,NULL,N/A
BOTJ,$10.93,1440861022400,51,Not yet rated,NULL,N/A
BMRC,$47.78,1440861022430,"6,078",Not yet rated,NULL,$52
BFIN,$11.98,1440861022548,"805,971",Not yet rated,NULL,$13
OZRK,$41.65,1440861022618,"340,296",67% bullish,of 3 ratings,$49.50
BWFG,$17.89,1440861022683,"86,221",100% bearish,of 1 rating,N/A
BZUN,$5.29,1440861022707,"324,008",50% bullish,of 2 ratings,$11.50
TAPR,$31.36,1440861022750,"1,065",100% bearish,of 1 rating,N/A
BANR,$43.67,1440861022777,"52,487",100% bullish,of 3 ratings,$50
BHAC,$9.81,1440861022908,400,Not yet rated,NULL,N/A
BHACR,NULL,1440861022968,0,Not yet rated,NULL,N/A
BHACU,NULL,1440861023099,0,Not yet rated,NULL,N/A
BHACW,NULL,1440861023127,0,Not yet rated,NULL,N/A
BBSI,$35.46,1440861023180,"44,948",67% bearish,of 3 ratings,$62.50
BSET,$28.97,1440861023205,"65,844",100% bearish,of 1 rating,$35
BYBK,$4.88,1440861023229,"12,262",100% bearish,of 1 rating,N/A
BYLK,$12.75,1440861023430,"3,944",Not yet rated,NULL,$14
BBCN,$14.41,1440861023476,"235,503",100% bearish,of 1 rating,$16
BECN,$35.38,1440861023563,"319,053",50% bullish,of 2 ratings,$40
BDCV,$4.92,1440861023594,"8,428",100% bearish,of 1 rating,$10.19
BCBP,$11.51,1440861023614,"2,786",Not yet rated,NULL,N/A
BBGI,$4.07,1440861023647,514,100% bearish,of 1 rating,N/A
BSF,$8.56,1440861023678,"14,316",Not yet rated,NULL,N/A
BV,$5.16,1440861023780,"390,911",67% bullish,of 6 ratings,$9
BEBE,$1.35,1440861023829,"2,507,789",75% bullish,of 4 ratings,$3.075
BBBY,$62.32,1440861023960,"1,490,780",71% bullish,of 7 ratings,$75
BELFA,$16.95,1440861023989,24,100% bearish,of 1 rating,N/A
BELFB,$17.97,1440861024091,"23,081",100% bearish,of 1 rating,N/A
BNTC,$7.9937,1440861024751,"46,904",100% bullish,of 1 rating,N/A
BNFT,$36.35,1440861024798,"83,611",67% bullish,of 3 ratings,$46
BGCP,$8.735,1440861024831,"654,941",88% bullish,of 8 ratings,$14
BNCL,$12.42,1440861024857,"203,255",100% bullish,of 3 ratings,$12.50
BGMD,$0.7251,1440861024932,"219,421",100% bullish,of 10 ratings,N/A
BLPH,$5.04,1440861024952,"6,129",100% bearish,of 1 rating,$12.50
BLCM,$17.34,1440861024983,"156,508",50% bullish,of 4 ratings,$40
BGFV,$11.1,1440861025037,"86,024",57% bullish,of 7 ratings,$12
BIND,$4.45,1440861025197,"49,598",75% bullish,of 4 ratings,$13.50
ORPN,$5.97,1440861025227,"20,587",100% bullish,of 1 rating,$28.50
BASI,$1.6,1440861025254,"3,810",Not yet rated,NULL,N/A
BIOC,$1.98,1440861025299,"102,773",83% bullish,of 6 ratings,$3.85
BCDA,NULL,1440861025359,0,Not yet rated,NULL,N/A
BDSI,$6.87,1440861025532,"493,039",88% bullish,of 8 ratings,$17
BCRX,$11.42,1440861025557,"314,110",63% bullish,of 8 ratings,$18
BIOD,$0.6435,1440861025582,"49,279",80% bullish,of 5 ratings,$4
BLFS,$1.98,1440861025758,"21,237",100% bearish,of 1 rating,$4.75
BLRX,$1.53,1440861025799,"208,226",100% bullish,of 12 ratings,$5
BIIB,$303.69,1440861025903,"1,407,281",88% bullish,of 16 ratings,$400
BVXV,$3.6325,1440861026002,"2,361",Not yet rated,NULL,N/A
BPTH,$1.11,1440861026031,"55,103",100% bullish,of 2 ratings,$5
BVXVW,$0.7,1440861026060,300,100% bearish,of 1 rating,N/A
BMRN,$132.0147,1440861026091,"575,644",80% bullish,of 5 ratings,$160
BIOS,$2.46,1440861026118,"689,760",71% bullish,of 7 ratings,$4
BRLI,NULL,1440861026136,0,NULL,NULL,NULL
BIOL,$1.43,1440861026166,"19,466",Not yet rated,NULL,N/A
BBC,$31.95,1440861026377,"9,881",Not yet rated,NULL,N/A
BSTC,$52.12,1440861026454,"40,800",100% bearish,of 1 rating,$76
BSPM,$0.67,1440861026485,"65,101",50% bullish,of 2 ratings,N/A
BBP,$33.4,1440861026506,"19,508",Not yet rated,NULL,N/A
BOTA,$2.18,1440861026585,"25,205",88% bullish,of 8 ratings,N/A
BEAT,$14.67,1440861026774,"218,630",67% bearish,of 3 ratings,$15
BITI,$17.095,1440861026810,"19,344",100% bullish,of 1 rating,$28
BJRI,$44.26,1440861026877,"170,972",50% bullish,of 2 ratings,$55
BDMS,$12.64,1440861026904,84,100% bearish,of 1 rating,N/A
BBOX,$15.07,1440861026937,"96,363",100% bearish,of 1 rating,N/A
TECH,$96.5,1440861026968,"280,906",100% bullish,of 1 rating,$117
BLKB,$57.86,1440861027037,"156,655",100% bearish,of 2 ratings,$66
BDE,$7.5,1440861027071,"75,507",50% bullish,of 2 ratings,$9
BBRY,$7.32,1440861027174,"3,500,684",61% bullish,of 330 ratings,$9
HAWK,$40.26,1440861027204,"239,630",91% bullish,of 11 ratings,$49
BKCC,$9.304,1440861027306,"302,275",50% bullish,of 2 ratings,$10
ADRU,$21.9113,1440861027445,"1,280",100% bearish,of 1 rating,N/A
ADRD,$22.21,1440861027476,"11,305",100% bearish,of 1 rating,N/A
ADRA,$27.5,1440861027506,"2,800",100% bearish,of 1 rating,N/A
ADRE,$30.08,1440861027535,"10,155",100% bearish,of 1 rating,N/A
BCOR,$13.81,1440861027577,"189,735",57% bullish,of 7 ratings,$15
BLMN,$20.51,1440861027602,"1,243,002",83% bullish,of 6 ratings,$27.50
BLBD,$11.96,1440861027640,"9,660",Not yet rated,NULL,N/A
BUFF,$26.31,1440861027775,"184,065",83% bullish,of 12 ratings,$31.50
BBLU,$0.78,1440861027806,"112,994",100% bullish,of 2 ratings,$4.43
BHBK,$13.84,1440861027906,"32,621",100% bullish,of 1 rating,$14.50
BLUE,$137.47,1440861027961,"296,264",71% bullish,of 7 ratings,$217.50
NILE,$34.3,1440861027990,"81,168",50% bullish,of 2 ratings,$34
BKEP,$6.34,1440861028041,"19,498",100% bearish,of 1 rating,$8.50
BKEPP,$7.61,1440861028171,"6,200",100% bearish,of 1 rating,N/A
BPMC,$26.84,1440861028197,"69,527",50% bullish,of 2 ratings,$47.50
BOFI,$117.62,1440861028331,"213,540",100% bullish,of 6 ratings,$144
BNCN,$20.56,1440861028363,"117,776",Not yet rated,NULL,$24
BOBE,$43.6,1440861028391,"117,836",75% bullish,of 4 ratings,$57
BOKF,$62.3925,1440861028437,"164,013",100% bearish,of 1 rating,$69
WIFI,$7.62,1440861028469,"145,572",50% bullish,of 2 ratings,$13.50
BOJA,$21.44,1440861028519,"58,055",100% bullish,of 1 rating,$30
BONA,$11.64,1440861028548,"107,333",75% bullish,of 4 ratings,$8.50
BNSO,$1.31,1440861028575,630,100% bearish,of 1 rating,N/A
BAMM,$3.1,1440861028764,"24,796",60% bullish,of 5 ratings,N/A
BPFH,$11.79,1440861028795,"250,539",100% bearish,of 1 rating,$14
BPFHP,$24.85,1440861028834,"11,250",100% bearish,of 1 rating,N/A
BPFHW,$5.15,1440861028901,"3,330",100% bearish,of 1 rating,N/A
BDBD,$8.39,1440861028963,"451,957",60% bullish,of 5 ratings,$10
EPAY,$26.94,1440861029034,"177,935",100% bearish,of 2 ratings,$30
BBRG,$12.72,1440861029169,"69,040",67% bullish,of 3 ratings,$14.50
BBEP,$2.94,1440861029201,"2,796,108",69% bullish,of 13 ratings,$5.625
BCLI,$3.04,1440861029231,"50,501",80% bullish,of 5 ratings,$12
BDGE,$26.21,1440861029263,"17,166",Not yet rated,NULL,$31.75
BBEPP,$13.4,1440861029295,"61,890",100% bearish,of 1 rating,N/A
BLIN,$1.36,1440861029352,"5,087",100% bullish,of 2 ratings,$2.20
BCOV,$5.32,1440861029380,"68,688",67% bullish,of 3 ratings,$10.20
BRID,NULL,1440861029407,0,100% bearish,of 1 rating,N/A
BSFT,$31.63,1440861029661,"88,378",57% bullish,of 7 ratings,$40.50
BRCM,$51.79,1440861029797,"2,529,830",75% bullish,of 12 ratings,$56
BYFC,$1.36,1440861029825,"5,967",50% bullish,of 2 ratings,N/A
BVSN,$6.01,1440861029846,"13,669",60% bearish,of 5 ratings,N/A
BWEN,$3.18,1440861029897,"34,309",100% bullish,of 3 ratings,$8
BRCD,$10.553,1440861030053,"2,104,384",92% bullish,of 13 ratings,$11.50
BRKL,$10.51,1440861030082,"272,340",100% bearish,of 1 rating,$10.75
BRKS,$10.41,1440861030108,"127,627",67% bullish,of 3 ratings,$15.25
BLMT,$20.6,1440861030136,"11,270",Not yet rated,NULL,N/A
BSQR,$6.15,1440861030186,"55,497",67% bullish,of 3 ratings,N/A
BRKR,$18.4692,1440861030267,"392,981",100% bearish,of 2 ratings,$22
BMTC,$29.2,1440861030318,"98,064",Not yet rated,NULL,$34
BWLD,$194.06,1440861030353,"166,257",82% bullish,of 11 ratings,$205
BLDR,$14.48,1440861030452,"484,766",67% bullish,of 3 ratings,$22
BUR,$1.74,1440861030478,"6,743",100% bearish,of 1 rating,$8
CFFI,$36.19,1440861030504,"7,589",100% bearish,of 1 rating,N/A
CHRW,$67.2467,1440861030664,"1,365,634",Not yet rated,NULL,$72
CA,$27.26,1440861030723,"2,293,564",50% bullish,of 4 ratings,$33
CCMP,$43.53,1440861030824,"79,642",50% bullish,of 2 ratings,$59
CDNS,$20.14,1440861030891,"1,265,237",75% bullish,of 4 ratings,$22.50
CDZI,$8.14,1440861030926,"84,491",100% bearish,of 1 rating,N/A
CACQ,$7.53,1440861030947,"56,359",100% bearish,of 1 rating,$12.25
CZR,$9.17,1440861031026,"738,436",60% bearish,of 5 ratings,$10.50
CSTE,$40.5,1440861031059,"114,834",50% bullish,of 2 ratings,$65
PRSS,$4.55,1440861031159,"10,528",80% bullish,of 5 ratings,$4.50
CLBS,$1.44,1440861031189,"118,591",79% bullish,of 14 ratings,$4
CHY,$11.47,1440861031352,"160,991",Not yet rated,NULL,N/A
CHI,$10.6,1440861031435,"101,782",100% bearish,of 1 rating,N/A
CCD,$19.38,1440861031606,"81,611",Not yet rated,NULL,N/A
CFGE,NULL,1440861031634,0,Not yet rated,NULL,N/A
CLMS,$10.61,1440861031659,"65,837",Not yet rated,NULL,$10.50
CHW,$7.64,1440861031717,"278,918",100% bearish,of 1 rating,N/A
CGO,$12.01,1440861031798,"13,619",100% bearish,of 1 rating,N/A
CALA,$5.78,1440861032014,"350,686",100% bullish,of 3 ratings,$19.50
CAMP,$16.59,1440861032049,"249,483",88% bullish,of 8 ratings,$25
CSQ,$9.96,1440861032081,"222,801",Not yet rated,NULL,N/A
CALD,$15.94,1440861032146,"214,263",100% bearish,of 1 rating,$21
CFNB,$13.31,1440861032172,301,100% bearish,of 1 rating,N/A
CALM,$50.25,1440861032205,"273,365",80% bullish,of 5 ratings,$65
CVGW,$59.23,1440861032236,"104,521",50% bullish,of 2 ratings,$58.50
CLMT,$26.1156,1440861032300,"157,345",75% bullish,of 8 ratings,$31
CAMB,$9.95,1440861032497,"3,000",Not yet rated,NULL,N/A
CAC,$40.25,1440861032596,"5,351",Not yet rated,NULL,N/A
CAMBU,NULL,1440861032626,0,100% bearish,of 1 rating,N/A
ABCD,$5.28,1440861032653,"155,994",83% bullish,of 6 ratings,N/A
CAMBW,NULL,1440861032674,0,Not yet rated,NULL,N/A
CSIQ,$18.9253,1440861032702,"1,536,120",86% bullish,of 28 ratings,$42.50
CAMT,$2.72,1440861032730,"11,795",73% bullish,of 11 ratings,$4
CPHC,$10.3,1440861032856,"1,608",100% bearish,of 1 rating,N/A
CBNJ,$11.09,1440861032892,"17,605",100% bullish,of 1 rating,N/A
CCBG,$14.99,1440861032983,"18,070",Not yet rated,NULL,$17.25
CGIX,$9.96,1440861033017,"20,078",67% bullish,of 3 ratings,$14.375
CPLA,$49.2,1440861033044,"111,385",67% bearish,of 3 ratings,$65
CBF,$29.0025,1440861033077,"163,441",Not yet rated,NULL,$32
CPLP,$6.85,1440861033111,"246,034",71% bullish,of 7 ratings,$11
CSWC,$45.86,1440861033246,"14,727",Not yet rated,NULL,N/A
CFFN,$12.03,1440861033391,"444,730",Not yet rated,NULL,$12.75
CPTA,$13.69,1440861033439,"45,514",100% bearish,of 1 rating,$18.50
CAPN,$2.27,1440861033471,"216,917",100% bullish,of 1 rating,$10.85
CPST,$0.4182,1440861033571,"1,396,611",95% bullish,of 22 ratings,$1.25
CAPNW,NULL,1440861033599,0,Not yet rated,NULL,N/A
CARA,$19.25,1440861033699,"104,767",50% bullish,of 4 ratings,$25
CARB,$11.28,1440861033781,"80,399",75% bullish,of 4 ratings,$12
CBYL,$5.38,1440861033812,"28,815",100% bearish,of 1 rating,$20
CAPR,$4.28,1440861033832,"3,636",Not yet rated,NULL,$12
CRDC,$0.37,1440861033863,"98,459",100% bullish,of 1 rating,$1.25
CFNL,$21.88,1440861033993,"97,527",Not yet rated,NULL,$24
CRME,$8.86,1440861034032,"6,283",89% bullish,of 9 ratings,$11.25
CSII,$24.24,1440861034060,"97,779",100% bearish,of 2 ratings,$42.125
CATM,$34.65,1440861034090,"145,056",100% bearish,of 1 rating,$44
CDNA,$6.86,1440861034192,"9,849",100% bearish,of 1 rating,$9
CECO,$3.78,1440861034327,"325,880",67% bearish,of 3 ratings,$6
CKEC,$23.45,1440861034359,"112,092",50% bullish,of 2 ratings,$35.915
CTRE,$11.32,1440861034397,"366,158",50% bullish,of 2 ratings,$13.50
CART,$5.35,1440861034453,"1,687",100% bearish,of 1 rating,N/A
CLBH,$12.7,1440861034553,"1,504",Not yet rated,NULL,$16.50
TAST,$12.68,1440861034582,"294,920",Not yet rated,NULL,$14.25
CARO,$15.52,1440861034609,686,100% bearish,of 1 rating,$19
CRZO,$35.27,1440861034686,"1,680,807",67% bearish,of 3 ratings,$55
CRTN,$2.49,1440861034744,"4,420",100% bearish,of 1 rating,N/A
CARV,$7,1440861034844,"3,573",50% bullish,of 2 ratings,N/A
CACB,$5.28,1440861034875,"28,460",Not yet rated,NULL,$5.50
CASM,$1.13,1440861034901,"169,953",100% bullish,of 1 rating,$3.50
CSCD,$14.97,1440861034986,"29,328",100% bullish,of 2 ratings,$17
CASY,$106.08,1440861035119,"164,558",50% bullish,of 2 ratings,$99.50
CWST,$6.25,1440861035168,"94,168",50% bullish,of 2 ratings,$7.25
CASI,$1.45,1440861035197,"16,210",100% bullish,of 1 rating,$3.50
CASS,$48.74,1440861035253,"12,195",100% bearish,of 1 rating,N/A
CPRX,$3.64,1440861035281,"252,829",71% bullish,of 7 ratings,$7
CATB,$12.3,1440861035311,"12,584",100% bearish,of 1 rating,$28
CATYW,NULL,1440861035337,0,100% bearish,of 1 rating,N/A
CATY,$29.47,1440861035467,"526,220",100% bearish,of 1 rating,$33.50
CVCO,$71.58,1440861035493,"22,860",100% bearish,of 1 rating,N/A
CAVM,$68.35,1440861035623,"259,220",67% bearish,of 3 ratings,$72
CNLMR,NULL,1440861035756,0,Not yet rated,NULL,N/A
CNLM,$9.92,1440861035785,"5,100",Not yet rated,NULL,N/A
CNLMU,NULL,1440861035814,0,100% bullish,of 1 rating,N/A
CNLMW,NULL,1440861035840,0,Not yet rated,NULL,N/A
CBFV,$20.23,1440861035890,"1,904",Not yet rated,NULL,$25
CBOE,$63.82,1440861035916,"270,550",Not yet rated,NULL,$60
CDW,$39.95,1440861036137,"682,521",75% bullish,of 4 ratings,$44
CECE,$9.72,1440861036166,"43,721",50% bullish,of 2 ratings,$16
CDK,$49.69,1440861036200,"401,908",67% bearish,of 3 ratings,$50
CPXX,$2.09,1440861036222,"73,775",100% bullish,of 2 ratings,$7
CELG,$123.72,1440861036254,"3,113,278",92% bullish,of 13 ratings,$155.50
CLDN,$1.11,1440861036284,"380,623",71% bullish,of 7 ratings,$3
CELGZ,$1.84,1440861036309,130,80% bullish,of 5 ratings,N/A
CLRB,$3.07,1440861036545,"3,191",100% bearish,of 1 rating,N/A
CLDX,$15.36,1440861036570,"795,869",89% bullish,of 9 ratings,$36
CLLS,$33.23,1440861036706,"43,557",75% bullish,of 4 ratings,$51.50
CBMG,$23.56,1440861036734,"38,037",50% bullish,of 2 ratings,N/A
CLRBW,NULL,1440861036760,0,Not yet rated,NULL,N/A
CLTX,$2.42,1440861036807,"133,553",100% bullish,of 2 ratings,N/A
CLSN,$2.06,1440861036836,"73,145",80% bullish,of 10 ratings,$7.50
CEMP,$35.8,1440861036908,"347,148",71% bullish,of 7 ratings,$52
CETX,$2.36,1440861036932,"4,400",Not yet rated,NULL,$5.60
CETV,$2.14,1440861037084,"134,612",67% bullish,of 3 ratings,$2.80
CYAD,NULL,1440861037115,0,100% bullish,of 1 rating,$87.50
CSFL,$13.59,1440861037181,"87,153",Not yet rated,NULL,$15
CENTA,$12.55,1440861037210,"406,884",Not yet rated,NULL,N/A
CENT,$12.18,1440861037245,"51,466",Not yet rated,NULL,$10
CFBK,$1.37,1440861037270,"2,096",Not yet rated,NULL,N/A
CVCY,$11.26,1440861037309,"19,319",Not yet rated,NULL,$12
CNBKA,$41.6,1440861037546,"1,243",50% bullish,of 2 ratings,N/A
CENX,$5.51,1440861037574,"2,154,129",67% bullish,of 6 ratings,$9
CNTY,$5.65,1440861037604,"30,032",80% bullish,of 5 ratings,$7.75
CPHD,$50.36,1440861037631,"387,374",67% bearish,of 3 ratings,$66.50
CERE,$1.14,1440861037706,"230,627",88% bullish,of 8 ratings,N/A
CRNT,$1.43,1440861037763,"82,256",50% bullish,of 2 ratings,$2
CERN,$63.13,1440861037836,"1,747,634",67% bullish,of 3 ratings,$79
CERS,$4.85,1440861037932,"305,160",75% bullish,of 4 ratings,$7
CERU,$3.78,1440861037963,"42,073",75% bullish,of 4 ratings,$15
KOOL,$0.67,1440861037985,"40,840",100% bullish,of 5 ratings,$7
CYOU,$20.64,1440861038038,"99,352",50% bullish,of 6 ratings,$24
CEVA,$19.13,1440861038063,"98,749",100% bearish,of 1 rating,$25
HOTR,$1.42,1440861038129,"119,259",100% bullish,of 2 ratings,$5
HOTRW,NULL,1440861038266,0,Not yet rated,NULL,N/A
CTHR,$1.3,1440861038292,"7,326",50% bullish,of 2 ratings,$2.50
GTLS,$24.36,1440861038339,"352,866",50% bullish,of 4 ratings,$40
CHTR,$180.1921,1440861038366,"506,492",100% bearish,of 2 ratings,$196
CHKP,$78.7204,1440861038563,"690,963",50% bullish,of 4 ratings,$92
CHFN,$12.38,1440861038622,"17,917",Not yet rated,NULL,$14
CHEK,$2.1,1440861038659,"3,047",Not yet rated,NULL,$7.75
CEMI,$4.25,1440861038691,"18,500",50% bullish,of 2 ratings,$7.50
CHFC,$31.4,1440861038755,"83,177",100% bearish,of 1 rating,$36
CHEKW,NULL,1440861038782,0,Not yet rated,NULL,N/A
CHMG,$26.15,1440861038808,520,Not yet rated,NULL,$30
CCXI,$6.5,1440861038854,"58,200",67% bullish,of 3 ratings,$14
CBNK,$16.25,1440861039091,"7,266",100% bearish,of 1 rating,N/A
CHKE,$25.46,1440861039124,"11,637",100% bearish,of 1 rating,$32.50
CMRX,$50.48,1440861039223,"233,277",50% bullish,of 2 ratings,$57
CHEV,$14.42,1440861039249,"2,230",Not yet rated,NULL,N/A
PLCE,$59.63,1440861039277,"171,366",100% bearish,of 1 rating,$69
CHMA,$25.42,1440861039303,"56,946",Not yet rated,NULL,$40
CADC,NULL,1440861039323,0,78% bullish,of 9 ratings,N/A
CBAK,$2.02,1440861039453,"47,677",67% bullish,of 9 ratings,N/A
CALI,$0.89,1440861039485,"13,298",67% bullish,of 3 ratings,N/A
CAAS,$6.55,1440861039517,"22,438",93% bullish,of 14 ratings,$11.50
CCCL,$0.783,1440861039618,"8,319",100% bullish,of 6 ratings,N/A
CBPO,$99.9369,1440861039669,"135,210",75% bullish,of 8 ratings,$140.50
CCCR,$0.79,1440861039696,"1,440",67% bearish,of 3 ratings,N/A
JRJC,$3.64,1440861039717,"75,212",82% bullish,of 11 ratings,N/A
CHOP,$1.16,1440861039866,"3,443",50% bullish,of 2 ratings,N/A
HGSH,$1.81,1440861039998,"5,114",67% bullish,of 3 ratings,N/A
CNIT,$1.37,1440861040023,"110,498",67% bullish,of 6 ratings,N/A
CHNR,$1.57,1440861040069,"4,716",100% bearish,of 1 rating,N/A
CJJD,$1.87,1440861040170,"12,291",100% bullish,of 1 rating,N/A
HTHT,$25.57,1440861040197,"81,705",50% bullish,of 2 ratings,$28.40
CHLN,$1.99,1440861040223,"5,524",67% bullish,of 3 ratings,N/A
CREG,$0.7,1440861040250,"37,457",100% bullish,of 3 ratings,N/A
CPGI,NULL,1440861040384,0,Not yet rated,NULL,N/A
CSUN,$1.48,1440861040415,"12,166",80% bullish,of 5 ratings,N/A
CNTF,$0.804,1440861040442,"91,538",Not yet rated,NULL,N/A
CXDC,$5.72,1440861040473,"37,730",67% bearish,of 3 ratings,N/A
CNYD,$3.35,1440861040553,"14,299",67% bullish,of 3 ratings,N/A
CNET,$0.898,1440861040696,"40,200",50% bullish,of 2 ratings,N/A
CCIH,$7.31,1440861040721,"195,215",67% bullish,of 6 ratings,$12.65
IMOS,$18.56,1440861040752,"157,340",60% bullish,of 5 ratings,$21.50
CHSCL,$27.01,1440861040860,"14,960",Not yet rated,NULL,N/A
CHSCM,$26.12,1440861041008,"14,760",Not yet rated,NULL,N/A
CHSCN,$27.27,1440861041037,"2,175",Not yet rated,NULL,N/A
CHSCO,$28.31,1440861041095,"2,888",Not yet rated,NULL,N/A
CHSCP,$30.51,1440861041140,"4,500",Not yet rated,NULL,N/A
CHDN,$133.5,1440861041196,"100,896",Not yet rated,NULL,$165
CHUY,$31.57,1440861041226,"143,174",50% bullish,of 2 ratings,$34
CDTX,$14.67,1440861041268,"15,045",Not yet rated,NULL,$22
CMCT,$15.3899,1440861041325,200,100% bearish,of 1 rating,N/A
CIFC,$7.04,1440861041354,"4,824",100% bearish,of 1 rating,N/A
CMPR,$73.46,1440861041386,"272,387",50% bullish,of 2 ratings,$72.50
CINF,$52.79,1440861041490,"561,411",50% bullish,of 4 ratings,$50.50
CIDM,$0.5736,1440861041524,"95,380",50% bullish,of 2 ratings,$2.10
CPHR,$5.33,1440861041618,"49,892",100% bearish,of 1 rating,$17
CTAS,$85.3785,1440861041643,"330,304",100% bearish,of 1 rating,$91
CRUS,$30.21,1440861041719,"732,197",75% bullish,of 12 ratings,$44.50
CSCO,$26.02,1440861041878,"21,265,874",84% bullish,of 209 ratings,$32
CTRN,$26.73,1440861041910,"81,046",100% bearish,of 1 rating,$31.50
CZWI,$8.97,1440861041941,974,Not yet rated,NULL,N/A
CZFC,NULL,1440861042002,0,Not yet rated,NULL,N/A
CZNC,$19.84,1440861042033,"9,181",Not yet rated,NULL,N/A
CTXS,$68.69,1440861042054,"1,229,256",86% bullish,of 7 ratings,$80
CIZN,$19.33,1440861042133,"2,439",Not yet rated,NULL,N/A
CHCO,$47.25,1440861042211,"42,647",Not yet rated,NULL,$46
CDTI,$1.61,1440861042236,"54,168",75% bullish,of 4 ratings,$3.20
CIVBP,$33.21,1440861042365,353,Not yet rated,NULL,N/A
CIVB,$10.07,1440861042396,"6,435",Not yet rated,NULL,$11
CLNE,$5.18,1440861042454,"972,530",80% bullish,of 15 ratings,$9
CLNT,$1.5,1440861042478,"17,654",75% bullish,of 8 ratings,N/A
CLIR,$4.67,1440861042610,"79,948",100% bullish,of 3 ratings,N/A
CLFD,$17.21,1440861042641,"38,655",67% bullish,of 3 ratings,$18
CSBK,$13.62,1440861042740,"66,040",Not yet rated,NULL,N/A
CBLI,$3.8,1440861042768,"30,681",60% bullish,of 5 ratings,N/A
CLRO,$11.51,1440861042801,"4,079",50% bullish,of 2 ratings,$14.25
CLVS,$80.54,1440861042836,"406,345",60% bullish,of 5 ratings,$101.50
CME,$94.62,1440861042906,"1,009,749",67% bullish,of 3 ratings,$102
CMFN,$11.17,1440861042935,"26,820",100% bearish,of 1 rating,$15.50
CCNE,$16.98,1440861042961,"9,188",50% bullish,of 2 ratings,$21.50
CISG,$7.81,1440861042986,"67,936",100% bullish,of 5 ratings,$10
CNV,$4.43,1440861043172,"28,444",50% bullish,of 2 ratings,$7.15
CWAY,$11.11,1440861043230,"4,726",Not yet rated,NULL,N/A
CDRB,$13.97,1440861043303,"24,525",67% bullish,of 3 ratings,N/A
COKE,$157.56,1440861043361,"23,920",79% bullish,of 19 ratings,N/A
COBZ,$12.84,1440861043407,"40,728",100% bullish,of 1 rating,$14
CDXS,$3.8,1440861043437,"19,698",64% bullish,of 11 ratings,$6
JVA,$4.63,1440861043496,"11,572",83% bullish,of 6 ratings,$7
CCOI,$27.46,1440861043521,"445,468",50% bullish,of 4 ratings,$35
CVLY,$20.32,1440861043550,722,Not yet rated,NULL,N/A
CGNT,$1.53,1440861043649,"56,889",100% bullish,of 2 ratings,$2
CGNX,$35.49,1440861043749,"359,217",50% bullish,of 2 ratings,$47
CTSH,$63.72,1440861043824,"2,758,536",90% bullish,of 10 ratings,$75
COHR,$57.83,1440861043977,"78,704",50% bullish,of 2 ratings,$72
COHU,$9.65,1440861044003,"127,716",100% bearish,of 1 rating,$14.25
CLRX,$0.54,1440861044033,"44,213",50% bullish,of 2 ratings,N/A
CHRS,$28.98,1440861044082,"79,672",67% bearish,of 3 ratings,$37
COLL,$15.34,1440861044215,"40,817",100% bearish,of 1 rating,$26
CLCT,$18.27,1440861044287,"26,386",100% bearish,of 1 rating,N/A
CIGI,$43.29,1440861044346,"40,937",100% bearish,of 1 rating,$52
CLCD,$6.63,1440861044478,"68,876",100% bearish,of 1 rating,$20.50
CBAN,$8.75,1440861044535,"1,516",Not yet rated,NULL,N/A
COLB,$30.05,1440861044634,"150,126",Not yet rated,NULL,$36
CMCO,$18.73,1440861044732,"73,520",60% bullish,of 5 ratings,$28
COLM,$60.64,1440861044763,"88,479",100% bearish,of 1 rating,$71
CBMX,$1.1,1440861044789,"19,525",83% bullish,of 6 ratings,$3.15
CMCSA,$56.77,1440861044873,"7,743,132",66% bullish,of 35 ratings,$69.50
CMCSK,$57.62,1440861044947,"1,941,868",Not yet rated,NULL,$84
CBSH,$44.5989,1440861045004,"229,533",50% bullish,of 2 ratings,$46
CVGI,$4.96,1440861045151,"43,835",50% bullish,of 2 ratings,$6
CUBN,NULL,1440861045180,0,Not yet rated,NULL,N/A
CBSHP,$25.42,1440861045208,"26,034",100% bearish,of 1 rating,N/A
COMM,$31.9,1440861045241,"725,355",67% bearish,of 3 ratings,$35
CSAL,$20.6041,1440861045281,"433,349",75% bullish,of 4 ratings,$30
ESXB,$5.06,1440861045338,"3,468",Not yet rated,NULL,N/A
JCS,$8.61,1440861045369,"7,525",67% bullish,of 3 ratings,N/A
CYHHZ,$0.01,1440861045469,"76,000",100% bullish,of 1 rating,N/A
CTBI,$34.87,1440861045497,"53,139",Not yet rated,NULL,$36
CWBC,$6.7,1440861045522,"1,519",Not yet rated,NULL,N/A
CVLT,$35.7,1440861045660,"499,857",75% bullish,of 4 ratings,$44.50
COB,$10.44,1440861045685,"13,253",100% bullish,of 1 rating,$11.75
CIZ,$33.45,1440861045763,"1,507",100% bearish,of 1 rating,N/A
CID,NULL,1440861045846,0,Not yet rated,NULL,N/A
CIL,NULL,1440861045913,0,Not yet rated,NULL,N/A
CFO,$35.63,1440861045987,"150,250",100% bearish,of 1 rating,N/A
CSF,$36.75,1440861046020,"4,489",100% bearish,of 1 rating,N/A
CSA,NULL,1440861046040,0,Not yet rated,NULL,N/A
CDC,$34.78,1440861046071,"3,743",Not yet rated,NULL,N/A
CFA,$35.7,1440861046121,900,100% bearish,of 1 rating,N/A
CDL,NULL,1440861046201,0,Not yet rated,NULL,N/A
CGEN,$5.2,1440861046282,"49,804",50% bullish,of 2 ratings,$11
CSB,$32.92,1440861046306,200,Not yet rated,NULL,N/A
SCOR,$53.74,1440861046446,"303,382",100% bearish,of 1 rating,$66
CPSI,$45.63,1440861046490,"70,148",100% bearish,of 1 rating,$45.50
CTG,$6.51,1440861046584,"63,423",100% bearish,of 1 rating,$8.50
CMTL,$25.29,1440861046620,"132,707",100% bearish,of 2 ratings,$37
CHCI,$0.65,1440861046647,"20,669",50% bullish,of 2 ratings,N/A
CNSI,$18.77,1440861046781,"63,344",100% bearish,of 2 ratings,$29
CNCE,$15.95,1440861046810,"103,480",75% bullish,of 4 ratings,$22
CNAT,$4.05,1440861046831,"58,100",83% bullish,of 6 ratings,$13
CXRX,$75.05,1440861046963,"5,908",100% bearish,of 1 rating,$90
CDOR,$1.35,1440861046995,"4,361",100% bullish,of 1 rating,N/A
CDORO,$18.95,1440861047026,"1,200",100% bearish,of 1 rating,N/A
CCUR,$5.46,1440861047052,"80,309",75% bullish,of 4 ratings,N/A
CDORP,$7,1440861047093,400,100% bearish,of 1 rating,N/A
CFMS,$19.77,1440861047122,"86,468",Not yet rated,NULL,$27
CNFR,$10.18,1440861047317,"11,241",Not yet rated,NULL,N/A
CNOB,$19.01,1440861047384,"42,656",100% bullish,of 1 rating,$23.50
CNMD,$53.23,1440861047414,"80,020",Not yet rated,NULL,$59
CTWS,$34.5,1440861047515,"20,376",100% bearish,of 1 rating,$44
CNSL,$19.76,1440861047545,"196,877",100% bearish,of 1 rating,$23
CONN,$29.44,1440861047570,"528,417",67% bullish,of 3 ratings,$48.50
CNXR,$6.93,1440861047595,"72,869",100% bearish,of 1 rating,$12
CWCO,$10.94,1440861047730,"91,573",67% bullish,of 3 ratings,$14.50
CPSS,$5.6,1440861047758,"22,982",100% bullish,of 1 rating,$10
CTCT,$25.04,1440861047789,"195,271",67% bullish,of 3 ratings,$37
CFRXZ,$0.599,1440861047894,600,Not yet rated,NULL,N/A
CFRXW,$1.95,1440861047919,"2,650",100% bearish,of 1 rating,N/A
CFRX,$5.08,1440861047946,"7,722",Not yet rated,NULL,$14
CTRV,$3.68,1440861047995,"4,034",Not yet rated,NULL,$6.40
CTRL,$8.97,1440861048130,"133,195",50% bullish,of 2 ratings,$11
CPRT,$34.99,1440861048158,"286,933",67% bearish,of 3 ratings,$40
CORT,$5.18,1440861048262,"216,538",67% bullish,of 3 ratings,$12
CRBP,$1.92,1440861048353,"146,083",100% bullish,of 2 ratings,$6.25
CORI,$10.45,1440861048408,"37,147",100% bearish,of 1 rating,$18
BVA,$3.75,1440861048437,627,50% bullish,of 2 ratings,N/A
CSOD,$36.17,1440861048463,"273,201",50% bullish,of 2 ratings,$42
CORE,$59.67,1440861048490,"118,215",100% bearish,of 1 rating,$72
CRVL,$30.91,1440861048540,"28,940",100% bearish,of 1 rating,N/A
COSI,$1.17,1440861048668,"158,610",100% bullish,of 1 rating,N/A
COST,$140.29,1440861048730,"1,445,606",79% bullish,of 24 ratings,$154.50
CSGP,$181.38,1440861048758,"68,173",50% bullish,of 2 ratings,$235
ICBK,$18.11,1440861048907,228,Not yet rated,NULL,$21
CPAH,$0.4301,1440861048939,"2,700",50% bullish,of 2 ratings,N/A
CVTI,$23.51,1440861048960,"93,135",67% bearish,of 3 ratings,$39
COVS,$2.7,1440861048992,"62,906",67% bullish,of 3 ratings,N/A
COWN,$5.23,1440861049041,"635,563",75% bullish,of 4 ratings,$7
COWNL,$26.65,1440861049139,"2,100",Not yet rated,NULL,N/A
CPSH,$2.18,1440861049183,"1,167",Not yet rated,NULL,N/A
CRAI,$22.05,1440861049246,"27,938",100% bearish,of 1 rating,$36
BREW,$7.97,1440861049315,"39,101",67% bullish,of 6 ratings,$15
GLDI,$11.01,1440861049560,"3,640",100% bearish,of 1 rating,N/A
CRAY,$20.41,1440861049585,"251,324",83% bullish,of 6 ratings,$38.50
CACC,$197.5495,1440861049637,"34,208",50% bullish,of 2 ratings,$158.50
SLVO,$10.04,1440861049668,"2,848",100% bearish,of 1 rating,N/A
CBRL,$145.82,1440861049688,"142,127",50% bullish,of 2 ratings,$155
CRESY,$10.35,1440861049768,"27,734",100% bearish,of 1 rating,$19
CREE,$26.99,1440861049817,"801,140",65% bullish,of 17 ratings,$29.50
CROX,$14.52,1440861049912,"662,990",63% bullish,of 8 ratings,$16.50
CCRN,$14.14,1440861049939,"142,037",100% bearish,of 1 rating,$14.25
CRWS,$8.07,1440861049988,"4,508",Not yet rated,NULL,$10
CRTO,$43.1,1440861050018,"295,607",67% bullish,of 6 ratings,$64
CYRX,$2.885,1440861050119,"11,794",Not yet rated,NULL,$9
CRWN,$4.47,1440861050248,"38,249",75% bullish,of 4 ratings,N/A
CYRXW,$0.83,1440861050277,200,Not yet rated,NULL,N/A
CSGS,$31.14,1440861050336,"222,878",Not yet rated,NULL,$40
CRDS,$1,1440861050380,"42,738",75% bullish,of 4 ratings,$4.50
CCLP,$15.38,1440861050468,"30,912",67% bearish,of 3 ratings,$20
CSPI,$5.71,1440861050531,516,67% bullish,of 3 ratings,N/A
CTCM,$1.83,1440861050562,"114,360",80% bearish,of 5 ratings,$3.90
CTIC,$1.6,1440861050593,"646,597",84% bullish,of 76 ratings,$5.75
CTIB,$3.63,1440861050667,"3,890",100% bearish,of 1 rating,N/A
CTRP,$71.1413,1440861050696,"1,216,212",75% bullish,of 8 ratings,$93
CUI,$5.32,1440861050802,"29,604",50% bullish,of 2 ratings,$10
CUNB,$21.18,1440861050831,"14,251",Not yet rated,NULL,$24.50
CMLS,$1.42,1440861050932,"374,324",50% bullish,of 4 ratings,$6
CRIS,$2.59,1440861051022,"166,862",100% bullish,of 8 ratings,$6
CPIX,$6.04,1440861051050,"5,828",Not yet rated,NULL,N/A
CUTR,$14.46,1440861051076,"32,831",67% bearish,of 3 ratings,$18
CVV,$10.97,1440861051210,"7,294",100% bullish,of 5 ratings,N/A
CVBF,$16,1440861051235,"493,743",Not yet rated,NULL,$18
CYBE,$6.76,1440861051402,"22,725",100% bearish,of 1 rating,N/A
CYBX,$67,1440861051428,"196,566",50% bullish,of 4 ratings,$71.50
CYAN,$7.6,1440861051449,"2,172",100% bearish,of 1 rating,N/A
CYCC,$0.55,1440861051484,"63,851",73% bullish,of 11 ratings,N/A
CYCCP,NULL,1440861051583,0,100% bearish,of 1 rating,N/A
CBAY,$2.63,1440861051654,"56,866",100% bullish,of 1 rating,$4
CYBR,$52.4,1440861051715,"680,705",75% bullish,of 8 ratings,$66
CYNA,$16.17,1440861051740,"27,144",50% bullish,of 2 ratings,$31.50
CYNO,$31.41,1440861051782,"137,063",67% bearish,of 3 ratings,$45.50
CYRN,$1.7,1440861051807,"29,421",67% bullish,of 3 ratings,$4
CY,$10.09,1440861051877,"2,674,911",80% bullish,of 10 ratings,$15.50
CONE,$32.3,1440861052007,"247,421",67% bearish,of 3 ratings,$35.50
CYTK,$7,1440861052037,"180,145",71% bullish,of 14 ratings,$13.50
CYTX,$0.315,1440861052146,"2,360,173",83% bullish,of 12 ratings,$5.50
CYTR,$2.39,1440861052207,"318,266",67% bullish,of 6 ratings,$10
DAEG,$0.35,1440861052232,"11,063",100% bearish,of 1 rating,N/A
CTSO,$6.89,1440861052279,"27,244",Not yet rated,NULL,$15.625
TVIZ,$19.51,1440861052410,"3,315",100% bearish,of 1 rating,N/A
DJCO,$191.42,1440861052439,502,Not yet rated,NULL,N/A
ZIV,$40.01,1440861052485,"153,112",Not yet rated,NULL,N/A
DAKT,$8.64,1440861052543,"421,544",50% bullish,of 2 ratings,$12
XIV,$27,1440861052568,"18,307,444",75% bearish,of 4 ratings,N/A
TVIX,$13.35,1440861052615,"14,107,659",81% bullish,of 16 ratings,N/A
DARA,$0.86,1440861052641,"24,822",83% bullish,of 6 ratings,$1.50
DTLK,$5.85,1440861052880,"72,201",100% bearish,of 1 rating,$9
DAIO,$2.49,1440861052910,"4,973",Not yet rated,NULL,N/A
DRAM,$1.28,1440861052939,"16,449",78% bullish,of 9 ratings,N/A
PLAY,$34.43,1440861052965,"121,342",100% bullish,of 5 ratings,$42
DWCH,$5.26,1440861053014,"21,471",75% bullish,of 4 ratings,$8.25
DTEA,$13.15,1440861053041,"48,592",100% bearish,of 2 ratings,$24
DBVT,$41.26,1440861053120,"32,497",100% bearish,of 1 rating,$53
DWSN,$4.54,1440861053177,"13,558",67% bullish,of 3 ratings,N/A
TRAK,$62.85,1440861053276,"645,671",50% bullish,of 2 ratings,$62.50
DHRM,$1.48,1440861053364,"7,227",Not yet rated,NULL,N/A
DCTH,$0.4003,1440861053391,"122,121",78% bullish,of 9 ratings,N/A
TACO,$13.1236,1440861053418,"97,042",75% bullish,of 4 ratings,$20
TACOW,$4.05,1440861053446,"18,932",100% bullish,of 1 rating,N/A
DGAS,$20.12,1440861053576,"3,626",67% bearish,of 3 ratings,N/A
DFRG,$14.59,1440861053601,"99,897",100% bearish,of 1 rating,$20
DELT,$2.52,1440861053663,"6,000",Not yet rated,NULL,N/A
DENN,$11.48,1440861053766,"411,859",100% bullish,of 3 ratings,$15
XRAY,$53.26,1440861053825,"455,198",100% bullish,of 1 rating,$58
DELTW,NULL,1440861053854,0,Not yet rated,NULL,N/A
DEPO,$28.38,1440861053897,"492,842",60% bullish,of 5 ratings,$29
DEST,$11.13,1440861053988,"20,183",50% bullish,of 2 ratings,N/A
DXLG,$5.62,1440861054067,"88,393",100% bearish,of 1 rating,$8
DSWL,$1.71,1440861054096,"4,300",100% bullish,of 1 rating,N/A
DSCI,$5.93,1440861054122,"30,721",50% bullish,of 2 ratings,$16
DERM,$27.24,1440861054147,"101,807",100% bearish,of 1 rating,$33.50
DHXM,$6.82,1440861054285,"1,035",Not yet rated,NULL,N/A
DXM,$0.26,1440861054315,"140,456",50% bullish,of 2 ratings,N/A
DXCM,$94.3009,1440861054386,"601,324",57% bullish,of 7 ratings,$98
DHIL,$194.72,1440861054509,"3,494",Not yet rated,NULL,N/A
FANG,$66.56,1440861054536,"945,281",50% bullish,of 2 ratings,$86.50
DMND,$29.77,1440861054557,"137,181",75% bullish,of 12 ratings,$32
DCIX,$1.74,1440861054689,"50,106",50% bullish,of 4 ratings,$3.50
DRNA,$11.13,1440861054715,"76,464",67% bearish,of 3 ratings,$25
DGII,$10.06,1440861054759,"88,413",100% bearish,of 1 rating,$10
DGLY,$8.6,1440861054847,"110,448",50% bullish,of 6 ratings,$20
DRAD,$3.7,1440861054873,"14,268",100% bullish,of 1 rating,$5.25
DMRC,$37.81,1440861054897,"119,126",100% bearish,of 1 rating,$44
APPS,$2.43,1440861054927,"110,613",100% bearish,of 1 rating,$10.25
DCOM,$17.01,1440861055058,"121,317",100% bearish,of 2 ratings,$16.50
DIOD,$19.93,1440861055084,"100,117",75% bearish,of 4 ratings,$24
DPRX,$13.52,1440861055165,"8,669",100% bullish,of 2 ratings,$27.75
DISCB,NULL,1440861055299,0,100% bearish,of 1 rating,$35
DISCK,$25.71,1440861055331,"1,450,570",100% bearish,of 1 rating,$32
DISCA,$27.1127,1440861055357,"1,476,936",67% bullish,of 3 ratings,$34
DSCO,$0.42,1440861055425,"233,070",83% bullish,of 6 ratings,$2.75
DISH,$59.62,1440861055530,"664,919",69% bullish,of 13 ratings,$73
DVCR,$10.8,1440861055590,"5,362",100% bullish,of 1 rating,N/A
BAGR,$2.77,1440861055616,"10,502",100% bearish,of 1 rating,$6
DNBF,$25.76,1440861055683,408,Not yet rated,NULL,$27.50
DLHC,$2.45,1440861055711,"2,228",100% bearish,of 1 rating,N/A
DLTR,$76.7377,1440861055778,"1,695,005",82% bullish,of 11 ratings,$88
DGICA,$14.27,1440861055808,"10,088",100% bearish,of 1 rating,$17
DGICB,NULL,1440861055881,0,100% bearish,of 1 rating,N/A
DMLP,$14.39,1440861055965,"9,844",100% bearish,of 1 rating,N/A
DORM,$50.42,1440861056065,"213,968",100% bearish,of 1 rating,$56
DRWI,$0.21,1440861056145,"608,108",60% bullish,of 5 ratings,$.45
HILL,$9.665,1440861056173,"1,225,949",60% bearish,of 5 ratings,$9.75
DRWIW,$0.04,1440861056198,318,Not yet rated,NULL,N/A
DRYS,$0.44,1440861056247,"3,465,209",77% bullish,of 31 ratings,$.60
DWA,$20.29,1440861056334,"780,239",63% bullish,of 8 ratings,$26
DSKX,$3.25,1440861056363,"269,494",100% bullish,of 1 rating,N/A
CADT,NULL,1440861056388,0,Not yet rated,NULL,N/A
CADTU,NULL,1440861056521,0,Not yet rated,NULL,N/A
DSPG,$8.55,1440861056549,"86,341",100% bearish,of 1 rating,$13.50
CADTW,NULL,1440861056578,0,Not yet rated,NULL,N/A
CADTR,NULL,1440861056609,0,Not yet rated,NULL,N/A
DNKN,$51.69,1440861056682,"615,001",67% bullish,of 15 ratings,$56.50
DTSI,$27.07,1440861056707,"64,293",100% bearish,of 2 ratings,$39.50
DRRX,$2.1,1440861056898,"174,261",50% bullish,of 6 ratings,$3
DXPE,$28.01,1440861056927,"198,401",50% bullish,of 2 ratings,N/A
BOOM,$10.64,1440861056959,"121,109",67% bullish,of 3 ratings,$12
DYAX,$23.69,1440861056980,"450,638",89% bullish,of 9 ratings,$30
DYNT,$3,1440861057064,"2,521",75% bullish,of 4 ratings,N/A
DYSL,$1.44,1440861057126,"9,241",100% bullish,of 2 ratings,N/A
ETFC,$26.53,1440861057165,"1,656,489",57% bullish,of 14 ratings,$32.50
DVAX,$29.76,1440861057189,"286,822",70% bullish,of 10 ratings,$40
EGBN,$41.91,1440861057261,"45,548",Not yet rated,NULL,$48
EBMT,$11.54,1440861057368,"1,076",Not yet rated,NULL,$13.50
EROC,$1.54,1440861057469,"321,569",50% bullish,of 2 ratings,$3
EGLE,$6.51,1440861057498,"44,799",60% bullish,of 5 ratings,N/A
EGRX,$83.67,1440861057530,"183,576",67% bullish,of 3 ratings,$97
EACQU,NULL,1440861057628,0,Not yet rated,NULL,N/A
EWBC,$40.36,1440861057654,"524,091",100% bearish,of 1 rating,$50
ELNK,$8.45,1440861057730,"507,260",60% bullish,of 5 ratings,$9.50
EML,$16.47,1440861057786,"7,046",Not yet rated,NULL,N/A
EVBS,$6.6,1440861057826,"16,168",Not yet rated,NULL,$7
EBAY,$27.25,1440861057856,"6,618,106",81% bullish,of 117 ratings,$34
EBIX,$28.21,1440861057882,"195,546",69% bullish,of 13 ratings,$40
ELON,$0.5649,1440861057961,"28,406",50% bullish,of 2 ratings,N/A
ECHO,$23.01,1440861058094,"541,539",67% bearish,of 3 ratings,$35.50
ECTE,$1.46,1440861058139,"3,701",75% bullish,of 4 ratings,N/A
EEI,$11.15,1440861058270,"3,106",67% bearish,of 3 ratings,N/A
SATS,$44.59,1440861058296,"56,536",50% bullish,of 2 ratings,$60
ECACU,$10.1,1440861058332,"3,602",Not yet rated,NULL,N/A
EDAP,$3.6,1440861058462,"25,350",60% bullish,of 5 ratings,$4.50
EDGW,$7.01,1440861058517,"10,591",100% bearish,of 1 rating,N/A
ESES,$3.22,1440861058542,"2,164",100% bearish,of 1 rating,$7
EFUT,$4.63,1440861058576,700,Not yet rated,NULL,N/A
EDUC,$5.55,1440861058601,"21,651",100% bearish,of 1 rating,N/A
EGAN,$3.64,1440861058674,"7,806",50% bullish,of 2 ratings,$6.25
EHTH,$14.1,1440861058743,"168,301",50% bullish,of 4 ratings,$16.50
EGLT,$10.66,1440861058838,"20,932",50% bullish,of 2 ratings,$21
EMITF,$1.18,1440861058928,"3,474",75% bullish,of 4 ratings,N/A
LOCO,$13.72,1440861058994,"1,206,901",77% bullish,of 13 ratings,$20
ESLT,$76.65,1440861059059,"2,915",67% bullish,of 3 ratings,N/A
ERI,$9.7,1440861059090,"144,246",100% bearish,of 1 rating,$10
ELRC,$10.71,1440861059125,"16,406",100% bearish,of 1 rating,N/A
EA,$67.91,1440861059229,"2,056,941",77% bullish,of 35 ratings,$80
ELEC,NULL,1440861059259,0,Not yet rated,NULL,N/A
ESIO,$4.43,1440861059321,"140,353",50% bullish,of 2 ratings,$10
ELSE,$3.9999,1440861059352,500,60% bullish,of 5 ratings,N/A
EFII,$44.09,1440861059430,"127,147",80% bullish,of 5 ratings,$55
ELECW,NULL,1440861059461,0,Not yet rated,NULL,N/A
ELECU,NULL,1440861059487,0,Not yet rated,NULL,N/A
EBIO,$3.55,1440861059529,"154,084",100% bearish,of 2 ratings,$8.35
RDEN,$10.95,1440861059618,"74,308",100% bearish,of 4 ratings,$15
CAPX,$22.93,1440861059659,"13,900",Not yet rated,NULL,N/A
ESBK,$19.66,1440861059848,423,Not yet rated,NULL,N/A
EMCI,$23.2,1440861059900,"15,362",Not yet rated,NULL,N/A
ELTK,$1.34,1440861059926,"144,213",67% bearish,of 3 ratings,N/A
LONG,$17.04,1440861059952,"9,996",67% bullish,of 3 ratings,$15.75
EMCF,$23.06,1440861059972,100,100% bearish,of 1 rating,N/A
NYNY,$4.37,1440861060104,"30,167",50% bullish,of 2 ratings,N/A
EMKR,$7.06,1440861060135,"65,081",75% bullish,of 4 ratings,$8.50
EMMSP,$3,1440861060231,200,100% bearish,of 1 rating,N/A
ERS,$2.83,1440861060298,"6,582",Not yet rated,NULL,N/A
EMMS,$1.12,1440861060354,"136,017",83% bullish,of 6 ratings,N/A
ENTA,$41.18,1440861060375,"122,390",50% bullish,of 2 ratings,$42
ECPG,$40.13,1440861060410,"153,412",100% bullish,of 2 ratings,$52
WIRE,$31.67,1440861060457,"90,127",100% bearish,of 1 rating,$37
ENDP,$78.7,1440861060509,"843,248",50% bullish,of 6 ratings,$104
ECYT,$5.28,1440861060695,"159,581",83% bullish,of 6 ratings,$12
EIGI,$15.55,1440861060743,"197,582",67% bearish,of 3 ratings,$22.50
WATT,$6.99,1440861060797,"124,032",50% bullish,of 2 ratings,$13
ELGX,$13.04,1440861060825,"310,868",75% bullish,of 4 ratings,$17
EFOI,$22,1440861060855,"907,367",50% bullish,of 2 ratings,$20.50
ERII,$2.69,1440861060882,"49,581",80% bullish,of 5 ratings,$2.50
EXXI,$1.83,1440861060961,"2,134,615",86% bullish,of 7 ratings,$3.50
ENG,$1,1440861061097,"10,728",100% bullish,of 3 ratings,N/A
ENOC,$9.35,1440861061132,"300,726",75% bullish,of 4 ratings,$18
ESGR,$146.02,1440861061196,"29,141",100% bearish,of 1 rating,$185
ENFC,$17.63,1440861061224,"14,896",Not yet rated,NULL,N/A
ENPH,$4.58,1440861061258,"408,795",75% bullish,of 4 ratings,$11
ENTG,$13.7,1440861061355,"498,237",100% bearish,of 1 rating,$18
ENTL,$22.19,1440861061380,"11,224",Not yet rated,NULL,$28
EBTC,$21.14,1440861061533,"4,216",Not yet rated,NULL,N/A
ETRM,$0.27,1440861061578,"540,107",69% bearish,of 35 ratings,$1.625
EFSC,$23.84,1440861061708,"31,437",Not yet rated,NULL,$27
EGT,$2.14,1440861061737,"13,092",100% bullish,of 1 rating,N/A
ENZY,$9.69,1440861061762,"20,091",67% bullish,of 3 ratings,$9.50
ENVI,$1.85,1440861061794,"22,541",67% bullish,of 3 ratings,N/A
ENZN,$1.05,1440861061816,"191,259",100% bullish,of 9 ratings,N/A
EPIQ,$12.94,1440861061865,"95,473",100% bearish,of 1 rating,$18
EPRS,$5.3,1440861061951,"65,326",82% bullish,of 11 ratings,$15
EPZM,$20.1,1440861061977,"274,818",60% bullish,of 5 ratings,$34
EQFN,NULL,1440861062125,0,100% bearish,of 1 rating,N/A
PLUS,$76.75,1440861062182,"44,219",50% bullish,of 2 ratings,$88
EQIX,$268.78,1440861062208,"317,195",75% bullish,of 4 ratings,$312.50
EAC,$3.37,1440861062229,"4,106",100% bearish,of 1 rating,$8
ERIE,$82.6965,1440861062358,"23,830",Not yet rated,NULL,$73
ESCA,$18,1440861062388,"15,345",100% bearish,of 1 rating,$22
ESCR,$0.12,1440861062409,"313,269",50% bullish,of 2 ratings,N/A
ERIC,$9.95,1440861062439,"1,517,001",67% bullish,of 9 ratings,$12.20
ESSA,$12.81,1440861062602,"2,219",100% bearish,of 1 rating,N/A
ESMC,$1.31,1440861062629,"1,148",Not yet rated,NULL,N/A
ESPR,$52.27,1440861062657,"597,174",70% bearish,of 10 ratings,$123
ESCRP,$1.15,1440861062690,"3,261",100% bearish,of 1 rating,N/A
EPIX,NULL,1440861062789,0,Not yet rated,NULL,N/A
ESND,$34.46,1440861062817,"110,118",100% bearish,of 2 ratings,$40
ESSX,$0.4461,1440861062842,"121,833",50% bullish,of 2 ratings,N/A
ETSY,$14.82,1440861062869,"411,302",80% bullish,of 5 ratings,$16
CLWT,NULL,1440861062996,0,100% bullish,of 1 rating,N/A
ESEA,$5.37,1440861063125,"3,809",100% bullish,of 1 rating,$15
EEFT,$65.62,1440861063153,"156,788",100% bearish,of 1 rating,$67.50
EVEP,$8.27,1440861063182,"378,682",50% bullish,of 2 ratings,$15
EVLV,$2.68,1440861063210,"224,794",60% bullish,of 5 ratings,$5.125
EVK,$3.75,1440861063236,267,75% bearish,of 4 ratings,N/A
EVOK,$3.75,1440861063286,"45,220",100% bearish,of 1 rating,$13.375
EVOL,$5.98,1440861063367,"4,531",75% bullish,of 4 ratings,$10
EXAC,$18.64,1440861063511,"19,525",100% bearish,of 1 rating,$22.50
EXA,$11.19,1440861063535,"12,872",100% bearish,of 1 rating,$13
EXEL,$6.06,1440861063583,"3,042,838",81% bullish,of 16 ratings,$6
EXAS,$22.34,1440861063612,"466,825",78% bullish,of 9 ratings,$31
EXFO,$2.74,1440861063715,"3,109",67% bearish,of 3 ratings,$3.95
EXLS,$36.47,1440861063746,"100,676",50% bullish,of 2 ratings,$41
EXPE,$116.5217,1440861063842,"591,733",64% bullish,of 11 ratings,$130
EXPD,$49.66,1440861063875,"1,275,347",80% bullish,of 5 ratings,$52
EXPO,$42.71,1440861063944,"77,752",100% bearish,of 1 rating,$45.50
ESRX,$84.46,1440861064007,"2,106,762",67% bearish,of 6 ratings,$101
EXTR,$2.85,1440861064045,"441,776",80% bullish,of 5 ratings,$3
EYEG,$3.63,1440861064079,"8,530",Not yet rated,NULL,N/A
EYEGW,NULL,1440861064181,0,Not yet rated,NULL,N/A
EZCH,$22.5819,1440861064312,"100,750",75% bullish,of 8 ratings,$19.50
EZPW,$5.83,1440861064343,"233,828",50% bullish,of 4 ratings,$7.50
FFIV,$122.97,1440861064369,"535,549",63% bullish,of 8 ratings,$132
EXLP,$20.8232,1440861064412,"166,876",100% bearish,of 1 rating,$25
FB,$90.997,1440861064501,"21,405,623",73% bullish,of 1070 ratings,$111
FCS,$13.71,1440861064532,"593,435",67% bearish,of 3 ratings,$17
FRP,$16.22,1440861064633,"95,097",100% bearish,of 1 rating,$18
FALC,$1.76,1440861064716,"108,050",63% bearish,of 8 ratings,N/A
FWM,$2.25,1440861064745,"117,046",100% bearish,of 2 ratings,$3.20
FARM,$22.94,1440861064779,"20,353",100% bearish,of 1 rating,$35
FMNB,$8.27,1440861064814,"9,733",Not yet rated,NULL,N/A
DAVE,$15.36,1440861064877,"17,244",100% bearish,of 1 rating,$15.50
FFKT,$25.89,1440861064904,"7,909",Not yet rated,NULL,$29
FAST,$38.69,1440861065083,"1,512,410",80% bullish,of 5 ratings,$45.50
FARO,$38.01,1440861065111,"102,628",50% bullish,of 2 ratings,$48
FBRC,$22.28,1440861065239,"11,421",100% bearish,of 1 rating,$29
FBSS,$15.29,1440861065266,200,Not yet rated,NULL,N/A
FDML,$8.72,1440861065316,"236,899",50% bullish,of 4 ratings,$14
FATE,$7.21,1440861065343,"24,853",50% bullish,of 2 ratings,$11
FNHC,$21.79,1440861065364,"82,959",100% bearish,of 1 rating,$35
FEIC,$75.72,1440861065385,"219,243",50% bullish,of 2 ratings,$95.50
FHCO,$1.37,1440861065534,"24,116",50% bullish,of 4 ratings,N/A
FENX,$9.97,1440861065562,"142,317",100% bullish,of 1 rating,$14.25
FCSC,$5.74,1440861065692,"84,641",100% bearish,of 1 rating,$8.125
FGEN,$25,1440861065779,"155,438",100% bearish,of 1 rating,$39
ONEQ,$189.9,1440861065810,"11,934",100% bullish,of 1 rating,N/A
LION,$19.23,1440861065911,"74,002",100% bullish,of 1 rating,$20
FRGI,$52.21,1440861066044,"105,363",50% bullish,of 2 ratings,$70
FSFR,$8.89,1440861066081,"67,547",100% bearish,of 1 rating,$11.50
FDUS,$14.64,1440861066133,"23,047",50% bullish,of 2 ratings,$18
FSCFL,$24.65,1440861066154,"6,848",Not yet rated,NULL,N/A
FSAM,$8.19,1440861066191,"11,024",100% bearish,of 1 rating,$10.25
FSC,$6.45,1440861066212,"607,315",60% bullish,of 5 ratings,$8
FITB,$19.97,1440861066284,"3,708,357",54% bullish,of 13 ratings,$22
FITBI,$27.525,1440861066347,"34,706",Not yet rated,NULL,N/A
FNGN,$33.23,1440861066481,"176,570",67% bullish,of 3 ratings,$47
FISI,$24.52,1440861066512,"15,149",100% bullish,of 2 ratings,$24.50
FNSR,$15.77,1440861066537,"515,888",71% bullish,of 7 ratings,$24.50
FNJN,$1.9,1440861066617,"33,173",100% bearish,of 1 rating,$5
FNTC,NULL,1440861066716,0,Not yet rated,NULL,N/A
FNTCU,NULL,1440861066744,0,Not yet rated,NULL,N/A
FNTCW,NULL,1440861066818,0,Not yet rated,NULL,N/A
FBNC,$16.95,1440861066850,"17,226",100% bullish,of 1 rating,$20
FNLC,$18.73,1440861066920,"10,936",100% bullish,of 1 rating,N/A
FEYE,$39.23,1440861066951,"2,069,894",87% bullish,of 15 ratings,$55.50
FRBA,$6.08,1440861066982,"1,488",Not yet rated,NULL,$8
BUSE,$6.36,1440861067017,"86,619",Not yet rated,NULL,$6.875
FBIZ,$44.1,1440861067078,"28,261",100% bearish,of 2 ratings,$52
FCVA,$4.61,1440861067118,351,Not yet rated,NULL,N/A
FCAP,$26.77,1440861067290,402,Not yet rated,NULL,N/A
FCFS,$39.83,1440861067323,"154,214",100% bearish,of 3 ratings,$48
FCLF,$9.05,1440861067421,"1,666",Not yet rated,NULL,N/A
FCNCA,$238.6,1440861067450,"15,051",Not yet rated,NULL,N/A
FCBC,$17.49,1440861067475,"17,432",Not yet rated,NULL,$18
FCFP,$6.94,1440861067501,"3,000",Not yet rated,NULL,N/A
FCCO,$12,1440861067554,"2,065",Not yet rated,NULL,$13.25
FBNK,$17.21,1440861067637,"22,827",100% bearish,of 1 rating,$17.50
FFNM,$6.19,1440861067710,"1,344",Not yet rated,NULL,N/A
FDEF,$37.44,1440861067744,"34,556",Not yet rated,NULL,$38
THFF,$32.94,1440861067843,"24,402",Not yet rated,NULL,$35
FFBCW,NULL,1440861067871,0,100% bearish,of 1 rating,N/A
FFIN,$30.67,1440861067905,"141,387",50% bullish,of 2 ratings,$31.75
FFBC,$18.28,1440861068001,"149,353",67% bearish,of 3 ratings,$20.25
FFNW,$12.06,1440861068030,"10,423",Not yet rated,NULL,$14
FFWM,$21.37,1440861068131,"22,466",Not yet rated,NULL,$24
INBK,$30.15,1440861068267,"10,430",50% bullish,of 2 ratings,$37
FIBK,$26.22,1440861068287,"81,866",Not yet rated,NULL,$32
FMBH,NULL,1440861068320,0,Not yet rated,NULL,N/A
FRME,$25.92,1440861068341,"130,285",Not yet rated,NULL,$26.50
FMBI,$17.43,1440861068480,"263,235",Not yet rated,NULL,$20
FNBC,$34.63,1440861068508,"63,076",Not yet rated,NULL,$40
FNFG,$9.1568,1440861068541,"1,157,000",80% bullish,of 5 ratings,$9
FSGI,$2.47,1440861068639,"12,130",Not yet rated,NULL,N/A
FNWB,$11.85,1440861068668,"10,217",Not yet rated,NULL,N/A
FSFG,$30.07,1440861068699,71,Not yet rated,NULL,N/A
FSLR,$47.8,1440861068769,"1,195,799",72% bullish,of 39 ratings,$65
FSBK,$7.82,1440861068799,"5,412",100% bullish,of 1 rating,N/A
BICK,$19.69,1440861068900,"1,428",100% bullish,of 1 rating,N/A
FBZ,$10.144,1440861068980,600,Not yet rated,NULL,N/A
FCAN,$24.6,1440861069029,"6,052",Not yet rated,NULL,N/A
FTCS,$36.63,1440861069058,"18,232",100% bearish,of 1 rating,N/A
FV,$23.71,1440861069162,"1,935,175",100% bearish,of 1 rating,N/A
FCA,$20.44,1440861069191,"2,300",Not yet rated,NULL,N/A
FEMB,NULL,1440861069296,0,Not yet rated,NULL,N/A
FEUZ,$31.5,1440861069367,"1,405",Not yet rated,NULL,N/A
IFV,$17.88,1440861069399,"555,778",100% bearish,of 1 rating,N/A
TDIV,$24.9,1440861069424,"74,537",100% bearish,of 1 rating,N/A
FTSM,$59.85,1440861069449,"7,169",100% bearish,of 1 rating,N/A
FGM,$35.58,1440861069502,"2,324",Not yet rated,NULL,N/A
MDIV,$19.23,1440861069607,"128,525",Not yet rated,NULL,N/A
HYLS,$49.53,1440861069799,"35,104",100% bearish,of 1 rating,N/A
FTGC,$22.39,1440861069827,"76,491",Not yet rated,NULL,N/A
FHK,$33.3,1440861069849,"2,363",Not yet rated,NULL,N/A
FPXI,$27.29,1440861069906,500,Not yet rated,NULL,N/A
SKYY,$29.18,1440861069983,"46,046",100% bullish,of 1 rating,N/A
YDIV,$16.5742,1440861070009,"3,515",Not yet rated,NULL,N/A
FTHI,$19.5399,1440861070063,640,Not yet rated,NULL,N/A
CU,$13.21,1440861070158,"7,015",100% bearish,of 1 rating,N/A
FJP,$47.81,1440861070226,"59,841",Not yet rated,NULL,N/A
PLTM,$6.38,1440861070247,"6,702",100% bearish,of 1 rating,N/A
FTLB,$19.3188,1440861070330,"3,260",100% bearish,of 1 rating,N/A
LMBS,$49.77,1440861070387,"5,298",Not yet rated,NULL,N/A
FMB,$51.23,1440861070412,415,Not yet rated,NULL,N/A
QABA,$37.18,1440861070439,"8,586",100% bearish,of 1 rating,N/A
CIBR,$18.04,1440861070569,"51,388",Not yet rated,NULL,N/A
FONE,$35.29,1440861070664,950,Not yet rated,NULL,N/A
GRID,$33.09,1440861070795,705,100% bearish,of 1 rating,N/A
QCLN,$15.18,1440861070838,"16,517",Not yet rated,NULL,N/A
QQEW,$42.1,1440861070926,"52,287",Not yet rated,NULL,N/A
QTEC,$40.33,1440861070954,"26,311",Not yet rated,NULL,N/A
RDVY,$21.17,1440861070975,"2,849",Not yet rated,NULL,N/A
CARZ,$35.05,1440861070995,"1,904",100% bearish,of 1 rating,N/A
QQXT,$40.74,1440861071031,"18,704",Not yet rated,NULL,N/A
QINC,$20.2999,1440861071166,663,Not yet rated,NULL,N/A
FTSL,$48.74,1440861071216,"110,156",100% bearish,of 1 rating,N/A
AIRR,$16.4,1440861071343,"2,252",100% bearish,of 1 rating,N/A
FDIV,$46.09,1440861071367,302,100% bearish,of 1 rating,N/A
FKO,NULL,1440861071412,0,Not yet rated,NULL,N/A
FSZ,$39.19,1440861071438,"3,866",Not yet rated,NULL,N/A
FTW,$31.91,1440861071462,230,Not yet rated,NULL,N/A
FKU,$41.82,1440861071768,"5,183",Not yet rated,NULL,N/A
SVVC,$9.43,1440861071801,"11,779",50% bullish,of 2 ratings,$26
FIVE,$38.5,1440861071822,"860,602",75% bearish,of 4 ratings,$44
FUNC,$8.12,1440861071853,"2,091",Not yet rated,NULL,N/A
FISV,$86.78,1440861071875,"802,788",100% bearish,of 3 ratings,$90
TUSA,$25.08,1440861071901,300,Not yet rated,NULL,N/A
FMER,$17.81,1440861071931,"731,124",50% bullish,of 2 ratings,$20
FPRX,$19.37,1440861072061,"177,840",50% bullish,of 2 ratings,$35
FSV,$31.41,1440861072162,"12,183",Not yet rated,NULL,$33.60
FIVN,$4.03,1440861072217,"81,303",100% bullish,of 1 rating,$8.50
FLKS,$12.41,1440861072241,"26,992",50% bullish,of 2 ratings,$27
FLML,$21.9746,1440861072273,"90,829",50% bullish,of 2 ratings,$30
FLXN,$25.29,1440861072303,"49,036",100% bearish,of 1 rating,$40
MBSD,$25.02,1440861072410,"14,451",Not yet rated,NULL,N/A
FLXS,$32.15,1440861072545,"13,502",100% bearish,of 2 ratings,N/A
FLIR,$28.57,1440861072575,"1,032,100",100% bearish,of 1 rating,$38.50
SKOR,$50.3,1440861072600,"2,349",Not yet rated,NULL,N/A
FLEX,$10.6,1440861072679,"1,115,185",63% bullish,of 8 ratings,$12
FLDM,$11.7,1440861072729,"260,257",67% bearish,of 3 ratings,$15
FFIC,$19.73,1440861072754,"77,431",Not yet rated,NULL,$21
FOGO,$19.23,1440861072887,"34,672",50% bullish,of 2 ratings,$25.50
FONR,$9.7,1440861072917,"6,716",100% bullish,of 1 rating,N/A
FORTY,$30.33,1440861072949,"1,000",100% bearish,of 1 rating,N/A
FES,$0.9409,1440861072980,"94,182",50% bullish,of 2 ratings,$1
FOMX,$10.18,1440861073003,"82,757",50% bullish,of 2 ratings,$23.50
FORM,$6.53,1440861073056,"253,899",67% bullish,of 3 ratings,$10.50
FTNT,$42.96,1440861073085,"603,333",80% bullish,of 10 ratings,$52
FORR,$31.88,1440861073266,"18,396",Not yet rated,NULL,N/A
FBIO,$2.88,1440861073327,"79,815",83% bullish,of 6 ratings,N/A
FWRD,$45.16,1440861073352,"186,984",100% bearish,of 1 rating,$50
FORD,$1.66,1440861073486,"1,753,015",67% bullish,of 3 ratings,N/A
FWP,$27.02,1440861073515,"15,503",100% bearish,of 1 rating,$45
FOSL,$61.6,1440861073577,"709,887",60% bearish,of 5 ratings,$80
FMI,$23.8,1440861073612,"312,031",100% bearish,of 2 ratings,$27.50
FXCB,$17.02,1440861073646,"34,723",Not yet rated,NULL,$19
FELE,$29.23,1440861073711,"216,658",50% bullish,of 4 ratings,$33
FRAN,$11.17,1440861073739,"366,392",50% bullish,of 4 ratings,$15
FOXF,$15.18,1440861073768,"24,155",100% bearish,of 1 rating,$19
FREE,$0.378,1440861073915,"370,595",92% bullish,of 12 ratings,N/A
RAIL,$20.73,1440861073962,"70,803",100% bearish,of 1 rating,$24.50
FRED,$13.06,1440861073987,"248,657",50% bullish,of 2 ratings,$16
FEIM,$11,1440861074125,"3,049",100% bearish,of 1 rating,N/A
FRPT,$13.06,1440861074151,"298,368",67% bearish,of 3 ratings,$23.50
FTRPR,$100.8,1440861074187,"53,474",100% bearish,of 1 rating,N/A
FTR,$5.08,1440861074278,"11,162,934",78% bullish,of 27 ratings,$6.25
FSBW,$23.2,1440861074348,991,Not yet rated,NULL,N/A
FRPH,$31.17,1440861074382,"5,010",100% bearish,of 1 rating,N/A
FSYS,$6.63,1440861074484,"30,772",67% bullish,of 3 ratings,$10
FTD,$29.27,1440861074504,"102,153",100% bearish,of 1 rating,$40
FCEL,$0.8,1440861074535,"1,501,071",88% bullish,of 41 ratings,$2.65
FTEK,$2.04,1440861074556,"51,368",75% bullish,of 4 ratings,N/A
FULLL,$24.9101,1440861074692,200,Not yet rated,NULL,N/A
FLL,$1.51,1440861074721,"10,264",75% bullish,of 4 ratings,$3.50
FULL,$3.1,1440861074747,"30,227",67% bearish,of 3 ratings,$4.25
FFHL,$1.05,1440861074891,"18,397",50% bullish,of 4 ratings,N/A
FULT,$12.08,1440861074918,"624,848",100% bearish,of 1 rating,$13
FSNN,$2.18,1440861074949,"1,562",67% bullish,of 3 ratings,$6
FXEN,$0.87,1440861075054,"69,159",75% bullish,of 4 ratings,$1.10
FXENP,$15.76,1440861075083,"1,000",100% bearish,of 1 rating,N/A
GAIA,$5.9,1440861075190,"7,898",50% bullish,of 2 ratings,$8.50
WILC,$4.97,1440861075217,"6,120",100% bullish,of 2 ratings,N/A
GK,$67.55,1440861075240,"59,942",Not yet rated,NULL,$78
GLPG,$60.49,1440861075265,"13,297",100% bullish,of 1 rating,$75
GALT,$1.96,1440861075404,"30,257",80% bullish,of 5 ratings,N/A
GALTU,NULL,1440861075431,0,100% bearish,of 1 rating,N/A
GALTW,NULL,1440861075466,0,100% bullish,of 1 rating,N/A
GALE,$1.5,1440861075569,"789,696",89% bullish,of 47 ratings,$4
GLMD,$8.81,1440861075597,"11,506",67% bullish,of 3 ratings,$20.50
GLPI,$31.5863,1440861075622,"324,483",100% bearish,of 1 rating,$37.50
GPIC,$9.64,1440861075798,710,100% bearish,of 1 rating,N/A
GRMN,$37.99,1440861075838,"966,815",50% bullish,of 6 ratings,$46.50
GGACR,$0.3,1440861075871,"49,683",100% bullish,of 1 rating,N/A
GGACU,$10.27,1440861075967,"22,044",Not yet rated,NULL,N/A
GGACW,$0.14,1440861075995,"11,300",Not yet rated,NULL,N/A
GARS,$14.21,1440861076024,"22,022",Not yet rated,NULL,$16
GGAC,$9.89,1440861076053,"10,419",100% bearish,of 1 rating,N/A
GNCMA,$16.99,1440861076102,"119,943",100% bearish,of 1 rating,$12
GENC,$9.16,1440861076209,"11,573",100% bearish,of 1 rating,N/A
GFN,$3.95,1440861076270,"17,699",100% bearish,of 2 ratings,$8
GFNCP,$93.89,1440861076297,350,Not yet rated,NULL,N/A
GFNSL,$25.6,1440861076374,700,Not yet rated,NULL,N/A
GENE,$2.29,1440861076424,"182,762",100% bullish,of 12 ratings,N/A
GNMK,$10.02,1440861076565,"195,594",67% bullish,of 6 ratings,$14
GHDX,$27.75,1440861076633,"193,234",50% bullish,of 2 ratings,$30
GNCA,$12.21,1440861076696,"103,358",100% bearish,of 1 rating,$20
GNTX,$15.53,1440861076721,"1,032,543",Not yet rated,NULL,$20
GNVC,$2.51,1440861076768,"10,917",90% bullish,of 10 ratings,$8.50
GTWN,NULL,1440861076796,0,Not yet rated,NULL,N/A
THRM,$46.44,1440861076817,"366,550",75% bearish,of 4 ratings,$55.50
GEOS,$16.71,1440861076958,"121,126",100% bearish,of 3 ratings,$21
GABC,$29,1440861076994,"15,081",Not yet rated,NULL,$31
GEVO,$2.33,1440861077089,"332,274",75% bullish,of 12 ratings,$5
GIGM,$0.5201,1440861077126,"76,762",100% bullish,of 2 ratings,N/A
ROCK,$16.51,1440861077162,"136,353",80% bullish,of 5 ratings,$24
GERN,$3.23,1440861077187,"1,137,894",88% bullish,of 16 ratings,$5.25
GIGA,$1.42,1440861077430,"2,675",100% bearish,of 1 rating,N/A
GBCI,$25.66,1440861077483,"245,507",50% bullish,of 2 ratings,$31
GIII,$68.14,1440861077514,"175,109",67% bullish,of 3 ratings,$75
GILT,$4.3001,1440861077538,"1,700",50% bullish,of 2 ratings,N/A
GLADO,$25.59,1440861077573,"1,700",Not yet rated,NULL,N/A
GILD,$107.7,1440861077598,"5,969,671",91% bullish,of 87 ratings,$129
GOODO,$25,1440861077627,30,Not yet rated,NULL,N/A
GLAD,$8.8,1440861077674,"171,130",50% bullish,of 2 ratings,$8.75
GOODN,$25.407,1440861077841,400,Not yet rated,NULL,N/A
GOOD,$14.64,1440861077946,"72,029",Not yet rated,NULL,$19
GAIN,$7.47,1440861077972,"107,125",100% bullish,of 2 ratings,$8.25
GOODP,NULL,1440861078002,0,Not yet rated,NULL,N/A
GAINO,$25.1728,1440861078104,490,Not yet rated,NULL,N/A
GAINN,$25.01,1440861078128,"56,593",Not yet rated,NULL,N/A
GAINP,$25.9,1440861078176,620,Not yet rated,NULL,N/A
GLBZ,NULL,1440861078317,0,Not yet rated,NULL,N/A
LAND,$9.16,1440861078352,"48,601",50% bullish,of 2 ratings,$13.75
GBT,$44,1440861078384,"73,758",100% bearish,of 1 rating,N/A
GDEF,$10.53,1440861078408,600,Not yet rated,NULL,N/A
ENT,$11.77,1440861078450,"71,245",100% bearish,of 1 rating,$18
GBLI,$26.99,1440861078480,"11,669",Not yet rated,NULL,N/A
GPACU,NULL,1440861078510,0,Not yet rated,NULL,N/A
GSOL,$8.0275,1440861078689,"18,239",100% bearish,of 1 rating,N/A
ACTX,NULL,1440861078742,0,100% bullish,of 1 rating,N/A
QQQC,$19.67,1440861078846,"3,061",100% bearish,of 1 rating,N/A
SRET,$13.25,1440861078948,"1,014",Not yet rated,NULL,N/A
SOCL,$17.82,1440861078977,"24,218",100% bullish,of 2 ratings,N/A
ALTY,$14.44,1440861079002,600,Not yet rated,NULL,N/A
GAI,$5.9,1440861079027,"1,400",50% bullish,of 2 ratings,N/A
GSM,$13.47,1440861079085,"403,698",50% bullish,of 2 ratings,$22
YLCO,$11.95,1440861079159,"1,396",Not yet rated,NULL,N/A
GLRI,$1.01,1440861079291,"23,180",100% bearish,of 1 rating,$4.25
GLBS,NULL,1440861079330,0,67% bullish,of 3 ratings,N/A
GBIM,$2.29,1440861079351,"19,199",50% bullish,of 2 ratings,N/A
GLYC,$7.05,1440861079388,"16,674",50% bullish,of 2 ratings,$14
GLUU,$4.53,1440861079438,"786,373",92% bullish,of 26 ratings,$9
GOGO,$15.67,1440861079480,"431,299",80% bullish,of 5 ratings,$25
GLNG,$38.2739,1440861079507,"963,948",83% bullish,of 6 ratings,$58
GLDC,$4,1440861079761,"5,513",50% bullish,of 2 ratings,N/A
GMLP,$18.86,1440861079789,"223,814",50% bullish,of 4 ratings,$32.50
GOGL,$3.14,1440861079895,"220,227",75% bullish,of 4 ratings,$5
GOOGL,$659.9999,1440861079941,"1,027,271",88% bullish,of 1082 ratings,$749
GDEN,$8.96,1440861079972,"13,852",50% bullish,of 2 ratings,N/A
GOOG,$632.69,1440861079993,"1,043,468",89% bullish,of 70 ratings,$825
GBDC,$16.66,1440861080023,"111,261",Not yet rated,NULL,$17.75
GTIM,$7.03,1440861080051,"31,867",Not yet rated,NULL,$11.50
GPRO,$48.18,1440861080183,"3,256,396",78% bullish,of 58 ratings,$72
GPIA,$9.84,1440861080310,190,Not yet rated,NULL,N/A
GMAN,$3.73,1440861080335,"210,604",60% bullish,of 5 ratings,$8.50
GPIAW,NULL,1440861080386,0,Not yet rated,NULL,N/A
GPIAU,NULL,1440861080464,0,Not yet rated,NULL,N/A
GRVY,$3.16,1440861080554,125,50% bullish,of 2 ratings,N/A
LOPE,$37.48,1440861080583,"89,001",100% bearish,of 2 ratings,$50
GBSNU,NULL,1440861080607,0,NULL,NULL,NULL
GBSN,$0.38,1440861080683,"4,057,047",50% bullish,of 2 ratings,$8.25
GLDD,$5.42,1440861080815,"86,319",100% bearish,of 4 ratings,$7.75
GRBK,$11.95,1440861080846,"113,049",77% bullish,of 13 ratings,N/A
GNBC,$11.86,1440861080891,"12,906",100% bearish,of 1 rating,$16.50
GSBC,$39.87,1440861080945,"19,620",100% bullish,of 1 rating,$44
GPRE,$20.55,1440861080978,"1,091,427",67% bullish,of 6 ratings,$28.50
GPP,$13.7,1440861081079,"33,561",Not yet rated,NULL,$20.50
GCBC,NULL,1440861081106,0,100% bullish,of 1 rating,N/A
GRFS,$30.5748,1440861081371,"206,103",50% bullish,of 2 ratings,$35
GLRE,$24.99,1440861081396,"161,684",50% bullish,of 2 ratings,$41
GRPN,$4.6,1440861081425,"5,953,989",61% bullish,of 71 ratings,$6.75
GGAL,$19.4858,1440861081458,"118,461",80% bullish,of 5 ratings,$40
GRIF,$32.61,1440861081554,308,100% bearish,of 1 rating,N/A
GSIT,$4.62,1440861081579,"8,389",100% bearish,of 1 rating,N/A
OMAB,$40.81,1440861081653,"12,578",100% bullish,of 1 rating,$44
GSIG,$12.99,1440861081706,"26,470",100% bearish,of 2 ratings,N/A
GSVC,$8.72,1440861081810,"82,010",50% bullish,of 2 ratings,$14.50
GBNK,$15.79,1440861081861,"18,291",100% bearish,of 1 rating,$18
GUID,$7.28,1440861081886,"42,026",100% bearish,of 3 ratings,$10
GTXI,$0.874,1440861081918,"20,930",100% bullish,of 5 ratings,$.75
GFED,$14.67,1440861082016,779,Not yet rated,NULL,$17
GURE,$1.67,1440861082117,"85,776",88% bullish,of 8 ratings,N/A
GULTU,$0.3001,1440861082148,"1,330,535",100% bearish,of 1 rating,N/A
GPOR,$35.04,1440861082180,"1,494,164",75% bullish,of 4 ratings,$55
GWPH,$109.33,1440861082245,"112,738",78% bullish,of 9 ratings,$148.50
GIFI,$12.46,1440861082311,"46,325",100% bearish,of 1 rating,$16
GWGH,$7.74,1440861082378,"1,171",100% bearish,of 1 rating,$15.05
GYRO,$2.84,1440861082404,"6,150",100% bearish,of 1 rating,N/A
HEES,$18.69,1440861082534,"314,064",67% bearish,of 3 ratings,$31
HLG,$9.5,1440861082594,"2,247",100% bearish,of 1 rating,N/A
HNRG,$7.69,1440861082620,"67,708",100% bearish,of 1 rating,$10
HALL,$11.41,1440861082674,"17,778",Not yet rated,NULL,N/A
HMPR,$1.87,1440861082761,"27,659",100% bullish,of 1 rating,N/A
HBK,$13.67,1440861082894,713,50% bullish,of 2 ratings,N/A
HALO,$18.41,1440861082926,"771,518",67% bullish,of 3 ratings,$22.50
HBHC,$27.4,1440861082952,"558,474",50% bullish,of 2 ratings,$30
HBHCL,$24.39,1440861083079,"26,203",Not yet rated,NULL,N/A
HNH,$25.45,1440861083106,"17,110",100% bullish,of 1 rating,N/A
HNSN,$0.56,1440861083134,"56,801",88% bullish,of 8 ratings,$.40
HAFC,$23.98,1440861083182,"109,880",100% bullish,of 2 ratings,$28.50
HRMN,NULL,1440861083456,0,Not yet rated,NULL,N/A
HLIT,$5.79,1440861083487,"246,263",100% bearish,of 1 rating,$6.50
HQCL,$12.9,1440861083522,"30,828",67% bullish,of 3 ratings,$14
HRMNW,NULL,1440861083542,0,Not yet rated,NULL,N/A
HDNG,$10.04,1440861083575,"11,625",50% bullish,of 4 ratings,N/A
HART,$1.04,1440861083605,"103,690",100% bearish,of 1 rating,N/A
HRMNU,NULL,1440861083632,0,Not yet rated,NULL,N/A
TINY,$2.48,1440861083673,"19,385",50% bullish,of 2 ratings,$5.26
HAS,$75.51,1440861083930,"715,928",63% bullish,of 8 ratings,$84.50
HCAP,$12.15,1440861083994,"4,513",50% bullish,of 2 ratings,$15
HCAPL,$25.7399,1440861084060,400,Not yet rated,NULL,N/A
HBIO,$4.28,1440861084088,"35,954",100% bearish,of 1 rating,$10
HCOM,$21.82,1440861084152,"31,985",100% bearish,of 1 rating,$28
HWBK,$13.24,1440861084222,100,100% bearish,of 1 rating,N/A
HA,$22.91,1440861084248,"540,918",67% bullish,of 9 ratings,$27
HWKN,$37.33,1440861084268,"28,446",Not yet rated,NULL,N/A
HDS,$33.233,1440861084412,"1,196,925",100% bearish,of 2 ratings,$39.50
HIIQ,$5.17,1440861084478,"32,371",50% bullish,of 2 ratings,$7
HAYN,$38.31,1440861084546,"42,900",100% bearish,of 1 rating,$59
HCSG,$33.32,1440861084577,"191,852",50% bullish,of 4 ratings,$35
HSTM,$25.36,1440861084605,"85,370",50% bullish,of 2 ratings,$33.75
HQY,$29.51,1440861084656,"115,451",67% bullish,of 3 ratings,$32
HWAY,$11.95,1440861084682,"278,697",100% bearish,of 1 rating,$15
HTLD,$20.55,1440861084921,"341,001",Not yet rated,NULL,$22.50
HTLF,$35.88,1440861084965,"18,551",100% bullish,of 1 rating,$39.50
HTWR,$86.25,1440861085022,"147,034",50% bullish,of 2 ratings,$103
HSII,$19.62,1440861085052,"52,553",100% bullish,of 3 ratings,$25
HMNY,$2.19,1440861085181,300,100% bearish,of 1 rating,N/A
HTBX,$5.16,1440861085207,"3,070",50% bullish,of 2 ratings,$15.50
HNNA,$24.865,1440861085275,"10,548",Not yet rated,NULL,N/A
HMTV,$13.72,1440861085349,"12,932",100% bearish,of 1 rating,$16
HELE,$85.56,1440861085375,"103,241",67% bearish,of 3 ratings,$100
HCACU,$9.98,1440861085404,"100,000",Not yet rated,NULL,N/A
HERO,NULL,1440861085501,0,NULL,NULL,NULL
HSIC,$139.4,1440861085538,"342,416",83% bullish,of 6 ratings,$146
HTBK,$10.63,1440861085563,"33,812",Not yet rated,NULL,$12
HFWA,$17.59,1440861085698,"71,544",100% bullish,of 1 rating,$20
HCCI,$11.25,1440861085737,"42,055",100% bearish,of 1 rating,$16.50
HEOP,$7.66,1440861085771,"15,820",Not yet rated,NULL,$8.50
MLHR,$26.99,1440861085938,"310,038",50% bullish,of 2 ratings,$33.50
HRTX,$35.46,1440861085970,"219,447",67% bullish,of 6 ratings,$41
HFFC,$15.77,1440861085995,"5,478",Not yet rated,NULL,N/A
HSKA,$33.74,1440861086074,"20,659",100% bearish,of 1 rating,$38
HIBB,$38.87,1440861086133,"223,423",100% bearish,of 1 rating,$46.50
HIHO,$3.81,1440861086177,"6,096",Not yet rated,NULL,N/A
HPJ,$2.21,1440861086234,"29,621",75% bullish,of 4 ratings,$12.43
HIMX,$6.906,1440861086275,"915,996",86% bullish,of 21 ratings,$8.50
HIFS,$115.91,1440861086369,"1,151",Not yet rated,NULL,N/A
HSGX,$6.05,1440861086398,"3,574",100% bearish,of 1 rating,$17
HMNF,$11.32,1440861086423,"2,016",Not yet rated,NULL,N/A
HOLI,$17.78,1440861086588,"94,603",50% bullish,of 4 ratings,$27
HMSY,$10.47,1440861086614,"809,768",67% bullish,of 3 ratings,$19.35
HBCP,$24.71,1440861086803,"2,436",Not yet rated,NULL,$29
HFBL,$21.62,1440861086881,536,Not yet rated,NULL,N/A
HOLX,$39.76,1440861086912,"1,449,945",67% bullish,of 3 ratings,$42
HOMB,$37.97,1440861086933,"222,036",Not yet rated,NULL,$42
HMIN,$26.7,1440861086964,"59,584",100% bearish,of 2 ratings,$35
AWAY,$29.19,1440861087017,"431,994",67% bullish,of 3 ratings,$36
HMST,$21.84,1440861087153,"74,855",100% bullish,of 2 ratings,$27
HKTV,$4.76,1440861087181,200,100% bearish,of 1 rating,N/A
HOFT,$23.78,1440861087281,"18,879",100% bearish,of 1 rating,N/A
HTBI,$18.18,1440861087311,"26,626",67% bullish,of 3 ratings,$18.625
CETC,$0.76,1440861087379,"165,443",86% bullish,of 7 ratings,N/A
HBNC,$23.57,1440861087409,"12,027",100% bullish,of 1 rating,$27
HFBC,$11.22,1440861087462,"3,150",Not yet rated,NULL,N/A
HZNP,$30.48,1440861087507,"1,069,487",85% bullish,of 20 ratings,$40
HRZN,$10.33,1440861087664,"33,944",50% bullish,of 2 ratings,$14.25
ZINC,$7.85,1440861087725,"597,280",100% bearish,of 1 rating,$17
HMHC,$22.7,1440861087764,"467,940",Not yet rated,NULL,$27
HBMD,$14.24,1440861087859,809,100% bearish,of 1 rating,N/A
HDP,$24.18,1440861087895,"194,225",67% bearish,of 3 ratings,$30.50
HWCC,$7.5,1440861087991,"82,097",100% bearish,of 1 rating,$9
HSNI,$62.38,1440861088026,"170,632",Not yet rated,NULL,$80
HOVNP,$4.54,1440861088048,"1,000",100% bearish,of 1 rating,N/A
HTGM,$5.69,1440861088128,"4,024",100% bearish,of 1 rating,$19.50
HUBG,$37.06,1440861088149,"387,683",100% bearish,of 1 rating,$43
HCBK,$9.36,1440861088278,"1,263,712",83% bullish,of 6 ratings,$8.61
HDSN,$3.11,1440861088305,"27,087",100% bullish,of 1 rating,$6.25
HSON,$2.55,1440861088332,"22,082",100% bearish,of 1 rating,$5
HBAN,$10.91,1440861088377,"5,203,375",76% bullish,of 17 ratings,$12.29
HBANP,NULL,1440861088470,0,100% bearish,of 1 rating,N/A
HURC,$30.35,1440861088523,"11,794",100% bearish,of 1 rating,N/A
HTCH,$1.56,1440861088615,"94,983",100% bearish,of 1 rating,$3.50
HURN,$73.36,1440861088671,"75,680",50% bullish,of 2 ratings,$80
HBP,$3.11,1440861088697,"3,775",100% bullish,of 1 rating,N/A
HDRAR,NULL,1440861088771,0,Not yet rated,NULL,N/A
HDRAW,NULL,1440861088902,0,Not yet rated,NULL,N/A
HDRAU,NULL,1440861088945,0,Not yet rated,NULL,N/A
HDRA,NULL,1440861088974,0,Not yet rated,NULL,N/A
HYGS,$9.55,1440861088996,"29,871",50% bullish,of 2 ratings,$13
IDSY,$3.91,1440861089035,"6,108",100% bearish,of 1 rating,$7
IACI,$71.44,1440861089075,"445,254",75% bullish,of 4 ratings,$90
IKGH,$1.8,1440861089203,"10,231",75% bullish,of 4 ratings,N/A
IBKC,$60.36,1440861089291,"111,938",100% bullish,of 1 rating,$70
IEP,$74.24,1440861089349,"59,662",75% bullish,of 4 ratings,$99
ICAD,$3.9,1440861089375,"83,344",100% bullish,of 2 ratings,$7.25
ICLR,$77.9507,1440861089431,"266,641",100% bearish,of 3 ratings,$85
ICFI,$34.04,1440861089456,"48,356",50% bullish,of 2 ratings,$48.50
IPWR,$7.28,1440861089646,"4,444",100% bullish,of 1 rating,$15
ICUI,$113.92,1440861089736,"46,176",Not yet rated,NULL,$122
INVE,$4.4,1440861089773,"78,490",75% bullish,of 4 ratings,$4
IDXX,$73.21,1440861089802,"346,348",100% bearish,of 1 rating,$77
ICON,$13.52,1440861089823,"466,663",50% bullish,of 2 ratings,$18.50
IROQ,$16.7,1440861089860,300,100% bullish,of 1 rating,N/A
IDRA,$2.94,1440861089881,"601,938",89% bullish,of 9 ratings,$6.50
DSKY,$10.9914,1440861089971,"128,718",67% bullish,of 6 ratings,$11.50
RXDX,$13.82,1440861090142,"155,513",100% bullish,of 1 rating,$20
IRG,$4.78,1440861090178,"23,310",100% bearish,of 1 rating,$4.25
KANG,$15.8182,1440861090249,"226,303",50% bullish,of 2 ratings,$22.55
IKAN,$2.72,1440861090278,"4,738",83% bullish,of 6 ratings,$5
IIVI,$16.89,1440861090299,"155,141",100% bearish,of 1 rating,$22
IKNX,NULL,1440861090327,0,100% bearish,of 1 rating,N/A
ILMN,$201.49,1440861090511,"782,267",80% bullish,of 5 ratings,$245
ICCC,$7.21,1440861090593,"13,479",100% bullish,of 1 rating,N/A
IMMR,$11.81,1440861090641,"72,756",80% bullish,of 5 ratings,$15.50
ISNS,$4,1440861090671,"15,572",50% bullish,of 2 ratings,N/A
IMDZ,$16.61,1440861090693,"27,500",100% bearish,of 1 rating,$33
IMGN,$14.28,1440861090713,"955,380",75% bullish,of 4 ratings,$17.50
IMNP,$1.36,1440861090755,"30,681",50% bullish,of 2 ratings,$6
IMMU,$2.16,1440861090847,"704,998",86% bullish,of 7 ratings,$2
INCR,$42.01,1440861091110,"221,716",50% bullish,of 2 ratings,$53
IMMY,$7.69,1440861091162,"4,471",100% bearish,of 1 rating,$11
IPXL,$42.4,1440861091202,"457,825",67% bullish,of 3 ratings,$46.50
SAAS,$7.64,1440861091264,"242,260",50% bullish,of 2 ratings,$15
INDB,$44.5,1440861091342,"202,363",Not yet rated,NULL,$44
IBTX,$41.49,1440861091394,"14,876",100% bullish,of 2 ratings,$47.25
INCY,$120.44,1440861091421,"1,092,792",50% bullish,of 6 ratings,$125.50
IBCP,$14.16,1440861091449,"93,148",100% bullish,of 1 rating,$14.50
IDSA,$3.6,1440861091484,"2,730",Not yet rated,NULL,N/A
INFN,$22.29,1440861091662,"1,022,680",71% bullish,of 7 ratings,$28
IPCC,$77.31,1440861091717,"22,807",Not yet rated,NULL,$77.50
III,$3.89,1440861091745,"95,856",57% bullish,of 7 ratings,$6
INFI,$9.28,1440861091871,"337,361",50% bullish,of 4 ratings,$18
IFON,$1.21,1440861091901,"24,493",75% bullish,of 4 ratings,N/A
IMKTA,$50.28,1440861091922,"51,886",100% bearish,of 1 rating,N/A
INWK,$7.09,1440861091998,"56,331",50% bullish,of 2 ratings,$10
INNL,$12.78,1440861092095,"1,348",100% bearish,of 1 rating,$16.50
INOD,$2.38,1440861092173,"4,694",100% bearish,of 1 rating,N/A
IPHS,$48.24,1440861092278,"75,518",100% bearish,of 1 rating,$60
IOSP,$48.17,1440861092321,"185,737",100% bearish,of 1 rating,N/A
ITEK,$12.15,1440861092350,"249,011",100% bearish,of 3 ratings,$20
INGN,$49.78,1440861092378,"219,266",100% bearish,of 1 rating,$50.50
ISSC,$2.78,1440861092409,"4,200",67% bearish,of 3 ratings,N/A
INO,$7.75,1440861092458,"1,636,416",89% bullish,of 18 ratings,$20
INOV,$21.73,1440861092588,"735,420",100% bearish,of 1 rating,$33
NSIT,$25.8,1440861092674,"111,626",50% bullish,of 2 ratings,N/A
INSM,$25.69,1440861092717,"271,347",71% bullish,of 7 ratings,$31.50
ISIG,$2.71,1440861092777,"10,879",100% bearish,of 1 rating,N/A
IIIN,$17.07,1440861092935,"16,380",100% bearish,of 2 ratings,N/A
PODD,$29.71,1440861092962,"209,947",67% bearish,of 3 ratings,$35
INSY,$33.83,1440861092987,"270,702",75% bullish,of 4 ratings,$48
IDTI,$19.09,1440861093012,"1,457,438",60% bullish,of 5 ratings,$25
IESC,$7.02,1440861093189,"2,580",100% bearish,of 1 rating,N/A
IART,$60.79,1440861093218,"177,967",100% bearish,of 2 ratings,$71.50
ISSI,$21.94,1440861093239,"133,663",67% bullish,of 3 ratings,$19.75
NTEC,$5.75,1440861093280,"8,105",100% bearish,of 1 rating,N/A
IPCI,$2.31,1440861093371,"76,615",67% bullish,of 6 ratings,$8
IQNT,$18.59,1440861093396,"151,264",86% bullish,of 7 ratings,$20
INTC,$28.41,1440861093422,"25,692,266",82% bullish,of 238 ratings,$36
IPAR,$25.63,1440861093557,"79,920",67% bullish,of 3 ratings,$38
IBKR,$40.2881,1440861093593,"605,394",100% bullish,of 1 rating,N/A
ICPT,$189.4643,1440861093726,"96,157",70% bullish,of 10 ratings,$359.50
ININ,$36.15,1440861093792,"85,150",67% bearish,of 3 ratings,$57
ICLD,$1.85,1440861093870,"103,348",75% bullish,of 4 ratings,N/A
ICLDW,NULL,1440861093898,0,100% bearish,of 1 rating,N/A
IDCC,$48,1440861093927,"175,555",80% bullish,of 5 ratings,$63
IMI,$2.13,1440861093953,"10,493",67% bullish,of 3 ratings,$2.22
TILE,$23.94,1440861093974,"431,058",100% bearish,of 3 ratings,$27
ISCA,$31.97,1440861094114,"101,605",100% bearish,of 1 rating,N/A
IBOC,$25.15,1440861094249,"154,160",100% bearish,of 1 rating,N/A
IGLD,$6.97,1440861094280,400,50% bullish,of 2 ratings,N/A
INAP,$8.05,1440861094303,"239,819",75% bullish,of 4 ratings,$11
IIJI,$10,1440861094382,40,50% bullish,of 2 ratings,$11.50
INPH,$0.32,1440861094433,"162,928",50% bullish,of 2 ratings,N/A
PTNT,$2.91,1440861094486,"2,723",Not yet rated,NULL,N/A
ISIL,$10.61,1440861094621,"483,071",50% bullish,of 6 ratings,$15
INTX,$2.03,1440861094752,"97,223",67% bullish,of 3 ratings,N/A
XENT,$25.35,1440861094775,"141,556",50% bullish,of 2 ratings,$36.50
IILG,$19.97,1440861094803,"103,268",100% bearish,of 1 rating,$29
INTLL,$26.09,1440861094829,850,Not yet rated,NULL,N/A
IVAC,$4.86,1440861094857,"23,655",100% bearish,of 1 rating,$6.625
INTL,$25.81,1440861094881,"62,769",67% bearish,of 3 ratings,N/A
ITCI,$26.96,1440861095028,"275,633",75% bearish,of 4 ratings,$40
IIN,$6.39,1440861095066,"2,100",100% bearish,of 1 rating,$12
INTU,$86.21,1440861095253,"1,895,063",86% bullish,of 7 ratings,$107.50
INVT,$0.303,1440861095281,"213,959",67% bullish,of 3 ratings,N/A
SNAK,$8.68,1440861095307,"102,749",50% bullish,of 2 ratings,$14
ISRG,$514.24,1440861095339,"95,903",67% bullish,of 3 ratings,$600
ITIC,$71.15,1440861095416,"1,300",100% bearish,of 2 ratings,N/A
NVIV,$9.66,1440861095441,"133,271",50% bullish,of 4 ratings,$24.50
ISTR,$15.6,1440861095602,841,100% bearish,of 1 rating,$18.50
ISBC,$11.75,1440861095630,"972,204",100% bullish,of 1 rating,$13.25
IPAS,$1.09,1440861095657,"49,183",67% bullish,of 3 ratings,N/A
IVTY,$14.61,1440861095678,"17,056",Not yet rated,NULL,$18
IPCM,$79.44,1440861095817,"119,808",50% bullish,of 2 ratings,$80.125
DFVL,NULL,1440861095842,0,Not yet rated,NULL,N/A
DTUL,NULL,1440861095863,0,Not yet rated,NULL,N/A
IPGP,$85.88,1440861095897,"250,042",100% bearish,of 2 ratings,$109.50
IRMD,$25.04,1440861095998,"11,245",67% bearish,of 3 ratings,$25
IRIX,$6.89,1440861096128,"7,546",100% bearish,of 1 rating,N/A
IRWD,$11.27,1440861096229,"1,082,384",100% bearish,of 1 rating,$13
IRDMB,$279.5,1440861096254,320,67% bearish,of 3 ratings,N/A
IRCP,NULL,1440861096279,0,100% bullish,of 2 ratings,N/A
IRBT,$29.29,1440861096300,"166,490",67% bullish,of 6 ratings,$37
IRDM,$7.18,1440861096333,"400,499",60% bullish,of 5 ratings,$11.50
COMT,$33.62,1440861096435,"23,140",100% bearish,of 1 rating,N/A
FCHI,NULL,1440861096458,0,NULL,NULL,NULL
GNMA,$50.32,1440861096523,"3,187",Not yet rated,NULL,N/A
IFGL,$28.61,1440861096594,"191,698",Not yet rated,NULL,N/A
IFEU,$37.74,1440861096622,"4,879",Not yet rated,NULL,N/A
IFNA,NULL,1440861096649,0,NULL,NULL,NULL
ACWX,$41.04,1440861096688,"692,879",100% bearish,of 1 rating,N/A
ACWI,$56.3,1440861096900,"1,578,362",Not yet rated,NULL,N/A
AAXJ,$53.8559,1440861096973,"3,183,887",Not yet rated,NULL,N/A
AXJS,NULL,1440861097037,0,NULL,NULL,NULL
EMDI,NULL,1440861097106,0,NULL,NULL,NULL
EEME,NULL,1440861097158,0,NULL,NULL,NULL
AAIT,NULL,1440861097177,0,NULL,NULL,NULL
EMEY,NULL,1440861097234,0,NULL,NULL,NULL
EGRW,NULL,1440861097304,0,NULL,NULL,NULL
EEMA,$50.47,1440861097338,"37,087",Not yet rated,NULL,N/A
EVAL,NULL,1440861097394,0,NULL,NULL,NULL
EEML,$27.61,1440861097419,"9,700",Not yet rated,NULL,N/A
EUFN,$21.85,1440861097467,"73,493",100% bearish,of 1 rating,N/A
IEUS,$45.4,1440861097557,"5,456",100% bearish,of 1 rating,N/A
IFAS,NULL,1440861097659,0,NULL,NULL,NULL
QAT,$21.6,1440861097683,600,Not yet rated,NULL,N/A
UAE,$18.63,1440861097709,"11,900",Not yet rated,NULL,N/A
SOXX,$83.25,1440861097943,"380,264",50% bullish,of 2 ratings,N/A
EMIF,$28.87,1440861097973,"8,923",Not yet rated,NULL,N/A
ICLN,$9.6,1440861098009,"14,518",50% bullish,of 2 ratings,N/A
IGOV,$90.85,1440861098038,"16,643",100% bearish,of 1 rating,N/A
INDY,$27.63,1440861098071,"140,732",50% bullish,of 2 ratings,N/A
ISHG,$79.35,1440861098101,"9,098",100% bearish,of 1 rating,N/A
IBB,$353.28,1440861098134,"853,689",63% bullish,of 8 ratings,N/A
WOOD,$48.3,1440861098155,"23,260",50% bullish,of 2 ratings,N/A
ISRL,$131.04,1440861098351,465,100% bearish,of 1 rating,N/A
ISLE,$17.63,1440861098443,"140,146",50% bullish,of 4 ratings,$16
ISIS,$51.5999,1440861098468,"782,005",53% bullish,of 15 ratings,$67
ITRI,$30.03,1440861098499,"194,687",100% bearish,of 1 rating,$37
ITRN,$24.11,1440861098599,"1,416",50% bullish,of 2 ratings,N/A
IXYS,$11.14,1440861098726,"103,762",50% bullish,of 4 ratings,N/A
ITUS,$4.03,1440861098755,"7,850",Not yet rated,NULL,N/A
XXIA,$15.17,1440861098801,"472,050",71% bullish,of 7 ratings,$14.625
JJSF,$114.72,1440861098831,"29,311",100% bearish,of 1 rating,N/A
MAYS,$55.95,1440861098866,100,Not yet rated,NULL,N/A
JBHT,$73.51,1440861098938,"554,190",50% bullish,of 4 ratings,$89.50
JASO,$7.9,1440861098967,"747,475",82% bullish,of 17 ratings,$10
JCOM,$69.71,1440861098999,"185,842",100% bullish,of 2 ratings,$77
JKHY,$68.7938,1440861099094,"214,469",50% bullish,of 2 ratings,$72
JACK,$81.77,1440861099130,"189,732",83% bullish,of 6 ratings,$105
JXSB,NULL,1440861099199,0,Not yet rated,NULL,N/A
JAXB,$13.31,1440861099365,90,100% bullish,of 1 rating,N/A
JAKK,$9.42,1440861099395,"492,606",60% bearish,of 5 ratings,$11
JMBA,$13.95,1440861099470,"91,223",75% bullish,of 4 ratings,$18
JAGX,$3.44,1440861099503,"8,574",Not yet rated,NULL,N/A
JRVR,$26.79,1440861099607,"37,791",Not yet rated,NULL,$32
JASN,$4.93,1440861099635,"23,503",50% bullish,of 2 ratings,$9.50
JASNW,NULL,1440861099666,0,50% bullish,of 2 ratings,N/A
ERW,NULL,1440861099687,0,Not yet rated,NULL,N/A
JD,$26.77,1440861099770,"4,905,314",75% bullish,of 16 ratings,$36
JAZZ,$171.501,1440861099863,"167,566",80% bullish,of 15 ratings,$206.50
JBLU,$22.25,1440861099932,"2,629,199",94% bullish,of 18 ratings,$27
JTPY,$2.95,1440861099965,100,100% bearish,of 1 rating,N/A
JCTCF,NULL,1440861099995,0,100% bullish,of 1 rating,N/A
DATE,$5.92,1440861100094,"93,636",75% bullish,of 4 ratings,$9
JIVE,$4.51,1440861100193,"258,687",75% bullish,of 4 ratings,$5
JST,$3.98,1440861100280,"7,252",75% bullish,of 4 ratings,N/A
JBSS,$54.48,1440861100308,"71,680",67% bearish,of 3 ratings,N/A
JOEZ,$0.17,1440861100339,"97,593",92% bullish,of 12 ratings,N/A
WYIGU,$10.2,1440861100364,6,Not yet rated,NULL,N/A
JOUT,$23.41,1440861100440,"5,196",100% bearish,of 1 rating,$34
JNP,$10.93,1440861100530,"25,559",100% bullish,of 3 ratings,$15
KALU,$83.24,1440861100669,"129,573",67% bearish,of 3 ratings,$91
JUNO,$38.06,1440861100700,"681,045",73% bullish,of 11 ratings,$71.50
KBIO,$2.01,1440861100749,"19,373",50% bullish,of 4 ratings,N/A
KTWO,$21.65,1440861100776,"84,969",100% bearish,of 1 rating,$28.50
KMDA,$3.48,1440861100802,"19,288",50% bullish,of 2 ratings,$8
KCLI,$46.85,1440861100933,"26,651",Not yet rated,NULL,N/A
KNDI,$6.72,1440861100962,"254,671",86% bullish,of 22 ratings,N/A
