Symbol,Price,Date,Volume,Rating,RatingVoteCount,OneYearEstimate
TFSC,NULL,1440080102308,0,100% bearish,of 1 rating,N/A
TFSCU,NULL,1440080102383,0,Not yet rated,NULL,N/A
TFSCR,NULL,1440080102439,0,Not yet rated,NULL,N/A
TFSCW,NULL,1440080102465,0,100% bearish,of 1 rating,N/A
FCTY,NULL,1440080102493,0,100% bullish,of 1 rating,$8.50
PIH,$7.423,1440080102514,200,100% bearish,of 1 rating,N/A
FLWS,$9.6405,1440080102536,"15,250",100% bullish,of 5 ratings,$15
FCCY,NULL,1440080102568,0,100% bullish,of 1 rating,$13
UGLD,$9.61,1440080102877,"64,723",100% bearish,of 1 rating,N/A
DGLD,$79.065,1440080102899,"3,859",100% bullish,of 1 rating,N/A
VNET,$20.01,1440080102946,"46,936",60% bullish,of 5 ratings,$29.50
USLV,$15.2299,1440080102968,"74,079",86% bullish,of 7 ratings,N/A
SRCE,$30,1440080102990,"1,929",100% bullish,of 3 ratings,$33
TWOU,$34.88,1440080103034,"62,648",50% bullish,of 2 ratings,$39
JOBS,$26.8,1440080103063,"28,891",50% bullish,of 4 ratings,$36
DSLV,$59.334,1440080103084,"6,906",100% bearish,of 1 rating,N/A
ABY,$21.05,1440080103556,"10,428",100% bearish,of 2 ratings,$46
CAFD,$15.27,1440080103611,"19,486",Not yet rated,NULL,$25
EGHT,$8.38,1440080103645,"48,229",82% bullish,of 17 ratings,$11
AVHI,$14,1440080103667,"6,832",100% bearish,of 1 rating,$19
AAON,$22.47,1440080103689,"3,116",100% bearish,of 1 rating,$24
SIXD,$2.21,1440080103727,"20,828",Not yet rated,NULL,N/A
SHLM,$35.52,1440080103753,"5,944",100% bearish,of 1 rating,$50
ABGB,$4.01,1440080103829,"27,905",67% bullish,of 3 ratings,$5.50
ABAX,$47.58,1440080103959,"13,188",100% bearish,of 1 rating,$60
ABMD,$103.68,1440080103987,"30,759",75% bullish,of 4 ratings,$100.50
AXAS,$1.645,1440080104017,"58,216",78% bullish,of 9 ratings,$3.50
ABEO,$5.22,1440080104054,"8,938",67% bullish,of 3 ratings,$15.50
ABEOW,NULL,1440080104155,0,100% bullish,of 1 rating,N/A
ACTG,$8.75,1440080104183,"32,646",67% bullish,of 3 ratings,$18.50
ACHC,$77.75,1440080104215,"49,733",50% bullish,of 2 ratings,$92
ACAD,$37.59,1440080104467,"77,262",80% bullish,of 20 ratings,$48
ACST,$0.3601,1440080104597,"7,400",100% bullish,of 2 ratings,N/A
XLRN,$30.533,1440080104631,"7,724",50% bullish,of 2 ratings,$57
ACRX,$4.2435,1440080104653,"32,886",67% bearish,of 6 ratings,$5.50
AXDX,$18.6,1440080104675,"16,376",100% bearish,of 1 rating,N/A
ANCX,$19.16,1440080104714,"5,706",Not yet rated,NULL,$19
ARAY,$5.9,1440080104741,"71,081",100% bearish,of 1 rating,$10.50
VXUP,$17.54,1440080104812,"10,208",Not yet rated,NULL,N/A
VXDN,$13.87,1440080104874,"1,015",Not yet rated,NULL,N/A
AKAO,$6.9,1440080105006,"16,527",75% bullish,of 4 ratings,$15
ACET,$24.9,1440080105044,"22,326",75% bullish,of 4 ratings,$30
ACHN,$8.17,1440080105072,"106,568",90% bullish,of 21 ratings,$16
ACIW,$22.47,1440080105101,"31,223",50% bullish,of 2 ratings,$24
ACNB,NULL,1440080105376,0,Not yet rated,NULL,N/A
ACPW,$1.8791,1440080105408,"2,279",100% bullish,of 4 ratings,$3.50
ATVI,$28.31,1440080105438,"371,629",68% bullish,of 84 ratings,$31.50
ACTS,$1.38,1440080105474,"2,800",100% bearish,of 1 rating,N/A
ACTA,$13.48,1440080105496,"18,615",67% bearish,of 3 ratings,$25
ACUR,$0.618,1440080105518,500,100% bullish,of 5 ratings,$1
ACOR,$30.19,1440080105554,"30,970",67% bearish,of 3 ratings,$38.50
ACXM,$20.5,1440080105585,"38,453",67% bullish,of 3 ratings,N/A
ADMP,$3.62,1440080105862,936,50% bullish,of 2 ratings,$10
ADMS,$19.88,1440080105910,"6,674",100% bearish,of 2 ratings,$36
ADAP,$14.9,1440080105967,"2,802",67% bullish,of 3 ratings,$22
ADUS,$29.1231,1440080106040,"3,193",100% bearish,of 1 rating,$31
AEY,NULL,1440080106098,0,100% bearish,of 2 ratings,N/A
ADEP,$7.1,1440080106124,"5,284",50% bullish,of 2 ratings,$10.75
ADBE,$84.06,1440080106176,"129,744",65% bullish,of 17 ratings,$90
ADTN,$15.61,1440080106255,"39,942",67% bullish,of 3 ratings,$17.125
ADMA,$9.6,1440080106307,100,Not yet rated,NULL,$19
AEIS,$25.46,1440080106337,"13,211",50% bullish,of 2 ratings,$32.50
ADRO,$20.89,1440080106437,"7,912",80% bullish,of 5 ratings,$45.50
AMD,$1.765,1440080106475,"1,122,430",83% bullish,of 102 ratings,$2
ADXS,$14.314,1440080106572,"127,278",64% bullish,of 14 ratings,$27
ADXSW,$10.01,1440080106597,"1,030",100% bullish,of 1 rating,N/A
MULT,NULL,1440080106623,0,100% bearish,of 1 rating,N/A
YPRO,$23.24,1440080106764,200,100% bearish,of 1 rating,N/A
AEGR,$17.78,1440080106909,"23,770",50% bullish,of 6 ratings,$26
AEHR,$2.1364,1440080107009,"1,069",50% bullish,of 2 ratings,N/A
AEPI,$56.73,1440080107043,536,100% bearish,of 1 rating,N/A
AVAV,$25,1440080107136,"20,216",50% bullish,of 4 ratings,$31
AEGN,$18.41,1440080107162,"4,778",100% bearish,of 1 rating,$21
AEZS,$0.106,1440080107215,"1,611,242",90% bullish,of 21 ratings,$1.50
AERI,$16.1,1440080107242,"55,992",75% bullish,of 4 ratings,$31.50
AMTX,$3.5499,1440080107372,115,50% bullish,of 2 ratings,$26.11
AEMD,$7.05,1440080107446,300,Not yet rated,NULL,$27.50
AFMD,$10.65,1440080107475,"41,693",50% bullish,of 4 ratings,$15
AFFX,$9.585,1440080107507,"23,635",80% bullish,of 5 ratings,$12
AGEN,$7.4,1440080107609,"39,783",85% bullish,of 13 ratings,$14
AGRX,$8.35,1440080107683,"7,028",100% bearish,of 1 rating,$17.50
AGIO,$90.55,1440080107841,"27,648",88% bullish,of 8 ratings,$114
AGFS,$9.575,1440080107868,"12,968",100% bearish,of 1 rating,N/A
AGYS,$9.39,1440080107890,"1,154",100% bearish,of 1 rating,N/A
AGFSW,$1.78,1440080107922,"4,445",100% bearish,of 2 ratings,N/A
AIMT,$21.645,1440080108055,"47,459",Not yet rated,NULL,N/A
AIRT,$22.7,1440080108129,251,100% bullish,of 1 rating,N/A
AIRM,$38.2,1440080108227,"12,406",80% bearish,of 5 ratings,$53
ATSG,$9.39,1440080108330,"10,522",67% bullish,of 3 ratings,$13
AIXG,$6.24,1440080108385,"2,728",67% bearish,of 3 ratings,$6
AKBA,$6.78,1440080108414,"24,650",100% bearish,of 1 rating,$18
AKAM,$71.33,1440080108435,"189,657",63% bullish,of 8 ratings,$77
AMCN,$5.005,1440080108465,"46,435",83% bullish,of 6 ratings,N/A
AKRX,$42.9157,1440080108613,"39,115",78% bullish,of 9 ratings,$56
AKER,$2.94,1440080108659,144,Not yet rated,NULL,N/A
ALSK,$2.12,1440080108704,"20,936",78% bullish,of 18 ratings,$2
ALRM,$16.66,1440080108788,"37,685",100% bearish,of 1 rating,$22
ADHD,$8.794,1440080108838,"12,669",50% bullish,of 4 ratings,$18
AMRI,$20.27,1440080108930,"10,281",75% bearish,of 4 ratings,$24
ABDC,$12.91,1440080109014,"2,911",Not yet rated,NULL,$15
ALDR,$38.09,1440080109099,"37,221",67% bearish,of 3 ratings,$62
ALDX,$7.685,1440080109149,"5,400",100% bearish,of 1 rating,$14.50
ALXA,$1.09,1440080109179,"1,760",83% bullish,of 6 ratings,$2.125
ALXN,$183.23,1440080109258,"77,133",88% bullish,of 8 ratings,$223
ALCO,$42.5,1440080109326,912,50% bullish,of 2 ratings,N/A
ALGN,$59.05,1440080109359,"32,031",100% bearish,of 2 ratings,$73
ALIM,$3.48,1440080109386,"7,562",80% bullish,of 5 ratings,$10
AFOP,$18.375,1440080109623,"17,188",75% bullish,of 8 ratings,$21
ALGT,$221.4799,1440080109651,"8,832",100% bearish,of 1 rating,$235
ALLB,$23.59,1440080109672,200,Not yet rated,NULL,N/A
ALKS,$65.37,1440080109702,"62,215",67% bullish,of 3 ratings,$75
AIQ,$14.71,1440080109728,225,67% bullish,of 3 ratings,N/A
AHGP,$36.32,1440080109866,"8,072",67% bullish,of 3 ratings,N/A
AMOT,$16.75,1440080110058,"7,682",100% bearish,of 1 rating,N/A
AHPI,NULL,1440080110087,0,50% bullish,of 2 ratings,N/A
ALQA,$4.54,1440080110109,"2,134",75% bullish,of 4 ratings,$8.50
ALLT,$5.05,1440080110258,"8,197",75% bullish,of 4 ratings,$6.25
MDRX,$13.96,1440080110286,"158,359",60% bullish,of 5 ratings,$16
AFAM,$47.842,1440080110307,"3,403",50% bullish,of 2 ratings,$44
ARLP,$24.61,1440080110329,"20,036",67% bearish,of 3 ratings,$32
ALNY,$107.8,1440080110367,"109,315",67% bullish,of 3 ratings,$148.50
AOSL,$7.27,1440080110549,"9,179",67% bullish,of 3 ratings,$9
SMCP,NULL,1440080110574,0,Not yet rated,NULL,N/A
ATEC,$0.59,1440080110742,"1,450",100% bullish,of 1 rating,$2
ALTR,$49.27,1440080110769,"129,969",80% bearish,of 5 ratings,$54
ASPS,$29.72,1440080110791,"9,052",67% bullish,of 3 ratings,$46.50
AIMC,$25.63,1440080110825,759,100% bearish,of 1 rating,$28.50
AMRN,$2.08,1440080111006,"192,802",85% bullish,of 39 ratings,$8
AMZN,$530.37,1440080111044,"428,538",81% bullish,of 263 ratings,$646
AMAG,$62.81,1440080111066,"27,715",100% bullish,of 2 ratings,$77.50
AYA,$22.11,1440080111139,"5,072",100% bearish,of 1 rating,$40
AMRK,NULL,1440080111171,0,50% bullish,of 2 ratings,$14
AMBCW,NULL,1440080111204,0,100% bearish,of 1 rating,N/A
AMBC,$15.75,1440080111270,"22,322",100% bearish,of 1 rating,$16.50
AMBA,$101.1688,1440080111413,"266,852",83% bullish,of 12 ratings,$102.50
EPAX,$2.67,1440080111490,"2,513",100% bearish,of 1 rating,N/A
AMCX,$71.38,1440080111597,"125,144",67% bullish,of 3 ratings,$85.50
DOX,$59.54,1440080111659,"31,630",100% bullish,of 2 ratings,$60
AMDA,$0.4875,1440080111686,"375,656",90% bullish,of 10 ratings,$1
UHAL,$375.154,1440080111763,"2,491",100% bullish,of 2 ratings,$393.50
ASBI,$22.65,1440080111821,600,Not yet rated,NULL,N/A
AMED,$42.055,1440080111895,"43,754",100% bearish,of 1 rating,$42
ATAX,$5.25,1440080111928,"1,800",100% bullish,of 1 rating,$6.50
AMOV,$18.39,1440080111964,100,100% bearish,of 1 rating,N/A
AGNC,$20.005,1440080112027,"433,128",71% bullish,of 28 ratings,$22
MTGE,$15.92,1440080112061,"23,158",75% bullish,of 4 ratings,$19.50
AAL,$42.67,1440080112086,"788,545",93% bullish,of 87 ratings,$57
AGNCB,$24.15,1440080112193,"1,400",Not yet rated,NULL,N/A
AGNCP,$25.432,1440080112271,"1,472",Not yet rated,NULL,N/A
MTGEP,NULL,1440080112375,0,Not yet rated,NULL,N/A
ACAS,$14.3,1440080112582,"360,967",60% bullish,of 5 ratings,$16.75
ACSF,$12.76,1440080112612,"1,176",100% bearish,of 1 rating,$15
ANCI,NULL,1440080112665,0,100% bearish,of 1 rating,N/A
AMIC,NULL,1440080112695,0,Not yet rated,NULL,N/A
AETI,NULL,1440080112723,0,67% bearish,of 3 ratings,N/A
ANAT,$103.29,1440080112750,341,100% bullish,of 1 rating,N/A
AMNB,$22.89,1440080112797,144,Not yet rated,NULL,$25.50
APEI,$21.5,1440080112882,"3,130",100% bearish,of 1 rating,$25.50
AMRB,$10.002,1440080112978,583,Not yet rated,NULL,$11
AMSC,$3.75,1440080113131,"6,542",50% bullish,of 4 ratings,N/A
ARII,$39.34,1440080113188,"22,064",67% bearish,of 3 ratings,$45
AMSWA,$9.21,1440080113215,533,100% bearish,of 2 ratings,$10.75
AMWD,$64.54,1440080113237,"24,869",50% bullish,of 2 ratings,$58
ASEI,$39.33,1440080113266,"8,719",100% bearish,of 1 rating,$52.50
CRMT,$43.23,1440080113437,640,100% bearish,of 1 rating,$49
ABCB,$27.545,1440080113464,"7,038",Not yet rated,NULL,$31
AMSF,$50.21,1440080113542,"2,736",Not yet rated,NULL,$57.50
ASRVP,NULL,1440080113632,0,Not yet rated,NULL,N/A
FOLD,$15.74,1440080113669,"82,448",56% bullish,of 9 ratings,$21
ASRV,NULL,1440080113721,0,100% bullish,of 2 ratings,N/A
AMGN,$163.89,1440080113766,"308,496",89% bullish,of 19 ratings,$185
ATLO,$24.23,1440080113795,"1,272",Not yet rated,NULL,N/A
AMPH,$14.3,1440080113934,"14,376",50% bullish,of 2 ratings,$20
AMKR,$4.325,1440080114066,"142,748",100% bearish,of 2 ratings,$5
AMSG,$83.31,1440080114096,"19,335",100% bearish,of 1 rating,$85.50
ASYS,$5.64,1440080114149,"11,604",67% bullish,of 3 ratings,$12
AMSGP,NULL,1440080114199,0,Not yet rated,NULL,N/A
AFSI,$64.15,1440080114334,"49,077",60% bullish,of 5 ratings,$72
AMRS,$1.621,1440080114382,"20,085",70% bullish,of 10 ratings,N/A
ANAD,$0.37,1440080114440,"74,684",100% bullish,of 2 ratings,$.50
ANAC,$130.95,1440080114515,"73,139",80% bullish,of 5 ratings,$180.50
ANCB,NULL,1440080114546,0,Not yet rated,NULL,$23
ALOG,$83.07,1440080114646,"7,488",100% bearish,of 2 ratings,$100.50
ADI,$55.912,1440080114705,"666,900",67% bullish,of 3 ratings,$69
ABCW,$40.265,1440080114788,"3,157",67% bullish,of 3 ratings,N/A
AMCF,$0.299,1440080114921,84,100% bullish,of 7 ratings,N/A
ANGI,$4.355,1440080114978,"60,509",64% bullish,of 11 ratings,$5.50
ANGO,$14.76,1440080115055,"3,213",67% bullish,of 3 ratings,$19
ANIP,$54.03,1440080115110,"9,113",89% bullish,of 19 ratings,$66
ANIK,$35.12,1440080115164,"15,328",60% bullish,of 5 ratings,$51.25
ANTH,$8.74,1440080115292,"104,004",80% bullish,of 10 ratings,$13
ANSS,$94.15,1440080115323,"54,545",100% bearish,of 1 rating,$100
ATRS,$1.86,1440080115345,"45,709",92% bullish,of 12 ratings,$4.50
ATNY,NULL,1440080115474,0,50% bullish,of 2 ratings,$3.75
ABAC,NULL,1440080115575,0,100% bearish,of 1 rating,N/A
APIC,$7.1,1440080115679,"23,875",100% bearish,of 1 rating,$19
APOG,$52.8,1440080115758,"17,609",100% bullish,of 1 rating,$62
AINV,$6.53,1440080115811,"206,788",50% bullish,of 4 ratings,$8
APOL,$10.965,1440080115837,"146,885",87% bearish,of 68 ratings,$14
APPF,$17.38,1440080115890,"3,103",50% bullish,of 2 ratings,$22
AAPL,$112.833,1440080115915,"7,223,494",86% bullish,of 2335 ratings,$150
APDN,$3.26,1440080116143,"6,502",Not yet rated,NULL,$9
AMAT,$16.29,1440080116366,"999,866",82% bullish,of 11 ratings,$23
AGTC,$15.5,1440080116395,"32,579",50% bullish,of 2 ratings,$33
AAOI,$21.3745,1440080116422,"10,675",50% bullish,of 4 ratings,$26
AMCC,$5.45,1440080116452,"43,256",80% bullish,of 5 ratings,$8
APDNW,NULL,1440080116475,0,Not yet rated,NULL,N/A
AREX,$2.47,1440080116507,"60,558",100% bearish,of 1 rating,$3
ARCI,$1.25,1440080116528,200,Not yet rated,NULL,N/A
APRI,$1.2399,1440080116783,"63,418",83% bullish,of 6 ratings,$4.86
APTO,$5.0997,1440080116839,"2,800",Not yet rated,NULL,$17
AQXP,$16.7201,1440080116868,"120,357",50% bullish,of 2 ratings,$2
AQMS,$5.39,1440080116914,"1,285",Not yet rated,NULL,N/A
AUMA,NULL,1440080116970,0,Not yet rated,NULL,N/A
AUMAU,NULL,1440080117071,0,Not yet rated,NULL,N/A
ARCW,$3.561,1440080117297,495,100% bearish,of 2 ratings,$10.50
PETX,$17.339,1440080117324,"29,745",100% bearish,of 2 ratings,$26
AUMAW,NULL,1440080117353,0,Not yet rated,NULL,N/A
ARDM,$7.37,1440080117399,"1,000",100% bullish,of 1 rating,$26
ABUS,$7.7,1440080117431,"49,205",86% bullish,of 14 ratings,$23
RKDA,$5.79,1440080117530,903,100% bearish,of 2 ratings,$10
ARCB,$31.01,1440080117719,"21,141",50% bullish,of 2 ratings,$39.50
ACGL,$72.53,1440080117777,"24,290",50% bullish,of 2 ratings,$72
ACAT,$28.05,1440080117822,"11,764",100% bearish,of 3 ratings,$33
ABIO,$0.8832,1440080117848,"30,516",50% bullish,of 2 ratings,$3.75
ARDX,$17.95,1440080117907,"7,511",50% bullish,of 2 ratings,$24.50
ARNA,$2.98,1440080118075,"257,810",90% bullish,of 77 ratings,$5.50
AGIIL,$25.5,1440080118205,67,Not yet rated,NULL,N/A
ARGS,$5.82,1440080118239,"38,724",50% bullish,of 2 ratings,$19.50
AGII,$58.13,1440080118261,"8,202",Not yet rated,NULL,$59.50
ARKR,NULL,1440080118305,0,50% bullish,of 2 ratings,N/A
ARIS,$3.31,1440080118334,"2,325",Not yet rated,NULL,$4.50
ARIA,$7.0685,1440080118399,"225,710",87% bullish,of 46 ratings,$9
ARCC,$15.83,1440080118473,"80,504",67% bearish,of 3 ratings,$17.875
ARMH,$42.23,1440080118603,"340,402",54% bearish,of 13 ratings,$61
ARTX,$1.54,1440080118687,"15,215",88% bullish,of 16 ratings,$4.50
ARWA,NULL,1440080118818,0,Not yet rated,NULL,N/A
ARQL,$1.672,1440080118951,"9,502",75% bullish,of 4 ratings,$5
ARWAR,NULL,1440080118984,0,Not yet rated,NULL,N/A
ARWAU,NULL,1440080119010,0,100% bullish,of 1 rating,N/A
ARWAW,NULL,1440080119084,0,Not yet rated,NULL,N/A
ARRY,$5.51,1440080119112,"107,367",100% bullish,of 7 ratings,$10
ARRS,$27.396,1440080119138,"91,754",50% bullish,of 2 ratings,$38
AROW,$27.21,1440080119267,510,Not yet rated,NULL,N/A
ARTNA,$22.1301,1440080119358,"1,608",100% bearish,of 1 rating,$29
DWAT,NULL,1440080119383,0,100% bearish,of 1 rating,N/A
ARWR,$5.52,1440080119433,"66,188",75% bullish,of 4 ratings,$10.50
ARTW,NULL,1440080119459,0,75% bearish,of 4 ratings,N/A
ASBB,$23.72,1440080119621,305,Not yet rated,NULL,N/A
ASCMA,$27.6,1440080119875,"7,270",100% bearish,of 1 rating,$45
APWC,$2,1440080119912,600,100% bearish,of 1 rating,N/A
ASTI,$0.13,1440080119942,"390,351",83% bullish,of 6 ratings,$3
ASNA,$11.72,1440080119969,"210,874",50% bullish,of 2 ratings,$18
ASND,$17.6,1440080120009,"1,302",100% bullish,of 1 rating,$30
ASML,$89.14,1440080120040,"130,617",67% bullish,of 3 ratings,$127
ASMI,$36.54,1440080120197,100,50% bullish,of 2 ratings,N/A
ASMB,$13.25,1440080120331,"11,498",67% bullish,of 3 ratings,N/A
ATRO,$54.745,1440080120550,"13,252",100% bearish,of 2 ratings,$80
ASFI,$9.02,1440080120579,610,100% bullish,of 1 rating,N/A
ALOT,$12.3001,1440080120610,300,100% bearish,of 1 rating,N/A
ASTE,$36.92,1440080120640,"2,998",100% bearish,of 1 rating,$48
ASUR,$5.958,1440080120739,936,100% bearish,of 1 rating,$8
ASTC,NULL,1440080120767,0,100% bullish,of 5 ratings,N/A
AZPN,$38.92,1440080121075,"40,644",50% bullish,of 2 ratings,$42
ATAI,$3.01,1440080121105,"4,600",100% bearish,of 1 rating,N/A
ATRA,$45.56,1440080121141,"13,558",50% bullish,of 2 ratings,$68
AFCB,NULL,1440080121164,0,Not yet rated,NULL,N/A
ATHX,$1.1701,1440080121208,"20,082",89% bullish,of 9 ratings,$5
ATHN,$136.76,1440080121239,"4,418",67% bearish,of 3 ratings,$153
AAPC,$10.2,1440080121338,170,Not yet rated,NULL,N/A
AAME,$3.44,1440080121470,104,Not yet rated,NULL,N/A
ATNI,$73.65,1440080121550,"4,019",100% bearish,of 1 rating,$69.50
ACFC,$6.24,1440080121644,"12,252",Not yet rated,NULL,$6.50
ATLC,$3.92,1440080121685,292,67% bullish,of 3 ratings,N/A
AAWW,$43.07,1440080121718,"69,064",50% bullish,of 2 ratings,$65
ATML,$7.54,1440080121815,"464,721",78% bullish,of 9 ratings,$9.50
AFH,$16.8799,1440080121847,"2,320",Not yet rated,NULL,$21.50
ATRC,$26.35,1440080121948,"11,637",100% bullish,of 1 rating,$30
ATOS,$0.8876,1440080121978,"42,880",100% bullish,of 7 ratings,$7
ATRI,$398.77,1440080122050,401,Not yet rated,NULL,N/A
ATTU,$14.6,1440080122112,"3,210",100% bearish,of 1 rating,$20.50
ATRM,$2.9,1440080122183,140,50% bullish,of 2 ratings,N/A
LIFE,$14.5,1440080122261,"6,968",86% bullish,of 7 ratings,$43
AUBN,$27.21,1440080122311,100,Not yet rated,NULL,N/A
EARS,$5,1440080122453,500,100% bearish,of 2 ratings,$11.50
AUDC,$3.195,1440080122502,"17,134",80% bullish,of 5 ratings,$5
ADSK,$53.38,1440080122652,"140,804",83% bullish,of 6 ratings,$69.50
ABTL,$18.81,1440080122753,"8,618",100% bullish,of 4 ratings,$20.25
ADAT,$0.1311,1440080122785,"45,169",100% bullish,of 2 ratings,N/A
ADP,$83.51,1440080122816,"197,144",100% bearish,of 1 rating,$88
AUPH,$3.35,1440080122888,"1,200",100% bearish,of 1 rating,$8
AVGO,$118.65,1440080122917,"333,379",88% bullish,of 8 ratings,$160
AVEO,$1.4632,1440080123049,"187,981",75% bullish,of 8 ratings,$3
AAVL,$10.56,1440080123076,"27,013",100% bearish,of 1 rating,$20
AVNU,NULL,1440080123097,0,Not yet rated,NULL,$14
AVID,$8.1,1440080123300,"18,212",100% bearish,of 1 rating,$20
AVGR,$15.32,1440080123327,"8,410",100% bearish,of 1 rating,$20
AVNW,$1.13,1440080123368,"2,616",50% bullish,of 2 ratings,$2.20
AWRE,$3.23,1440080123741,"4,494",67% bullish,of 3 ratings,N/A
ACLS,$3.34,1440080123772,"130,161",67% bullish,of 6 ratings,$4.75
CAR,$45.26,1440080123804,"157,505",80% bullish,of 5 ratings,$60
AXPWW,NULL,1440080123848,0,Not yet rated,NULL,N/A
BCOM,NULL,1440080123883,0,100% bearish,of 1 rating,N/A
AXGN,$3.77,1440080123913,"2,250",Not yet rated,NULL,$5
AXTI,$2.1501,1440080123977,"1,970",50% bullish,of 2 ratings,$2.75
AXPW,$1.18,1440080124003,"1,606",83% bullish,of 6 ratings,N/A
BOSC,$2.3599,1440080124191,200,50% bullish,of 2 ratings,N/A
BCPC,$59.87,1440080124290,"2,613",100% bearish,of 1 rating,$75
BEAV,$50.28,1440080124350,"43,243",67% bearish,of 3 ratings,$59
BIDU,$159.09,1440080124422,"596,926",81% bullish,of 88 ratings,$215
RILY,$10,1440080124456,5,Not yet rated,NULL,N/A
BWINB,$23.04,1440080124553,48,Not yet rated,NULL,N/A
BWINA,NULL,1440080124583,0,Not yet rated,NULL,N/A
BANFP,NULL,1440080124682,0,Not yet rated,NULL,N/A
BLDP,$1.3,1440080124787,"74,048",91% bullish,of 22 ratings,$2.50
BANF,$62.28,1440080124839,306,Not yet rated,NULL,$68
BKMU,$7.18,1440080124891,"6,927",Not yet rated,NULL,$8
BKSC,NULL,1440080125035,0,Not yet rated,NULL,N/A
BMRC,$48.59,1440080125093,"3,068",Not yet rated,NULL,$52
BOTJ,NULL,1440080125167,0,Not yet rated,NULL,N/A
OZRK,$41.835,1440080125232,"18,485",67% bullish,of 3 ratings,$49.50
BOCH,$5.75,1440080125309,"3,635",Not yet rated,NULL,$6.50
BFIN,$11.94,1440080125385,"1,906",Not yet rated,NULL,$13
BWFG,$18.25,1440080125481,"1,627",100% bearish,of 1 rating,N/A
BANR,$45.66,1440080125570,"3,910",100% bullish,of 3 ratings,$50
BHAC,NULL,1440080125598,0,Not yet rated,NULL,N/A
BZUN,$6.2072,1440080125628,"187,089",50% bullish,of 2 ratings,$13.85
TAPR,NULL,1440080125730,0,100% bearish,of 1 rating,N/A
BHACR,NULL,1440080125795,0,Not yet rated,NULL,N/A
BHACW,NULL,1440080125881,0,Not yet rated,NULL,N/A
BBSI,$34.11,1440080125906,"11,059",67% bearish,of 3 ratings,$62.50
BYBK,NULL,1440080126070,0,100% bearish,of 1 rating,N/A
BHACU,$10.19,1440080126137,200,Not yet rated,NULL,N/A
BSET,$30.96,1440080126210,"26,054",100% bearish,of 1 rating,$35
BYLK,$13.02,1440080126268,104,Not yet rated,NULL,$14
BCBP,$11.68,1440080126366,400,Not yet rated,NULL,N/A
BV,$5.14,1440080126443,"29,010",67% bullish,of 6 ratings,$9
BBCN,$15.14,1440080126473,"14,651",100% bearish,of 1 rating,$16
BDCV,$5.08,1440080126502,772,100% bearish,of 1 rating,$10.19
BECN,$36.24,1440080126577,"26,798",50% bullish,of 2 ratings,$40
BSF,$8.9931,1440080126637,"1,062",Not yet rated,NULL,N/A
BBGI,NULL,1440080126713,0,100% bearish,of 1 rating,N/A
BBBY,$62.96,1440080126774,"203,342",71% bullish,of 7 ratings,$75
BEBE,$1.82,1440080126942,"10,517",75% bullish,of 4 ratings,$3.075
BELFA,NULL,1440080126969,0,100% bearish,of 1 rating,N/A
BELFB,$19.49,1440080127001,"1,858",100% bearish,of 1 rating,N/A
BLPH,$5.716,1440080127109,"8,056",100% bearish,of 1 rating,$12.50
BNFT,$38.62,1440080127268,"10,989",67% bullish,of 3 ratings,$46
BNCL,$12.8,1440080127315,"35,225",100% bullish,of 3 ratings,$12.50
BLCM,$18.19,1440080127341,"10,263",50% bullish,of 4 ratings,$40
BGMD,$0.8,1440080127400,"78,396",100% bullish,of 10 ratings,N/A
BNTC,$8.4001,1440080127430,"46,507",100% bullish,of 1 rating,N/A
BGCP,$9.24,1440080127472,"96,516",88% bullish,of 8 ratings,$14
ORPN,$5.58,1440080127534,600,100% bullish,of 1 rating,$28.50
BIND,$4.58,1440080127668,"4,102",67% bullish,of 3 ratings,$13.50
BIOC,$2.08,1440080127833,"283,698",83% bullish,of 6 ratings,$3.85
BASI,$1.31,1440080127860,"5,408",Not yet rated,NULL,N/A
BGFV,$11.12,1440080127885,"9,572",57% bullish,of 7 ratings,$12
BCRX,$11.85,1440080128036,"34,382",63% bullish,of 8 ratings,$18
BCDA,NULL,1440080128066,0,Not yet rated,NULL,N/A
BIOD,$0.6601,1440080128088,"34,564",80% bullish,of 5 ratings,$4
BDSI,$6.518,1440080128137,"90,969",88% bullish,of 8 ratings,$17
BIOL,$1.54,1440080128225,"7,876",Not yet rated,NULL,N/A
BIIB,$313.99,1440080128253,"181,203",88% bullish,of 16 ratings,$400
BLFS,$2.052,1440080128387,"8,500",100% bearish,of 1 rating,$4.75
BLRX,$1.52,1440080128467,"37,275",100% bullish,of 12 ratings,$5
BVXV,$4.0001,1440080128499,"4,100",Not yet rated,NULL,N/A
BMRN,$135.26,1440080128528,"72,566",80% bullish,of 5 ratings,$160
BVXVW,$0.704,1440080128598,"2,000",100% bearish,of 1 rating,N/A
BPTH,$1.15,1440080128737,"1,944",100% bullish,of 2 ratings,$5
BRLI,NULL,1440080128871,0,83% bullish,of 6 ratings,N/A
BBC,$31.8,1440080128971,"2,652",Not yet rated,NULL,N/A
BSTC,$51.51,1440080129030,"10,706",100% bearish,of 1 rating,$76
BIOS,$1.68,1440080129056,"182,435",71% bullish,of 7 ratings,$4
BBP,$33.756,1440080129106,"3,266",Not yet rated,NULL,N/A
BSPM,NULL,1440080129136,0,50% bullish,of 2 ratings,N/A
TECH,$104.43,1440080129210,"5,494",100% bullish,of 1 rating,$117
BOTA,$2.29,1440080129235,"5,930",88% bullish,of 8 ratings,N/A
BDMS,NULL,1440080129486,0,100% bearish,of 1 rating,N/A
BEAT,$13.35,1440080129522,"120,279",67% bearish,of 3 ratings,$15
BITI,$18.9,1440080129548,"7,475",100% bullish,of 1 rating,$28
BJRI,$46.74,1440080129741,"13,421",50% bullish,of 2 ratings,$55
BBOX,$15.35,1440080129851,"2,963",100% bearish,of 1 rating,N/A
BLKB,$60.84,1440080129878,"8,012",100% bearish,of 2 ratings,$66
BDE,$7.46,1440080129930,"11,144",50% bullish,of 2 ratings,$9
BBRY,$7.35,1440080129956,"478,016",61% bullish,of 330 ratings,$9
HAWK,$44.26,1440080130009,"60,427",90% bullish,of 10 ratings,$49
BKCC,$9.29,1440080130105,"28,771",100% bullish,of 2 ratings,$10
ADRA,$27.77,1440080130193,908,Not yet rated,NULL,N/A
ADRU,NULL,1440080130320,0,100% bearish,of 1 rating,N/A
ADRE,$30.46,1440080130369,"2,182",Not yet rated,NULL,N/A
BCOR,$13.55,1440080130413,"15,590",57% bullish,of 7 ratings,$15
BLMN,$21.38,1440080130438,"59,023",83% bullish,of 6 ratings,$27.50
ADRD,$22.9633,1440080130511,946,100% bearish,of 1 rating,N/A
BLBD,$11.95,1440080130618,"1,800",Not yet rated,NULL,N/A
BUFF,$26.67,1440080130756,"25,373",83% bullish,of 12 ratings,$31.50
NILE,$34.53,1440080130841,"4,617",50% bullish,of 2 ratings,$34
BKEP,$6.918,1440080130901,"6,491",100% bearish,of 1 rating,$8.50
BBLU,$0.87,1440080130931,"2,839",100% bullish,of 2 ratings,$4.43
BHBK,$14.2,1440080130953,"6,830",100% bullish,of 1 rating,$14.50
BLUE,$126.66,1440080130990,"122,324",71% bullish,of 7 ratings,$217.50
BKEPP,$7.75,1440080131089,"9,900",100% bearish,of 1 rating,N/A
BPMC,$26.98,1440080131136,"5,463",50% bullish,of 2 ratings,$47.50
BOFI,$129.745,1440080131274,"22,464",100% bullish,of 6 ratings,$144
WIFI,$8.365,1440080131371,"83,405",50% bullish,of 2 ratings,$13.50
BOBE,$45.31,1440080131402,"5,504",75% bullish,of 4 ratings,$57
BNCN,$21.35,1440080131428,"2,771",Not yet rated,NULL,$23
BOJA,$21.2,1440080131503,"31,880",100% bullish,of 1 rating,$30
BOKF,$63.53,1440080131562,"16,824",100% bearish,of 1 rating,$71
BNSO,$1.4199,1440080131706,"1,002",100% bearish,of 1 rating,N/A
BAMM,$3.1797,1440080131780,665,60% bullish,of 5 ratings,N/A
BPFHP,NULL,1440080131850,0,100% bearish,of 1 rating,N/A
BPFH,$12.27,1440080131910,"83,244",100% bearish,of 1 rating,$14
BPFHW,NULL,1440080131982,0,100% bearish,of 1 rating,N/A
BONA,$11.98,1440080132007,"19,400",75% bullish,of 4 ratings,$8.50
EPAY,$26.15,1440080132145,"5,622",100% bearish,of 2 ratings,$30
BDBD,$8.66,1440080132203,"47,834",60% bullish,of 5 ratings,$10
BBEP,$2.44,1440080132294,"428,263",69% bullish,of 13 ratings,$5.625
BCLI,$3.1399,1440080132334,"16,239",80% bullish,of 5 ratings,$12
BBRG,$12.99,1440080132471,"3,202",67% bullish,of 3 ratings,$14.50
BLIN,$1.35,1440080132497,"2,000",50% bullish,of 2 ratings,$2.20
BBEPP,$13.5577,1440080132633,"6,108",100% bearish,of 1 rating,N/A
BRID,NULL,1440080132712,0,100% bearish,of 1 rating,N/A
BDGE,$27.62,1440080132768,"1,275",Not yet rated,NULL,$31.75
BRCM,$50.66,1440080132904,"457,409",75% bullish,of 12 ratings,$56
BSFT,$32.37,1440080132929,"5,412",57% bullish,of 7 ratings,$40.50
BCOV,$5.34,1440080132961,"29,025",67% bullish,of 3 ratings,$10.20
BVSN,$5.98,1440080133056,8,60% bearish,of 5 ratings,N/A
BYFC,$1.3511,1440080133134,"11,710",50% bullish,of 2 ratings,N/A
BWEN,$3.45,1440080133164,"7,311",100% bullish,of 3 ratings,$8
BRCD,$9.965,1440080133193,"1,157,020",92% bullish,of 13 ratings,$12.50
BRKS,$10.43,1440080133391,"11,244",67% bullish,of 3 ratings,$15.25
BRKL,$10.82,1440080133445,"19,044",100% bearish,of 1 rating,$10.75
BRKR,$19.926,1440080133471,"5,364",100% bearish,of 2 ratings,$22
BMTC,$29.41,1440080133497,"2,848",Not yet rated,NULL,$34
BLMT,$20.95,1440080133626,"2,442",Not yet rated,NULL,N/A
BSQR,$6.5701,1440080133654,"29,421",67% bullish,of 3 ratings,N/A
BWLD,$194.93,1440080133818,"25,399",82% bullish,of 11 ratings,$205
BUR,NULL,1440080133904,0,100% bearish,of 1 rating,$8
CFFI,NULL,1440080133945,0,100% bearish,of 1 rating,N/A
CA,$28.7,1440080134033,"161,643",50% bullish,of 4 ratings,$33
CHRW,$69.88,1440080134064,"161,739",Not yet rated,NULL,$72
BLDR,$15.39,1440080134086,"166,029",50% bullish,of 2 ratings,$22
CCMP,$44.53,1440080134166,"13,912",50% bullish,of 2 ratings,$59
CDNS,$21.01,1440080134217,"141,345",75% bullish,of 4 ratings,$22.50
CDZI,$7.44,1440080134312,"3,300",100% bearish,of 1 rating,N/A
CZR,$6.82,1440080134447,"84,290",60% bearish,of 5 ratings,$10.50
CACQ,$7.1,1440080134527,"5,891",100% bearish,of 1 rating,$12.25
CSTE,$42.3112,1440080134581,"168,642",100% bearish,of 1 rating,$65
CLBS,$1.36,1440080134606,"22,564",79% bullish,of 14 ratings,$4
PRSS,$4.57,1440080134635,19,80% bullish,of 5 ratings,$4.50
CLMS,$11.71,1440080134766,"1,366",Not yet rated,NULL,$10.50
CHY,$11.7479,1440080134799,"47,923",Not yet rated,NULL,N/A
CHI,$11.0001,1440080134900,"27,360",100% bearish,of 1 rating,N/A
CFGE,NULL,1440080134976,0,Not yet rated,NULL,N/A
CHW,$7.89,1440080135118,"50,717",100% bearish,of 1 rating,N/A
CCD,$20.77,1440080135148,"12,549",Not yet rated,NULL,N/A
CSQ,$10.36,1440080135199,"73,131",Not yet rated,NULL,N/A
CGO,$12.5,1440080135224,"7,205",100% bearish,of 1 rating,N/A
CAMP,$16.31,1440080135282,"31,933",88% bullish,of 8 ratings,$25
CVGW,$54.27,1440080135414,"27,963",50% bullish,of 2 ratings,$58.50
CFNB,NULL,1440080135440,0,100% bearish,of 1 rating,N/A
CALA,$5.16,1440080135576,"53,806",100% bullish,of 3 ratings,$19.50
CLMT,$25.9378,1440080135631,"16,106",75% bullish,of 8 ratings,$31
CALD,$15.81,1440080135661,"26,744",100% bearish,of 1 rating,$20.50
CALM,$50.05,1440080135696,"53,875",80% bullish,of 5 ratings,$65
ABCD,$4.745,1440080135797,"18,224",83% bullish,of 6 ratings,N/A
CAMB,$9.95,1440080135823,400,Not yet rated,NULL,N/A
CAMBU,NULL,1440080135954,0,100% bearish,of 1 rating,N/A
CAMBW,NULL,1440080136038,0,Not yet rated,NULL,N/A
CAC,$40,1440080136110,477,Not yet rated,NULL,N/A
CAMT,$2.9,1440080136173,"11,370",73% bullish,of 11 ratings,$4
CSIQ,$19.2301,1440080136206,"842,726",86% bullish,of 28 ratings,$45
CGIX,$9.927,1440080136308,"10,290",67% bullish,of 3 ratings,$14.375
CPHC,NULL,1440080136339,0,100% bearish,of 1 rating,N/A
CBNJ,NULL,1440080136411,0,100% bullish,of 1 rating,N/A
CPLA,$48.08,1440080136440,"3,988",50% bullish,of 2 ratings,$65
CBF,$29.9987,1440080136489,"18,110",Not yet rated,NULL,$32
CPLP,$7.01,1440080136587,"59,015",71% bullish,of 7 ratings,$11
CCBG,$15.11,1440080136651,"1,800",Not yet rated,NULL,$17.25
CSWC,$47.94,1440080136677,"3,599",Not yet rated,NULL,N/A
CPTA,$14.6701,1440080136745,"9,280",Not yet rated,NULL,$18.50
CFFN,$12.0199,1440080136876,"56,209",Not yet rated,NULL,$12.75
CAPR,$4.11,1440080137019,"5,780",Not yet rated,NULL,$12
CAPN,$2.41,1440080137066,"62,737",100% bullish,of 1 rating,$10.85
CPST,$0.3901,1440080137103,"102,156",95% bullish,of 22 ratings,$1
CAPNW,NULL,1440080137153,0,Not yet rated,NULL,N/A
CARA,$22.02,1440080137180,"21,956",50% bullish,of 4 ratings,$25
CARB,$11.27,1440080137204,"17,791",75% bullish,of 4 ratings,$12
CBYL,$6.705,1440080137344,"3,208",100% bearish,of 1 rating,$20
CRME,$9.34,1440080137488,"1,402",89% bullish,of 9 ratings,$11.25
CSII,$24.0758,1440080137521,"20,742",100% bearish,of 2 ratings,$42.125
CRDC,$0.4,1440080137573,"6,500",100% bullish,of 1 rating,$1.25
CFNL,$22.67,1440080137618,"18,127",Not yet rated,NULL,$24
CDNA,$6.41,1440080137708,"1,400",100% bearish,of 1 rating,$9
CATM,$34.85,1440080137734,"24,904",100% bearish,of 1 rating,$44
CECO,$3.61,1440080137763,"27,499",67% bearish,of 3 ratings,$6
CKEC,$22.62,1440080137959,"7,810",50% bullish,of 2 ratings,$35.915
CTRE,$12.0999,1440080137991,"28,760",50% bullish,of 2 ratings,N/A
CARO,$15.5275,1440080138090,"6,622",100% bearish,of 1 rating,$19
CLBH,NULL,1440080138119,0,Not yet rated,NULL,$16.50
CRZO,$33.2198,1440080138186,"53,291",67% bearish,of 3 ratings,$57
CRTN,$2.71,1440080138216,100,100% bearish,of 1 rating,N/A
CART,$5.454,1440080138270,"1,756",100% bearish,of 1 rating,N/A
TAST,$12.565,1440080138354,"30,027",Not yet rated,NULL,$14.25
CARV,$6.04,1440080138406,317,50% bullish,of 2 ratings,N/A
CASM,$1.12,1440080138572,"35,900",100% bullish,of 1 rating,$3.50
CACB,$5.5,1440080138652,"3,534",Not yet rated,NULL,$5.50
CSCD,$14.16,1440080138682,"19,095",100% bullish,of 2 ratings,$17
CWST,$6.36,1440080138705,"5,751",50% bullish,of 2 ratings,$7
CASY,$107.12,1440080138738,"20,875",50% bullish,of 2 ratings,$99.50
CASI,$1.4802,1440080138834,"7,840",100% bullish,of 1 rating,$3.50
CATB,$11.89,1440080139026,"1,908",100% bearish,of 1 rating,$28
CASS,$49.2932,1440080139089,808,100% bearish,of 1 rating,N/A
CATY,$30.96,1440080139121,"38,322",100% bearish,of 1 rating,$33.50
CPRX,$3.825,1440080139146,"60,482",71% bullish,of 7 ratings,$7
CATYW,NULL,1440080139195,0,100% bearish,of 1 rating,N/A
CAVM,$70.1,1440080139223,"41,747",67% bearish,of 3 ratings,$72
CVCO,$73.62,1440080139358,"2,431",100% bearish,of 1 rating,N/A
CBFV,$20,1440080139437,700,Not yet rated,NULL,N/A
CNLMR,NULL,1440080139623,0,Not yet rated,NULL,N/A
CNLMU,NULL,1440080139706,0,100% bullish,of 1 rating,N/A
CNLM,$9.98,1440080139735,200,Not yet rated,NULL,N/A
CBOE,$63.08,1440080139762,"13,968",Not yet rated,NULL,$60
CNLMW,NULL,1440080139794,0,Not yet rated,NULL,N/A
CDK,$49.02,1440080139867,"56,052",67% bearish,of 3 ratings,$50
CDW,$39.26,1440080139897,"47,226",75% bullish,of 4 ratings,$44
CECE,$9.86,1440080139996,"49,590",50% bullish,of 2 ratings,$16
CELG,$127.56,1440080140077,"507,730",92% bullish,of 13 ratings,$155.50
CELGZ,$1.82,1440080140111,"3,600",80% bullish,of 5 ratings,N/A
CLDN,$1.07,1440080140209,"11,718",71% bullish,of 7 ratings,$3
CPXX,$2.2,1440080140251,"3,000",100% bullish,of 2 ratings,$7
CLDX,$14.67,1440080140311,"194,970",89% bullish,of 9 ratings,$36
CLRBW,NULL,1440080140555,0,Not yet rated,NULL,N/A
CLLS,$31.79,1440080140577,"10,881",75% bullish,of 4 ratings,$51.50
CLRB,NULL,1440080140619,0,100% bearish,of 1 rating,N/A
CBMG,$22.86,1440080140658,"4,408",50% bullish,of 2 ratings,N/A
CLTX,$2.88,1440080140787,"2,696,120",100% bullish,of 2 ratings,N/A
CEMP,$37.13,1440080140828,"80,502",71% bullish,of 7 ratings,$52
CLSN,$2.08,1440080140889,"10,854",80% bullish,of 10 ratings,$7.50
CYAD,$54.54,1440080140925,618,100% bullish,of 1 rating,$87.50
CSFL,$13.96,1440080141056,"36,978",Not yet rated,NULL,$15
CETX,$2.51,1440080141082,"5,552",Not yet rated,NULL,$5.60
CETV,$2.1,1440080141238,"14,397",67% bullish,of 3 ratings,$2.80
CFBK,$1.372,1440080141317,100,Not yet rated,NULL,N/A
CENT,$12.2,1440080141346,"6,892",Not yet rated,NULL,$10
CVCY,NULL,1440080141477,0,Not yet rated,NULL,$12
CENX,$5.2101,1440080141572,"293,885",67% bullish,of 6 ratings,$9
CNTY,$6.26,1440080141630,"1,684",80% bullish,of 5 ratings,$7.75
CENTA,$12.96,1440080141656,"8,333",Not yet rated,NULL,N/A
CNBKA,$41.1,1440080141701,34,100% bullish,of 1 rating,N/A
CERN,$64.18,1440080141803,"158,306",67% bullish,of 3 ratings,$79
CERE,$1.26,1440080141898,"87,944",88% bullish,of 8 ratings,N/A
CRNT,$1.47,1440080141974,"5,950",50% bullish,of 2 ratings,$2
CERS,$4.97,1440080142002,"38,332",75% bullish,of 4 ratings,$7
CPHD,$49.1,1440080142030,"27,090",50% bullish,of 2 ratings,$66.50
CERU,$3.32,1440080142059,"7,025",75% bullish,of 4 ratings,$15
CEVA,$18.82,1440080142191,"1,834",100% bearish,of 1 rating,$25
KOOL,$0.72,1440080142277,670,100% bullish,of 5 ratings,$7
CYOU,$19.9,1440080142434,"62,026",50% bullish,of 6 ratings,$24
HOTR,$1.28,1440080142479,"96,983",100% bullish,of 2 ratings,$5
GTLS,$23.26,1440080142580,"32,175",50% bullish,of 4 ratings,$40
CTHR,$1.2601,1440080142653,"4,062",50% bullish,of 2 ratings,$2.50
HOTRW,$0.1984,1440080142710,"3,199",Not yet rated,NULL,N/A
CHFN,$12.42,1440080142736,"1,722",Not yet rated,NULL,$14
CHTR,$185.14,1440080142765,"117,269",100% bearish,of 2 ratings,$196
CHKP,$80.31,1440080142800,"101,371",50% bullish,of 4 ratings,$92
CHEK,$3.08,1440080142905,38,Not yet rated,NULL,$7.75
CHEKW,NULL,1440080142925,0,Not yet rated,NULL,N/A
CHFC,$32.05,1440080143128,"6,051",100% bearish,of 1 rating,$36
CEMI,$4.42,1440080143153,"4,819",50% bullish,of 2 ratings,$7.50
CCXI,$6.91,1440080143212,"4,052",67% bullish,of 3 ratings,$14
CHMG,$26.5,1440080143238,100,Not yet rated,NULL,$30
CHKE,$26.36,1440080143389,"2,151",100% bearish,of 1 rating,$32.50
CHMA,$26.79,1440080143415,"4,143",Not yet rated,NULL,$40
CHEV,$14.67,1440080143448,400,Not yet rated,NULL,N/A
CBNK,$16.52,1440080143550,100,100% bearish,of 1 rating,N/A
PLCE,$59.98,1440080143621,"29,526",100% bearish,of 1 rating,$71
CALI,NULL,1440080143756,0,67% bullish,of 3 ratings,N/A
CMRX,$50.3,1440080143791,"11,753",50% bullish,of 2 ratings,$57
CADC,NULL,1440080143838,0,78% bullish,of 9 ratings,N/A
CBAK,$2.105,1440080143890,"31,426",67% bullish,of 9 ratings,N/A
CAAS,$6.64,1440080143916,800,93% bullish,of 14 ratings,$11.50
CBPO,$108.55,1440080143976,"28,487",75% bullish,of 8 ratings,$140.50
CCCL,$0.9,1440080144114,"1,872",100% bullish,of 6 ratings,N/A
CCCR,$0.8,1440080144178,500,67% bearish,of 3 ratings,N/A
JRJC,$4.33,1440080144286,"6,901",82% bullish,of 11 ratings,N/A
CHLN,$2.1501,1440080144314,"10,366",67% bullish,of 3 ratings,N/A
CHOP,NULL,1440080144340,0,50% bullish,of 2 ratings,N/A
HGSH,NULL,1440080144366,0,67% bullish,of 3 ratings,N/A
CJJD,$2,1440080144498,"3,708",100% bullish,of 1 rating,N/A
CNIT,$1.62,1440080144523,"21,272",67% bullish,of 6 ratings,N/A
HTHT,$25.89,1440080144653,"4,778",50% bullish,of 2 ratings,$28
CHNR,NULL,1440080144712,0,100% bearish,of 1 rating,N/A
CPGI,$6.7065,1440080144749,140,Not yet rated,NULL,N/A
CREG,$0.795,1440080144848,"1,300",100% bullish,of 3 ratings,N/A
CXDC,$6.24,1440080144877,"5,902",67% bullish,of 3 ratings,N/A
CNTF,$0.9487,1440080144906,"6,500",Not yet rated,NULL,N/A
CSUN,$1.45,1440080144928,"5,600",80% bullish,of 5 ratings,N/A
CCIH,$9.156,1440080145155,"15,273",67% bullish,of 6 ratings,$12.65
CNET,$0.8475,1440080145181,"9,249",50% bullish,of 2 ratings,N/A
CNYD,NULL,1440080145241,0,67% bullish,of 3 ratings,N/A
IMOS,$15.43,1440080145375,"12,885",60% bullish,of 5 ratings,$21.50
CHSCM,$26.25,1440080145436,"2,542",Not yet rated,NULL,N/A
CHSCN,NULL,1440080145467,0,Not yet rated,NULL,N/A
CHSCL,$26.99,1440080145515,"1,883",Not yet rated,NULL,N/A
CHSCP,$30.32,1440080145661,414,Not yet rated,NULL,N/A
CHSCO,NULL,1440080145689,0,Not yet rated,NULL,N/A
CDTX,$13.955,1440080145860,857,Not yet rated,NULL,$22
CIFC,$7.09,1440080145889,260,Not yet rated,NULL,N/A
CHDN,$134.28,1440080145922,"20,969",Not yet rated,NULL,$165
CHUY,$32.22,1440080146016,"18,113",50% bullish,of 2 ratings,$34
CMCT,NULL,1440080146053,0,100% bearish,of 1 rating,N/A
CINF,$55.86,1440080146111,"23,810",50% bullish,of 4 ratings,$50.50
CMPR,$70.1,1440080146137,"28,821",50% bullish,of 2 ratings,$72.50
CPHR,$6.48,1440080146325,"1,600",100% bearish,of 1 rating,$16
CTAS,$87.14,1440080146405,"31,398",100% bearish,of 1 rating,$91
CIDM,$0.65,1440080146434,100,50% bullish,of 2 ratings,$2.10
CSCO,$27.31,1440080146566,"3,160,054",84% bullish,of 208 ratings,$32
CTRN,$27.91,1440080146594,"41,933",100% bearish,of 1 rating,$30.50
CZNC,$20,1440080146621,"4,752",Not yet rated,NULL,N/A
CRUS,$28.75,1440080146642,"145,075",75% bullish,of 12 ratings,$44.50
CZFC,NULL,1440080146827,0,Not yet rated,NULL,N/A
CIZN,NULL,1440080146983,0,Not yet rated,NULL,N/A
CTXS,$76.43,1440080147016,"85,404",86% bullish,of 7 ratings,$80
CIVB,$10.32,1440080147047,200,Not yet rated,NULL,$11
CHCO,$47.34,1440080147069,"4,985",Not yet rated,NULL,$46
CIVBP,NULL,1440080147111,0,Not yet rated,NULL,N/A
CZWI,NULL,1440080147144,0,Not yet rated,NULL,N/A
CLNE,$4.17,1440080147367,"142,089",80% bullish,of 15 ratings,$9
CDTI,$1.66,1440080147393,"8,930",75% bullish,of 4 ratings,$3.20
CLFD,$17.67,1440080147544,"17,589",67% bullish,of 3 ratings,$18
CLRO,NULL,1440080147570,0,50% bullish,of 2 ratings,$14.25
CLIR,$5.3,1440080147630,"6,524",100% bullish,of 3 ratings,N/A
CLNT,$1.9875,1440080147702,"3,854",75% bullish,of 8 ratings,N/A
CSBK,$13.81,1440080147731,"5,812",Not yet rated,NULL,N/A
CBLI,$4.0299,1440080147769,"3,596",60% bullish,of 5 ratings,N/A
CLVS,$74.9599,1440080147835,"25,312",60% bullish,of 5 ratings,$101.50
CME,$95.79,1440080147969,"122,172",67% bullish,of 3 ratings,$102
CMFN,$11.77,1440080148002,"4,344",100% bearish,of 1 rating,$15.50
CISG,$8.39,1440080148075,"26,685",100% bullish,of 5 ratings,$10
CCNE,$17.26,1440080148104,664,50% bullish,of 2 ratings,$21.50
CNV,$4.63,1440080148236,"13,811",50% bullish,of 2 ratings,$7.15
CWAY,$11.4,1440080148315,"1,400",Not yet rated,NULL,N/A
COBZ,$12.97,1440080148447,"26,422",100% bullish,of 1 rating,$14
CDRB,$12.06,1440080148480,"1,396",67% bullish,of 3 ratings,N/A
COKE,$159,1440080148588,"3,508",79% bullish,of 19 ratings,N/A
CDXS,$3.98,1440080148611,"7,432",64% bullish,of 11 ratings,$6
CVLY,NULL,1440080148645,0,Not yet rated,NULL,N/A
JVA,$4.8,1440080148697,"1,146",83% bullish,of 6 ratings,$7
CCOI,$28.6499,1440080148746,"15,604",50% bullish,of 4 ratings,$35
CGNT,$1.62,1440080148878,"2,752",100% bullish,of 2 ratings,$2
CGNX,$36.49,1440080148907,"33,404",50% bullish,of 2 ratings,$47
CHRS,$29.38,1440080149047,"18,653",67% bearish,of 3 ratings,$37
COHR,$56.87,1440080149072,"10,666",50% bullish,of 2 ratings,$72
CTSH,$65.75,1440080149101,"432,110",90% bullish,of 10 ratings,$74.50
COHU,$9.63,1440080149273,"5,233",100% bearish,of 1 rating,$14.25
CLRX,$0.5098,1440080149334,"10,695",50% bullish,of 2 ratings,N/A
CLCT,$19.04,1440080149406,"1,378",100% bearish,of 1 rating,N/A
CBAN,NULL,1440080149484,0,Not yet rated,NULL,N/A
CIGI,$45.66,1440080149538,400,100% bearish,of 1 rating,$52
COLB,$32.236,1440080149566,"14,634",Not yet rated,NULL,$36
COLL,$14.05,1440080149595,"5,866",100% bearish,of 1 rating,$26
CLCD,$7.61,1440080149729,"5,060",100% bearish,of 1 rating,$20.50
CMCO,$20.07,1440080149805,"121,393",60% bullish,of 5 ratings,$28
COLM,$64.46,1440080149863,"7,398",100% bearish,of 1 rating,$71
CBMX,$1.16,1440080149940,"2,600",83% bullish,of 6 ratings,$3.15
CMCSA,$58.78,1440080150029,"1,725,898",66% bullish,of 35 ratings,$69.50
CMCSK,$59.22,1440080150055,"500,505",Not yet rated,NULL,$84
CBSH,$46.19,1440080150256,"33,082",50% bullish,of 2 ratings,$46
CBSHP,$25.13,1440080150316,800,100% bearish,of 1 rating,N/A
CUBN,NULL,1440080150356,0,Not yet rated,NULL,N/A
CSAL,$22.39,1440080150389,"54,103",75% bullish,of 4 ratings,$30
CVGI,$4.625,1440080150484,"7,634",50% bullish,of 2 ratings,$6
ESXB,$5.1,1440080150552,"3,000",Not yet rated,NULL,N/A
COMM,$31.1,1440080150577,"52,149",67% bearish,of 3 ratings,$35
JCS,$9.28,1440080150630,"1,600",67% bullish,of 3 ratings,N/A
CTBI,$34.9482,1440080150787,851,Not yet rated,NULL,$36
CYHHZ,$0.012,1440080150945,450,100% bullish,of 1 rating,N/A
COB,$10.52,1440080150981,600,100% bullish,of 1 rating,$11.75
CWBC,NULL,1440080151007,0,Not yet rated,NULL,N/A
CVLT,$36.83,1440080151033,"12,725",75% bullish,of 4 ratings,$44.50
CIZ,$34.33,1440080151078,290,100% bearish,of 1 rating,N/A
CIL,NULL,1440080151207,0,Not yet rated,NULL,N/A
CID,NULL,1440080151338,0,Not yet rated,NULL,N/A
CSA,NULL,1440080151401,0,Not yet rated,NULL,N/A
CDC,$36.137,1440080151432,442,Not yet rated,NULL,N/A
CFA,$37.15,1440080151536,200,100% bearish,of 1 rating,N/A
CSF,$38.02,1440080151564,175,100% bearish,of 1 rating,N/A
CFO,$37.0271,1440080151601,"1,280",100% bearish,of 1 rating,N/A
CDL,NULL,1440080151822,0,Not yet rated,NULL,N/A
CGEN,$5.5,1440080151930,"12,688",50% bullish,of 2 ratings,$11
CPSI,$45.26,1440080151967,"3,332",100% bearish,of 1 rating,$45.50
CTG,$6.58,1440080151994,"2,035",100% bearish,of 1 rating,$8.50
CHCI,NULL,1440080152015,0,50% bullish,of 2 ratings,N/A
SCOR,$62.23,1440080152050,"47,298",100% bearish,of 1 rating,$66
CSB,NULL,1440080152076,0,Not yet rated,NULL,N/A
CMTL,$26.93,1440080152290,"1,731",100% bearish,of 2 ratings,$37
CNSI,$19.1,1440080152318,"5,548",100% bearish,of 2 ratings,$29
CNAT,$4.36,1440080152453,"5,046",83% bullish,of 6 ratings,$13
CNCE,$15.7,1440080152479,"38,237",75% bullish,of 4 ratings,$22
CCUR,$5.1913,1440080152506,"2,348",75% bullish,of 4 ratings,N/A
CXRX,$77.334,1440080152528,721,Not yet rated,NULL,$90
CDOR,$1.45,1440080152755,"2,612",100% bullish,of 1 rating,N/A
CDORP,NULL,1440080152807,0,100% bearish,of 1 rating,N/A
CDORO,NULL,1440080152840,0,100% bearish,of 1 rating,N/A
CTWS,$34.95,1440080152890,"1,584",100% bearish,of 1 rating,$44
CNFR,$10.25,1440080152922,"5,460",Not yet rated,NULL,N/A
CNMD,$55.92,1440080152953,"2,652",Not yet rated,NULL,$59
CNXR,$6.23,1440080152978,"3,050",100% bearish,of 1 rating,$12
CFMS,$22.02,1440080153008,"13,639",Not yet rated,NULL,$27
CNOB,$19.88,1440080153270,"1,600",100% bullish,of 1 rating,$23.50
CONN,$32.25,1440080153314,"22,284",67% bullish,of 3 ratings,$48.50
CWCO,$11.57,1440080153462,"11,370",67% bullish,of 3 ratings,$14.50
CNSL,$20.0362,1440080153493,"17,421",100% bearish,of 1 rating,$23
CTCT,$24.19,1440080153595,"20,561",67% bullish,of 3 ratings,$37
CFRXW,NULL,1440080153620,0,100% bearish,of 1 rating,N/A
CFRX,$5.02,1440080153650,"2,075",Not yet rated,NULL,$14
CFRXZ,NULL,1440080153676,0,Not yet rated,NULL,N/A
CPSS,$5.54,1440080153749,"1,261",100% bullish,of 1 rating,$10
CTRV,$4.22,1440080153833,"4,264",Not yet rated,NULL,$6.40
CPRT,$35.67,1440080153936,"26,715",67% bearish,of 3 ratings,$40
CORT,$4.98,1440080154013,"50,367",67% bullish,of 3 ratings,$12
CRBP,$2.2799,1440080154067,"555,215",100% bullish,of 2 ratings,$6.25
CORE,$62.89,1440080154121,"5,324",100% bearish,of 1 rating,$72
BVA,NULL,1440080154143,0,50% bullish,of 2 ratings,N/A
CTRL,$7.94,1440080154168,"22,794",50% bullish,of 2 ratings,$11
CSOD,$38.08,1440080154544,"46,503",50% bullish,of 2 ratings,$42
CRVL,$32.31,1440080154578,"2,083",100% bearish,of 1 rating,N/A
COSI,$1.145,1440080154601,"46,719",100% bullish,of 1 rating,N/A
CSGP,$190.06,1440080154638,"2,332",50% bullish,of 2 ratings,$235
CORI,$11.01,1440080154669,"4,021",100% bearish,of 1 rating,$18
CPAH,NULL,1440080154698,0,50% bullish,of 2 ratings,N/A
COST,$144.25,1440080154727,"157,233",83% bullish,of 24 ratings,$154.50
ICBK,NULL,1440080154753,0,Not yet rated,NULL,$21
COVS,$2.72,1440080155012,"4,238",67% bullish,of 3 ratings,N/A
COWN,$5.3,1440080155039,"56,162",75% bullish,of 4 ratings,$7
COWNL,$27.02,1440080155070,300,Not yet rated,NULL,N/A
CPSH,$2.4,1440080155173,"2,700",Not yet rated,NULL,N/A
CRAI,$22.67,1440080155215,"1,912",Not yet rated,NULL,$36
CVTI,$24.5751,1440080155245,"9,565",67% bearish,of 3 ratings,$39
CBRL,$149.02,1440080155313,"24,295",50% bullish,of 2 ratings,$155
BREW,$7.8095,1440080155418,"5,502",67% bullish,of 6 ratings,$15
CRAY,$21.82,1440080155550,"13,477",83% bullish,of 6 ratings,$38.50
CACC,$191.75,1440080155578,"8,400",50% bullish,of 2 ratings,$158.50
GLDI,$11.03,1440080155626,28,100% bearish,of 1 rating,N/A
SLVO,$10.501,1440080155652,"4,017",100% bearish,of 1 rating,N/A
CREE,$26.7,1440080155788,"89,849",65% bullish,of 17 ratings,$28.50
CRESY,$10.9301,1440080155874,"63,555",100% bearish,of 1 rating,$19
CROX,$14.63,1440080155932,"71,826",63% bullish,of 8 ratings,$16.50
CRTO,$47.05,1440080156007,"40,244",67% bullish,of 6 ratings,$64
CCRN,$15.13,1440080156135,"51,075",100% bearish,of 1 rating,$14.25
CRWS,$8.05,1440080156234,100,Not yet rated,NULL,$10
CRDS,$1.07,1440080156305,"2,600",50% bullish,of 4 ratings,$4.50
CRWN,$4.65,1440080156367,"22,433",75% bullish,of 4 ratings,N/A
CYRX,$3.13,1440080156393,"4,970",Not yet rated,NULL,$9
CYRXW,$1,1440080156448,"6,000",Not yet rated,NULL,N/A
CSGS,$31.69,1440080156522,"15,473",Not yet rated,NULL,$40
CSPI,$6.3299,1440080156582,100,67% bullish,of 3 ratings,N/A
CTIC,$1.68,1440080156778,"467,125",84% bullish,of 76 ratings,$5.75
CCLP,$14.81,1440080156849,"7,480",67% bearish,of 3 ratings,$21
CTIB,$3.54,1440080156911,"2,475",100% bearish,of 1 rating,N/A
CTCM,$1.72,1440080156937,"28,642",80% bearish,of 5 ratings,$3.90
CUNB,$21.901,1440080157001,"2,308",Not yet rated,NULL,$24.50
CTRP,$65.29,1440080157074,"520,432",75% bullish,of 8 ratings,$92
CUI,$5.4,1440080157147,"10,435",50% bullish,of 2 ratings,$10
CPIX,$5.85,1440080157217,"1,400",Not yet rated,NULL,N/A
CMLS,$1.2551,1440080157279,"63,839",50% bullish,of 4 ratings,$6
CVBF,$16.89,1440080157386,"24,674",Not yet rated,NULL,$18
CRIS,$2.62,1440080157419,"16,143",100% bullish,of 8 ratings,$6
CUTR,$14.73,1440080157448,"2,268",67% bearish,of 3 ratings,$18
CVV,$12,1440080157533,"3,600",100% bullish,of 5 ratings,N/A
CYBR,$59.336,1440080157641,"323,850",86% bullish,of 7 ratings,$66
CYAN,$7.63,1440080157721,102,100% bearish,of 1 rating,N/A
CYBX,$65.3,1440080157798,"187,322",50% bullish,of 4 ratings,$70
CYCC,$0.601,1440080157864,"15,778",73% bullish,of 11 ratings,N/A
CYBE,$5.88,1440080157894,"3,275",100% bearish,of 1 rating,N/A
CBAY,$2.78,1440080157965,"6,516",100% bullish,of 1 rating,$4
CYCCP,NULL,1440080157991,0,100% bearish,of 1 rating,N/A
CYNA,$16.12,1440080158021,"3,468",100% bullish,of 1 rating,$31.50
CYRN,$1.74,1440080158195,"16,691",67% bullish,of 3 ratings,$4
CONE,$33.5,1440080158236,"65,539",67% bearish,of 3 ratings,$35
CYNO,$33.49,1440080158273,"26,566",67% bearish,of 3 ratings,$45.50
CY,$9.7201,1440080158368,"974,342",80% bullish,of 10 ratings,$15.50
CYTX,$0.4026,1440080158416,"180,350",83% bullish,of 12 ratings,$5.50
CTSO,$7.3,1440080158455,"13,325",Not yet rated,NULL,$15.625
CYTK,$6.51,1440080158483,"9,396",71% bullish,of 14 ratings,$13.50
CYTR,$2.2701,1440080158676,"50,653",67% bullish,of 6 ratings,$10
DAEG,NULL,1440080158730,0,100% bearish,of 1 rating,N/A
TVIX,$6.4301,1440080158779,"2,667,117",81% bullish,of 16 ratings,N/A
TVIZ,$13.6,1440080158810,200,100% bearish,of 1 rating,N/A
XIV,$44.54,1440080158871,"3,106,850",75% bearish,of 4 ratings,N/A
ZIV,$48.22,1440080158916,"26,641",Not yet rated,NULL,N/A
DJCO,$205.8,1440080159004,200,Not yet rated,NULL,N/A
DARA,$0.89,1440080159078,"12,222",83% bullish,of 6 ratings,$1.50
DTLK,$5.398,1440080159310,"24,833",100% bearish,of 1 rating,$9
DRAM,NULL,1440080159340,0,78% bullish,of 9 ratings,N/A
DAIO,$2.65,1440080159373,"2,500",Not yet rated,NULL,N/A
DAKT,$11.71,1440080159417,"10,768",50% bullish,of 2 ratings,$14
PLAY,$35.06,1440080159473,"43,306",100% bullish,of 5 ratings,$42
DWCH,$5.41,1440080159507,"9,061",75% bullish,of 4 ratings,$8.25
DTEA,$12.1592,1440080159608,"2,374",100% bearish,of 2 ratings,$24
DWSN,$4.505,1440080159634,"2,892",67% bullish,of 3 ratings,$6
DHRM,$1.84,1440080159799,100,Not yet rated,NULL,N/A
DBVT,$42.06,1440080159858,"5,558",100% bearish,of 1 rating,$53
DFRG,$14.98,1440080159931,"4,478",100% bearish,of 1 rating,$20
TRAK,$63,1440080159989,"249,734",50% bullish,of 2 ratings,$62.50
TACO,$13.24,1440080160015,"13,358",100% bullish,of 3 ratings,$20
TACOW,$4.48,1440080160157,200,100% bullish,of 1 rating,N/A
DCTH,$0.4751,1440080160185,"23,299",78% bullish,of 9 ratings,N/A
DGAS,$20.23,1440080160315,"6,958",67% bearish,of 3 ratings,N/A
DELT,$2.7563,1440080160368,"2,893",Not yet rated,NULL,N/A
DELTW,NULL,1440080160398,0,Not yet rated,NULL,N/A
DENN,$12.21,1440080160473,"31,744",100% bullish,of 3 ratings,$15
XRAY,$56.05,1440080160499,"24,926",100% bullish,of 1 rating,$58
DSCI,$6.42,1440080160733,"2,646",50% bullish,of 2 ratings,$16
DERM,$24,1440080160770,"14,258",100% bearish,of 1 rating,$33.50
DEPO,$30.96,1440080160872,"60,153",80% bullish,of 5 ratings,$29
DEST,$11.64,1440080160900,"4,148",50% bullish,of 2 ratings,N/A
DSWL,NULL,1440080160926,0,100% bullish,of 1 rating,N/A
DXLG,$4.7,1440080160982,"2,492",100% bearish,of 1 rating,$8
DHXM,NULL,1440080161165,0,Not yet rated,NULL,N/A
DXCM,$92.77,1440080161249,"70,629",57% bullish,of 7 ratings,$98
DHIL,$191.58,1440080161318,116,Not yet rated,NULL,N/A
DMND,$31.23,1440080161350,"69,580",75% bullish,of 12 ratings,$32
DCIX,$1.8249,1440080161372,"5,871",50% bullish,of 4 ratings,$3.50
FANG,$70.4,1440080161412,"87,642",50% bullish,of 2 ratings,$86
DRNA,$10.34,1440080161449,"13,542",67% bearish,of 3 ratings,$25
DGII,$10.14,1440080161593,"4,100",100% bearish,of 1 rating,$10
DXM,$0.31,1440080161750,"6,801",50% bullish,of 2 ratings,N/A
DMRC,$35.54,1440080161782,"3,910",100% bearish,of 1 rating,$44
DRAD,$3.98,1440080161883,70,100% bullish,of 1 rating,$5.25
DGLY,$7.2403,1440080161909,"22,919",50% bullish,of 6 ratings,$20
APPS,$2.35,1440080161946,"2,124",100% bearish,of 1 rating,$10.25
DCOM,$16.99,1440080162078,"5,346",100% bearish,of 2 ratings,$16.50
DPRX,$11.88,1440080162104,"58,995",100% bullish,of 2 ratings,$27.75
DIOD,$19.495,1440080162139,"5,642",75% bearish,of 4 ratings,$24
DISCA,$28.23,1440080162340,"247,626",67% bullish,of 3 ratings,$34
DSCO,$0.445,1440080162371,"26,301",83% bullish,of 6 ratings,$2.75
DISCB,$30.53,1440080162474,50,100% bearish,of 1 rating,$35
DISCK,$27.15,1440080162505,"308,648",100% bearish,of 1 rating,$32
DVCR,$11.25,1440080162539,"6,349",100% bullish,of 1 rating,N/A
DISH,$64.3,1440080162633,"93,986",69% bullish,of 13 ratings,$73
BAGR,$3,1440080162660,904,100% bearish,of 1 rating,$6
DLHC,$2.65,1440080162796,904,100% bearish,of 1 rating,N/A
DNBF,$26.579,1440080162903,236,Not yet rated,NULL,$27.50
DGICA,$14.35,1440080162929,"2,590",100% bearish,of 1 rating,$17
DLTR,$80.6,1440080162990,"238,162",82% bullish,of 11 ratings,$88
DGICB,NULL,1440080163072,0,100% bearish,of 1 rating,N/A
DMLP,$13.9,1440080163123,"7,035",100% bearish,of 1 rating,N/A
HILL,$9.67,1440080163151,"1,672,887",60% bearish,of 5 ratings,$9
DORM,$50.62,1440080163217,"7,902",100% bearish,of 1 rating,$56
DRWI,$0.253,1440080163245,"106,759",60% bullish,of 5 ratings,$.45
DRWIW,$0.068,1440080163482,200,Not yet rated,NULL,N/A
DWA,$18.6801,1440080163614,"41,998",63% bullish,of 8 ratings,$26
DSKX,$3.2158,1440080163643,"65,440",100% bullish,of 1 rating,N/A
DSPG,$8.7,1440080163671,"5,095",100% bearish,of 1 rating,$13.50
DRYS,$0.3529,1440080163701,"289,714",77% bullish,of 31 ratings,$.60
CADT,NULL,1440080163805,0,Not yet rated,NULL,N/A
CADTU,NULL,1440080163858,0,Not yet rated,NULL,N/A
CADTR,NULL,1440080163937,0,Not yet rated,NULL,N/A
CADTW,NULL,1440080163968,0,Not yet rated,NULL,N/A
DTSI,$27.12,1440080164067,"6,297",100% bearish,of 2 ratings,$39.50
DNKN,$50.42,1440080164135,"253,950",67% bullish,of 15 ratings,$56.50
DXPE,$28.49,1440080164238,"10,864",50% bullish,of 2 ratings,N/A
DYAX,$22.76,1440080164277,"18,942",89% bullish,of 9 ratings,$30
DRRX,$2,1440080164304,"22,098",50% bullish,of 6 ratings,$3
BOOM,$10.26,1440080164370,"9,432",67% bullish,of 3 ratings,$12
DYSL,$1.9065,1440080164537,"238,015",100% bullish,of 2 ratings,N/A
DYNT,$2.99,1440080164682,39,75% bullish,of 4 ratings,N/A
DVAX,$28.48,1440080164710,"33,966",70% bullish,of 10 ratings,$40
ETFC,$26.84,1440080164769,"278,118",57% bullish,of 14 ratings,$33
EROC,$1.1901,1440080164841,"68,892",50% bullish,of 2 ratings,$3
EGLE,$6.68,1440080164870,"4,200",60% bullish,of 5 ratings,N/A
EBMT,$11.45,1440080164901,600,Not yet rated,NULL,$13.50
EGBN,$43.61,1440080164943,"9,691",Not yet rated,NULL,$48
EGRX,$67.71,1440080165151,"48,476",67% bullish,of 3 ratings,$97
ELNK,$8.945,1440080165177,"55,975",60% bullish,of 5 ratings,$9.50
EACQU,$10.09,1440080165307,144,Not yet rated,NULL,N/A
EWBC,$43.36,1440080165374,"122,040",100% bearish,of 1 rating,$50
EBAY,$27.05,1440080165509,"1,032,901",81% bullish,of 117 ratings,$48
EBIX,$29.52,1440080165572,"19,570",69% bullish,of 13 ratings,$40
EML,$16.965,1440080165636,"2,300",Not yet rated,NULL,N/A
EVBS,NULL,1440080165702,0,Not yet rated,NULL,$7
ELON,$0.6,1440080165730,"2,748",50% bullish,of 2 ratings,N/A
ECTE,NULL,1440080165762,0,75% bullish,of 4 ratings,N/A
ECHO,$25.73,1440080165789,"10,309",67% bearish,of 3 ratings,$35.50
SATS,$45.67,1440080165922,"17,703",50% bullish,of 2 ratings,$60
ECACU,$10.05,1440080166054,"13,200",Not yet rated,NULL,N/A
ESES,$3.45,1440080166121,49,100% bearish,of 1 rating,$7
EEI,$11.29,1440080166187,800,67% bearish,of 3 ratings,N/A
EDAP,$3.5,1440080166292,"11,988",60% bullish,of 5 ratings,$4.50
EDGW,$7.15,1440080166383,"11,300",100% bearish,of 1 rating,N/A
EDUC,$4.67,1440080166447,"5,866",100% bearish,of 1 rating,N/A
EGLT,$11.46,1440080166479,"17,291",50% bullish,of 2 ratings,$21
EFUT,NULL,1440080166509,0,Not yet rated,NULL,N/A
EGAN,$3.57,1440080166536,200,50% bullish,of 2 ratings,$6.25
EHTH,$14.3,1440080166676,"12,862",50% bullish,of 4 ratings,$16.50
ESLT,$80.65,1440080166804,"1,957",100% bullish,of 2 ratings,N/A
LOCO,$12.5861,1440080166830,"496,461",69% bullish,of 13 ratings,$20
EMITF,$1.2549,1440080166860,"2,154",75% bullish,of 4 ratings,N/A
ERI,$9.56,1440080166888,"4,641",100% bearish,of 1 rating,$10
ELRC,$10.25,1440080167022,"3,460",100% bearish,of 1 rating,N/A
ESIO,$4.485,1440080167070,"19,429",50% bullish,of 2 ratings,$10
EA,$69.02,1440080167219,"510,488",77% bullish,of 35 ratings,$80
ELSE,$4.09,1440080167273,1,60% bullish,of 5 ratings,N/A
ELECW,NULL,1440080167372,0,Not yet rated,NULL,N/A
ELEC,NULL,1440080167398,0,Not yet rated,NULL,N/A
ELECU,NULL,1440080167476,0,Not yet rated,NULL,N/A
EFII,$44.52,1440080167534,"11,770",80% bullish,of 5 ratings,$55
RDEN,$10.67,1440080167559,"10,526",100% bearish,of 4 ratings,$15
EBIO,$3.3501,1440080167612,"146,130",100% bearish,of 2 ratings,$8.35
CAPX,NULL,1440080167747,0,Not yet rated,NULL,N/A
ESBK,NULL,1440080167777,0,Not yet rated,NULL,N/A
LONG,$17.05,1440080167880,"9,574",67% bullish,of 3 ratings,$15.75
EMCI,$23.61,1440080168064,300,Not yet rated,NULL,N/A
ELTK,$1.1399,1440080168122,"4,133",67% bearish,of 3 ratings,N/A
EMCF,NULL,1440080168162,0,100% bearish,of 1 rating,N/A
EMMS,$1.33,1440080168192,"3,950",67% bullish,of 6 ratings,N/A
EMKR,$7.12,1440080168321,"5,891",75% bullish,of 4 ratings,$8.50
EMMSP,NULL,1440080168358,0,100% bearish,of 1 rating,N/A
NYNY,$4.0299,1440080168465,"6,770",50% bullish,of 2 ratings,N/A
ERS,$2.82,1440080168491,"1,285",Not yet rated,NULL,N/A
ENTA,$40.03,1440080168642,"6,199",50% bullish,of 2 ratings,$42
ECPG,$38.93,1440080168672,"11,423",100% bullish,of 2 ratings,$52
WIRE,$32.91,1440080168809,"2,832",100% bearish,of 1 rating,$37
ENDP,$82.7975,1440080168840,"68,580",50% bullish,of 6 ratings,$104
EIGI,$15.63,1440080168943,"40,843",67% bearish,of 3 ratings,$20
ECYT,$5.16,1440080168968,"26,565",83% bullish,of 6 ratings,$12
ELGX,$13.05,1440080169026,"31,442",75% bullish,of 4 ratings,$17
WATT,$6.82,1440080169121,"13,481",50% bullish,of 2 ratings,$13
EFOI,$16.7,1440080169152,"118,935",50% bullish,of 2 ratings,$20.50
ENOC,$8.12,1440080169317,"29,090",75% bullish,of 4 ratings,$18
ERII,$2.8649,1440080169424,"3,600",80% bullish,of 5 ratings,$2.50
ENPH,$4.7751,1440080169453,"58,693",75% bullish,of 4 ratings,$11
ENG,$1,1440080169475,"10,900",100% bullish,of 3 ratings,N/A
EXXI,$1.61,1440080169533,"183,048",86% bullish,of 7 ratings,$3.50
ENFC,NULL,1440080169638,0,Not yet rated,NULL,N/A
ESGR,$151.01,1440080169701,"2,161",100% bearish,of 1 rating,$185
ENTG,$14.1,1440080169729,"17,689",100% bearish,of 1 rating,$18
ETRM,$0.2458,1440080169915,"72,829",69% bearish,of 35 ratings,$1.625
EFSC,$24.54,1440080169965,"4,200",Not yet rated,NULL,$27
ENTL,$21.845,1440080169998,"1,600",Not yet rated,NULL,$28
EBTC,$20.62,1440080170044,640,Not yet rated,NULL,N/A
EGT,NULL,1440080170096,0,100% bullish,of 1 rating,N/A
ENVI,$1.7694,1440080170226,614,67% bullish,of 3 ratings,N/A
ENZY,$9.06,1440080170359,"2,076",67% bullish,of 3 ratings,$9.50
ENZN,$1.0799,1440080170387,"122,237",100% bullish,of 9 ratings,N/A
EPIQ,$13.96,1440080170413,"15,829",100% bearish,of 1 rating,$18
EPRS,$4.91,1440080170559,"18,180",82% bullish,of 11 ratings,$15
EPZM,$16.87,1440080170588,"17,419",60% bullish,of 5 ratings,$34
PLUS,$79.41,1440080170620,"29,620",50% bullish,of 2 ratings,$88
EQIX,$281.96,1440080170720,"23,918",67% bullish,of 3 ratings,$312.50
EAC,$3.67,1440080170854,700,100% bearish,of 1 rating,$8
ERIC,$10,1440080170883,"176,400",63% bullish,of 8 ratings,$13.30
EQFN,NULL,1440080170908,0,Not yet rated,NULL,N/A
ERIE,$86.58,1440080170940,"1,400",Not yet rated,NULL,$73
ESCA,$18.29,1440080171074,"2,004",100% bearish,of 1 rating,$22
ESCR,$0.2189,1440080171141,"6,700",50% bullish,of 2 ratings,N/A
ESMC,$1.3,1440080171273,1,Not yet rated,NULL,N/A
ESCRP,NULL,1440080171340,0,100% bearish,of 1 rating,N/A
EPIX,NULL,1440080171371,0,Not yet rated,NULL,N/A
ESSA,$12.98,1440080171419,"1,195",100% bearish,of 1 rating,N/A
ESPR,$55.645,1440080171444,"236,581",67% bearish,of 9 ratings,$123
ESND,$35.94,1440080171500,"4,798",50% bullish,of 2 ratings,$40
ETSY,$14.25,1440080171680,"144,352",80% bullish,of 5 ratings,$16
EEFT,$68.08,1440080171743,"12,152",100% bearish,of 1 rating,$67.50
ESSX,$0.4985,1440080171765,"14,400",50% bullish,of 2 ratings,N/A
EVEP,$8.2094,1440080171838,"76,832",50% bullish,of 2 ratings,$15
EVK,$3.9,1440080171895,112,75% bearish,of 4 ratings,N/A
CLWT,NULL,1440080171945,0,100% bearish,of 1 rating,N/A
ESEA,$6.13,1440080171990,300,100% bullish,of 1 rating,$15
EVLV,$2.24,1440080172125,"13,921",60% bullish,of 5 ratings,$6.50
EVOK,$4.3152,1440080172231,"94,200",100% bearish,of 1 rating,$13.75
EXA,$10.625,1440080172388,"1,622",100% bearish,of 1 rating,$13
EVOL,$6.2,1440080172416,"2,887",75% bullish,of 4 ratings,$10
EXEL,$5.58,1440080172459,"372,685",81% bullish,of 16 ratings,$6
EXAS,$22.24,1440080172552,"70,630",78% bullish,of 9 ratings,$31
EXAC,$18.36,1440080172578,"1,773",100% bearish,of 1 rating,$22.50
EXFO,$2.76,1440080172630,100,67% bearish,of 3 ratings,$3.95
EXLS,$36.57,1440080172715,"13,613",100% bullish,of 1 rating,$41
EXPE,$121.04,1440080172849,"98,321",64% bullish,of 11 ratings,$130
EXPD,$49.904,1440080172877,"256,945",80% bullish,of 5 ratings,$50.50
ESRX,$89.16,1440080173011,"427,221",67% bearish,of 6 ratings,$101
EXLP,$20.0185,1440080173038,"9,614",100% bearish,of 1 rating,$27
EXPO,$42.93,1440080173068,"2,540",100% bearish,of 1 rating,$45.50
EXTR,$2.98,1440080173239,"85,716",80% bullish,of 5 ratings,$3
EYEG,$4.1608,1440080173267,"5,026",Not yet rated,NULL,N/A
EYEGW,NULL,1440080173296,0,Not yet rated,NULL,N/A
EZCH,$21.47,1440080173428,"15,197",75% bullish,of 8 ratings,$19.50
EZPW,$6.07,1440080173501,"17,464",50% bullish,of 4 ratings,$7.50
FFIV,$129.409,1440080173592,"61,656",71% bullish,of 7 ratings,$132
FB,$93.31,1440080173620,"4,671,635",73% bullish,of 1065 ratings,$111
FCS,$13.755,1440080173671,"51,403",67% bearish,of 3 ratings,$17
FRP,$17.17,1440080173697,"2,750",100% bearish,of 1 rating,$18
FALC,$1.61,1440080173855,"3,882",63% bearish,of 8 ratings,N/A
DAVE,$13.85,1440080173959,"4,187",100% bearish,of 1 rating,$15.50
FWM,$2.246,1440080174009,"15,148",100% bearish,of 2 ratings,$3.20
FARM,$22.39,1440080174035,"2,814",100% bearish,of 1 rating,$35
FMNB,$8.07,1440080174175,346,Not yet rated,NULL,N/A
FARO,$39.49,1440080174249,"3,670",50% bullish,of 2 ratings,$48
FFKT,$26.92,1440080174355,878,Not yet rated,NULL,$29
FATE,$6.5186,1440080174392,"23,121",50% bullish,of 2 ratings,$11
FAST,$40.05,1440080174421,"120,986",80% bullish,of 5 ratings,$46
FBRC,$22.29,1440080174487,"1,116",100% bearish,of 1 rating,$29
FBSS,NULL,1440080174512,0,Not yet rated,NULL,N/A
FNHC,$22.952,1440080174679,"9,716",100% bearish,of 1 rating,$35
FDML,$9.3,1440080174708,"29,131",50% bullish,of 4 ratings,$14
FEIC,$80.46,1440080174740,"25,268",50% bullish,of 2 ratings,$95.50
FHCO,$1.401,1440080174838,"7,900",50% bullish,of 4 ratings,N/A
FENX,$9.75,1440080174942,"2,555",100% bullish,of 1 rating,$14.25
FCSC,$5.8827,1440080175020,"23,727",100% bearish,of 1 rating,$8.125
ONEQ,$194.5043,1440080175162,"4,284",100% bullish,of 1 rating,N/A
LION,$19.47,1440080175244,"9,156",100% bullish,of 1 rating,$20
FGEN,$25.12,1440080175275,"19,278",100% bearish,of 1 rating,$39
FDUS,$14.9525,1440080175297,"3,918",100% bullish,of 1 rating,$18
FRGI,$53.471,1440080175385,"17,703",50% bullish,of 2 ratings,$70
FSAM,$8.82,1440080175429,732,100% bearish,of 1 rating,$11
FSC,$6.54,1440080175518,"159,746",75% bullish,of 4 ratings,$8
FSCFL,$24.83,1440080175653,"2,275",Not yet rated,NULL,N/A
FSFR,$9.1,1440080175749,"8,440",100% bearish,of 1 rating,$11.50
FITB,$20.55,1440080175812,"550,651",54% bullish,of 13 ratings,$22
FNGN,$35.215,1440080175879,"33,066",67% bullish,of 3 ratings,$47
FITBI,$27.84,1440080175905,992,Not yet rated,NULL,N/A
FISI,$24.6,1440080176037,"20,410",100% bullish,of 2 ratings,$24.50
FNSR,$16.41,1440080176063,"146,264",71% bullish,of 7 ratings,$24.50
FNJN,$1.76,1440080176142,"3,350",100% bearish,of 1 rating,$5
FNTCW,NULL,1440080176293,0,Not yet rated,NULL,N/A
FEYE,$42.4453,1440080176321,"416,195",87% bullish,of 15 ratings,$55.50
FBNC,$17,1440080176355,"12,692",100% bullish,of 1 rating,$20
FNTCU,NULL,1440080176390,0,Not yet rated,NULL,N/A
FNTC,$9.82,1440080176459,100,Not yet rated,NULL,N/A
FRBA,NULL,1440080176485,0,Not yet rated,NULL,$8
FNLC,$18.8,1440080176538,910,100% bullish,of 1 rating,N/A
BUSE,$6.33,1440080176622,"12,626",Not yet rated,NULL,$6.875
FBIZ,$44.05,1440080176753,400,100% bearish,of 2 ratings,$52
FCVA,$4.78,1440080176912,600,Not yet rated,NULL,N/A
FCNCA,$243.46,1440080176974,224,Not yet rated,NULL,N/A
FCFS,$38.54,1440080177002,"7,274",100% bearish,of 2 ratings,$48
FCAP,NULL,1440080177031,0,Not yet rated,NULL,N/A
FCBC,$17.61,1440080177062,"1,092",Not yet rated,NULL,$18
FCLF,NULL,1440080177111,0,Not yet rated,NULL,N/A
FCCO,$11.9,1440080177133,836,Not yet rated,NULL,$13.25
FCFP,NULL,1440080177416,0,Not yet rated,NULL,N/A
FBNK,$16.44,1440080177492,280,100% bearish,of 1 rating,$17.50
FFNM,$6.42,1440080177517,100,Not yet rated,NULL,N/A
FDEF,$37.4575,1440080177543,"2,503",Not yet rated,NULL,$38
FFBC,$19.13,1440080177570,"10,824",67% bearish,of 3 ratings,$20.25
FFBCW,NULL,1440080177595,0,100% bearish,of 1 rating,N/A
FFIN,$31.41,1440080177738,"10,270",50% bullish,of 2 ratings,$31.75
THFF,$33.32,1440080177935,"2,116",Not yet rated,NULL,$35
FFNW,$12.52,1440080177971,"2,422",Not yet rated,NULL,$14
INBK,$32.56,1440080178064,"1,058",50% bullish,of 2 ratings,$37
FRME,$25.74,1440080178098,"15,038",Not yet rated,NULL,$26.50
FFWM,$21,1440080178130,500,Not yet rated,NULL,$24
FMBH,NULL,1440080178152,0,Not yet rated,NULL,N/A
FIBK,$27.19,1440080178189,"6,159",Not yet rated,NULL,$32
FMBI,$18.12,1440080178326,"45,833",Not yet rated,NULL,$20
FNBC,$34.78,1440080178365,"9,173",Not yet rated,NULL,$41.50
FNFG,$9.345,1440080178670,"354,363",80% bullish,of 5 ratings,$9
FSFG,$31.12,1440080178745,100,Not yet rated,NULL,N/A
FSBK,NULL,1440080178810,0,100% bullish,of 1 rating,N/A
FNWB,$12.1,1440080178831,"4,110",Not yet rated,NULL,N/A
FSGI,$2.5004,1440080178857,"1,207",Not yet rated,NULL,N/A
FSLR,$48.82,1440080178894,"180,661",74% bullish,of 39 ratings,$65
BICK,$20.17,1440080178915,100,100% bullish,of 1 rating,N/A
FBZ,NULL,1440080178944,0,Not yet rated,NULL,N/A
FTCS,$38.0584,1440080179113,"1,110",Not yet rated,NULL,N/A
FCAN,$24.94,1440080179203,400,Not yet rated,NULL,N/A
IFV,$18.2104,1440080179241,"115,762",100% bearish,of 1 rating,N/A
FV,$24.3253,1440080179273,"164,091",Not yet rated,NULL,N/A
FEMB,NULL,1440080179401,0,Not yet rated,NULL,N/A
FCA,$21.007,1440080179436,"3,600",Not yet rated,NULL,N/A
TDIV,$25.3,1440080179649,"22,728",100% bearish,of 1 rating,N/A
FTSM,$59.9201,1440080179717,"1,701",100% bearish,of 1 rating,N/A
FEUZ,NULL,1440080179748,0,Not yet rated,NULL,N/A
MDIV,$19.66,1440080179786,"28,553",Not yet rated,NULL,N/A
FGM,$36.17,1440080179880,"4,896",Not yet rated,NULL,N/A
FTHI,$20.35,1440080179907,"2,904",Not yet rated,NULL,N/A
FTGC,$22.57,1440080179935,"11,719",Not yet rated,NULL,N/A
HYLS,$49.7,1440080179964,"4,196",100% bearish,of 1 rating,N/A
FHK,$34.0778,1440080180107,"7,563",Not yet rated,NULL,N/A
FPXI,$28.06,1440080180139,100,Not yet rated,NULL,N/A
YDIV,$16.88,1440080180235,"1,400",Not yet rated,NULL,N/A
SKYY,$29.9601,1440080180420,"4,572",100% bullish,of 1 rating,N/A
CU,$12.89,1440080180474,"1,684",100% bearish,of 1 rating,N/A
PLTM,$6.53,1440080180519,"1,200",100% bearish,of 1 rating,N/A
FTLB,NULL,1440080180570,0,100% bearish,of 1 rating,N/A
LMBS,NULL,1440080180603,0,Not yet rated,NULL,N/A
FMB,NULL,1440080180702,0,Not yet rated,NULL,N/A
FJP,$48.46,1440080180729,"35,340",Not yet rated,NULL,N/A
QABA,$38.514,1440080180758,"1,546",100% bearish,of 1 rating,N/A
CIBR,$19,1440080180893,"15,737",Not yet rated,NULL,N/A
FONE,$35.92,1440080180973,50,Not yet rated,NULL,N/A
CARZ,$35.98,1440080181025,725,100% bearish,of 1 rating,N/A
QCLN,$15.4961,1440080181054,"4,952",Not yet rated,NULL,N/A
GRID,NULL,1440080181075,0,100% bearish,of 1 rating,N/A
RDVY,$22.0499,1440080181204,"1,414",Not yet rated,NULL,N/A
QQEW,$43.2699,1440080181302,"5,850",Not yet rated,NULL,N/A
AIRR,$16.6,1440080181436,"2,550",100% bearish,of 1 rating,N/A
QTEC,$41.01,1440080181464,"5,715",Not yet rated,NULL,N/A
QQXT,$42.1201,1440080181491,359,Not yet rated,NULL,N/A
QINC,NULL,1440080181539,0,Not yet rated,NULL,N/A
FTSL,$48.98,1440080181626,"7,923",100% bearish,of 1 rating,N/A
FKO,NULL,1440080181669,0,Not yet rated,NULL,N/A
FSZ,$39.9515,1440080181758,"6,377",Not yet rated,NULL,N/A
FTW,NULL,1440080181892,0,Not yet rated,NULL,N/A
FDIV,NULL,1440080181913,0,100% bearish,of 1 rating,N/A
TUSA,NULL,1440080181990,0,Not yet rated,NULL,N/A
FUNC,$8.33,1440080182069,200,Not yet rated,NULL,N/A
SVVC,$10.62,1440080182100,"5,661",100% bullish,of 1 rating,$26
FKU,$43.1286,1440080182201,"6,224",Not yet rated,NULL,N/A
FMER,$18.12,1440080182227,"65,668",50% bullish,of 2 ratings,$20
FSV,$32.14,1440080182303,100,Not yet rated,NULL,$33.60
FISV,$89.34,1440080182371,"103,412",100% bearish,of 3 ratings,$90
FIVE,$36.42,1440080182432,"25,768",75% bearish,of 4 ratings,$44
FIVN,$4.24,1440080182564,"74,032",100% bullish,of 1 rating,$8.50
FLML,$21.1266,1440080182600,"23,855",50% bullish,of 2 ratings,$30
FPRX,$18.69,1440080182628,"31,848",50% bullish,of 2 ratings,$35
FLKS,$14.47,1440080182765,"7,777",50% bullish,of 2 ratings,$27
SKOR,$50.5,1440080182798,200,Not yet rated,NULL,N/A
FLXN,$24.15,1440080182825,"10,244",100% bearish,of 1 rating,$40
MBSD,NULL,1440080182898,0,Not yet rated,NULL,N/A
FLXS,$33.25,1440080182931,"8,155",100% bearish,of 2 ratings,N/A
FLEX,$10.83,1440080182998,"354,734",63% bullish,of 8 ratings,$12
FLIR,$29.82,1440080183026,"93,440",100% bearish,of 1 rating,$38.50
FLDM,$12.75,1440080183246,"35,058",67% bearish,of 3 ratings,$21.50
FFIC,$20.43,1440080183274,"2,544",Not yet rated,NULL,$21
FOMX,$10.07,1440080183328,"47,602",50% bullish,of 2 ratings,$23.50
FONR,$9.55,1440080183408,"2,800",100% bullish,of 1 rating,N/A
FOGO,$18.75,1440080183478,"22,714",50% bullish,of 2 ratings,$25.50
FORM,$6.15,1440080183581,"17,355",67% bullish,of 3 ratings,$10.50
FES,NULL,1440080183619,0,50% bullish,of 2 ratings,$1
FTNT,$46.13,1440080183715,"167,586",80% bullish,of 10 ratings,$52
FORTY,NULL,1440080183746,0,Not yet rated,NULL,N/A
FORR,$32.29,1440080183815,"4,972",Not yet rated,NULL,N/A
FWRD,$48.07,1440080183924,"27,576",100% bearish,of 1 rating,$50
FBIO,$2.9,1440080184030,"14,830",83% bullish,of 6 ratings,N/A
FWP,$26.12,1440080184080,840,100% bearish,of 1 rating,$45
FORD,$1.0388,1440080184118,"16,955",50% bullish,of 2 ratings,N/A
FOSL,$61.81,1440080184247,"115,138",50% bullish,of 4 ratings,$70
FMI,$20.13,1440080184273,"16,004",100% bearish,of 2 ratings,$27.50
FXCB,$17.27,1440080184339,318,Not yet rated,NULL,$19
FOXF,$15.34,1440080184369,"1,285",100% bearish,of 1 rating,$19
FRAN,$10.22,1440080184475,"85,389",50% bullish,of 4 ratings,$15
FELE,$29.44,1440080184509,"24,970",50% bullish,of 4 ratings,$33
FRED,$14.53,1440080184557,"6,651",50% bullish,of 2 ratings,$16.50
FREE,$0.6103,1440080184608,"753,539",92% bullish,of 12 ratings,N/A
RAIL,$21.13,1440080184757,"15,595",100% bearish,of 1 rating,$24.50
FEIM,$10.99,1440080184831,"2,200",100% bearish,of 1 rating,N/A
FRPT,$13.41,1440080184857,"43,913",67% bearish,of 3 ratings,$23.50
FTR,$5.31,1440080184902,"1,774,960",78% bullish,of 27 ratings,$6.25
FSBW,$23.44,1440080185037,1,Not yet rated,NULL,N/A
FTRPR,$104.405,1440080185105,348,100% bearish,of 1 rating,N/A
FRPH,$31.23,1440080185172,100,100% bearish,of 1 rating,N/A
FTD,$30.1001,1440080185250,"7,217",100% bearish,of 1 rating,$40
FTEK,$2.2105,1440080185302,"14,083",75% bullish,of 4 ratings,N/A
FSYS,$6.56,1440080185328,"8,402",67% bullish,of 3 ratings,$10
FCEL,$0.8013,1440080185399,"81,425",88% bullish,of 40 ratings,$2.65
FULL,$3.1901,1440080185484,"1,189",67% bearish,of 3 ratings,$4.25
FLL,$1.56,1440080185531,395,75% bullish,of 4 ratings,$2.825
FULLL,$25.46,1440080185557,400,Not yet rated,NULL,N/A
FSNN,NULL,1440080185742,0,67% bullish,of 3 ratings,$6
FULT,$12.73,1440080185770,"72,228",100% bearish,of 1 rating,$13
FFHL,NULL,1440080185823,0,50% bullish,of 4 ratings,N/A
FXEN,$0.98,1440080185903,"3,150",75% bullish,of 4 ratings,$1.10
FXENP,NULL,1440080185933,0,100% bearish,of 1 rating,N/A
WILC,$5.1101,1440080185990,300,100% bullish,of 2 ratings,N/A
GK,$70.73,1440080186042,"1,452",Not yet rated,NULL,$78
GLPG,$64.966,1440080186087,"2,386",100% bullish,of 1 rating,$75
GAIA,$5.9,1440080186187,"2,480",50% bullish,of 2 ratings,$8.50
GALTU,NULL,1440080186253,0,100% bearish,of 1 rating,N/A
GALE,$1.4,1440080186284,"126,751",89% bullish,of 47 ratings,$4
GALTW,NULL,1440080186314,0,100% bullish,of 1 rating,N/A
GALT,$2.05,1440080186383,"6,916",80% bullish,of 5 ratings,N/A
GLMD,$8.6301,1440080186514,600,67% bullish,of 3 ratings,$20.50
GLPI,$32.98,1440080186573,"14,115",100% bearish,of 1 rating,$37.50
GPIC,$10.89,1440080186643,200,100% bearish,of 1 rating,N/A
GRMN,$39.5,1440080186703,"63,569",50% bullish,of 6 ratings,$48
GGAC,NULL,1440080186728,0,100% bearish,of 1 rating,N/A
GGACR,NULL,1440080186924,0,100% bullish,of 1 rating,N/A
GGACW,$0.12,1440080186953,500,Not yet rated,NULL,N/A
GGACU,NULL,1440080186974,0,Not yet rated,NULL,N/A
GARS,$14.75,1440080187022,"4,114",Not yet rated,NULL,$16
GENC,$9.43,1440080187109,200,100% bearish,of 1 rating,N/A
GNCMA,$17.39,1440080187142,"18,012",100% bearish,of 1 rating,$12
GFN,$3.74,1440080187163,"1,517",100% bearish,of 2 ratings,$8
GFNSL,$25.76,1440080187310,"1,300",Not yet rated,NULL,N/A
GFNCP,NULL,1440080187411,0,Not yet rated,NULL,N/A
GENE,$2.5663,1440080187476,"30,797",100% bullish,of 12 ratings,N/A
GNMK,$9.32,1440080187608,"22,583",67% bullish,of 6 ratings,$14
GNCA,$12.565,1440080187642,"13,508",100% bearish,of 1 rating,$20
GHDX,$25.97,1440080187739,"8,072",50% bullish,of 2 ratings,$30
GNTX,$15.72,1440080187767,"173,117",Not yet rated,NULL,$20
THRM,$45.91,1440080187834,"24,182",75% bearish,of 4 ratings,$55.50
GEOS,$15.53,1440080187900,"25,177",100% bearish,of 3 ratings,$25.50
GABC,$29.45,1440080187929,"1,186",Not yet rated,NULL,$31.50
GNVC,$2.49,1440080187964,"1,210",90% bullish,of 10 ratings,$8.50
GERN,$3.14,1440080187992,"152,358",88% bullish,of 16 ratings,$5.25
GTWN,$18.57,1440080188064,1,Not yet rated,NULL,N/A
GEVO,$2.3515,1440080188201,"71,381",75% bullish,of 12 ratings,$5
GIGM,$0.631,1440080188335,"3,000",100% bullish,of 2 ratings,N/A
ROCK,$18.21,1440080188389,"6,040",80% bullish,of 5 ratings,$24
GIGA,$1.4,1440080188492,"1,873",100% bearish,of 1 rating,N/A
GILD,$115.13,1440080188522,"794,221",91% bullish,of 86 ratings,$129
GLADO,NULL,1440080188625,0,Not yet rated,NULL,N/A
GIII,$68.08,1440080188651,"12,968",67% bullish,of 3 ratings,$75
GILT,$4.5,1440080188678,"1,604",50% bullish,of 2 ratings,N/A
GBCI,$26.7851,1440080188811,"22,202",50% bullish,of 2 ratings,$31
GLAD,$8.26,1440080188845,"17,458",50% bullish,of 2 ratings,$8.75
GOODP,NULL,1440080188917,0,Not yet rated,NULL,N/A
GOOD,$15.61,1440080188946,"4,257",Not yet rated,NULL,$19
GOODN,$25.6499,1440080189140,400,Not yet rated,NULL,N/A
GAIN,$7.8,1440080189166,"16,885",100% bullish,of 2 ratings,$8.25
GOODO,NULL,1440080189391,0,Not yet rated,NULL,N/A
GAINN,NULL,1440080189416,0,Not yet rated,NULL,N/A
GAINP,$26.1199,1440080189451,600,Not yet rated,NULL,N/A
LAND,$9.44,1440080189472,"3,900",50% bullish,of 2 ratings,$13.75
GAINO,$25.7499,1440080189505,200,Not yet rated,NULL,N/A
GLBZ,NULL,1440080189526,0,Not yet rated,NULL,N/A
GBT,$43.69,1440080189655,"17,385",100% bearish,of 1 rating,N/A
GBLI,$26.74,1440080189837,"3,000",Not yet rated,NULL,N/A
ENT,$12.01,1440080189876,"60,711",100% bearish,of 1 rating,$18
GDEF,NULL,1440080189909,0,Not yet rated,NULL,N/A
GSOL,$8.406,1440080189941,"4,046",100% bearish,of 1 rating,N/A
ACTX,$13.85,1440080189967,251,100% bullish,of 1 rating,N/A
QQQC,$20.03,1440080189995,"1,173",100% bearish,of 1 rating,N/A
GPACU,NULL,1440080190023,0,Not yet rated,NULL,N/A
SOCL,$18.02,1440080190416,"16,690",100% bullish,of 2 ratings,N/A
ALTY,NULL,1440080190446,0,Not yet rated,NULL,N/A
SRET,$13.85,1440080190475,1,Not yet rated,NULL,N/A
YLCO,$12.1099,1440080190497,100,Not yet rated,NULL,N/A
GLBS,NULL,1440080190532,0,67% bullish,of 3 ratings,N/A
GSM,$13.57,1440080190554,"28,068",50% bullish,of 2 ratings,$24.50
GAI,$5.4299,1440080190584,"1,362",50% bullish,of 2 ratings,N/A
GBIM,$2.2001,1440080190630,"1,000",50% bullish,of 2 ratings,N/A
GLRI,$1.15,1440080190879,"1,509",100% bearish,of 1 rating,$6
GLYC,$7.3,1440080190912,512,50% bullish,of 2 ratings,$14
GLNG,$37.4,1440080190941,"76,489",83% bullish,of 6 ratings,$58
GLUU,$4.6397,1440080190962,"529,803",92% bullish,of 26 ratings,$9
GOGO,$16.0299,1440080190992,"70,364",80% bullish,of 5 ratings,$25
GMLP,$19.455,1440080191021,"13,656",50% bullish,of 4 ratings,$32.50
GLDC,NULL,1440080191247,0,50% bullish,of 2 ratings,N/A
GOGL,$3.3,1440080191296,"25,794",75% bullish,of 4 ratings,$5
GTIM,$6.49,1440080191383,"27,038",Not yet rated,NULL,$11.50
GDEN,$8.82,1440080191411,"4,095",50% bullish,of 2 ratings,N/A
GOOGL,$689.5,1440080191472,"202,653",88% bullish,of 1079 ratings,$749
GBDC,$16.61,1440080191545,"6,317",Not yet rated,NULL,$17.75
GPRO,$52.1499,1440080191621,"1,151,002",78% bullish,of 58 ratings,$72
GMAN,$4.5101,1440080191798,"8,590",60% bullish,of 5 ratings,$8
GPIA,NULL,1440080191826,0,Not yet rated,NULL,N/A
GPIAW,NULL,1440080191897,0,Not yet rated,NULL,N/A
GPIAU,NULL,1440080191926,0,Not yet rated,NULL,N/A
GRVY,NULL,1440080192056,0,50% bullish,of 2 ratings,N/A
LOPE,$36.665,1440080192087,"30,599",100% bearish,of 2 ratings,$50
GOOG,$655.62,1440080192111,"159,127",89% bullish,of 65 ratings,$825
GBSN,$2.12,1440080192188,"20,368",100% bearish,of 1 rating,$8.25
GBSNU,$17.05,1440080192258,400,Not yet rated,NULL,N/A
GSBC,$40.85,1440080192343,"2,649",100% bullish,of 1 rating,$44
GLDD,$5.62,1440080192403,"7,954",100% bearish,of 4 ratings,$7.75
GNBC,$12.7,1440080192429,475,100% bearish,of 1 rating,$17
GRBK,$14.08,1440080192509,"8,164",77% bullish,of 13 ratings,N/A
GPP,$14.38,1440080192608,"1,600",Not yet rated,NULL,$20.50
GCBC,NULL,1440080192636,0,100% bullish,of 1 rating,N/A
GPRE,$20.53,1440080192780,"60,060",67% bullish,of 6 ratings,$28.50
GRFS,$31.53,1440080192826,"11,353",50% bullish,of 2 ratings,$35
GRIF,NULL,1440080192855,0,100% bearish,of 1 rating,N/A
GLRE,$26.18,1440080192881,"36,656",100% bullish,of 1 rating,$41
GRPN,$4.091,1440080192936,"875,363",61% bullish,of 71 ratings,$6.75
OMAB,$40.325,1440080193036,"3,817",100% bullish,of 1 rating,$44
GGAL,$19.215,1440080193139,"47,640",80% bullish,of 5 ratings,$40
GSIG,$13.29,1440080193173,"1,844",100% bearish,of 2 ratings,N/A
GSIT,$4.86,1440080193272,"1,134",100% bearish,of 1 rating,N/A
GSVC,$9.33,1440080193321,"13,725",50% bullish,of 2 ratings,$14.50
GTXI,$0.9418,1440080193409,"11,464",100% bullish,of 5 ratings,$.75
GBNK,$15.77,1440080193437,"7,718",100% bearish,of 1 rating,$18
GFED,NULL,1440080193463,0,Not yet rated,NULL,$17
GUID,$8.34,1440080193596,"12,701",100% bearish,of 3 ratings,$10
GULTU,$0.31,1440080193674,"299,244",100% bearish,of 1 rating,N/A
GIFI,$12.46,1440080193743,"8,986",100% bearish,of 1 rating,$16
GURE,$1.78,1440080193810,"8,850",88% bullish,of 8 ratings,N/A
GPOR,$33.73,1440080193878,"93,480",75% bullish,of 4 ratings,$55
GWPH,$107.465,1440080193941,"33,827",78% bullish,of 9 ratings,$148.50
GWGH,NULL,1440080193986,0,100% bearish,of 1 rating,$15.05
GYRO,$3,1440080194033,60,100% bearish,of 1 rating,N/A
HEES,$16.77,1440080194059,"41,725",67% bearish,of 3 ratings,$31
HALL,$11.7,1440080194251,"1,454",Not yet rated,NULL,N/A
HLG,NULL,1440080194288,0,100% bearish,of 1 rating,N/A
HNRG,$7.34,1440080194329,"49,151",100% bearish,of 1 rating,$10
HALO,$18.2501,1440080194418,"111,970",67% bullish,of 3 ratings,$22.50
HBK,$13.72,1440080194448,550,50% bullish,of 2 ratings,N/A
HMPR,$1.96,1440080194545,"112,154",100% bullish,of 1 rating,N/A
HBHC,$27.46,1440080194578,"23,133",50% bullish,of 2 ratings,$30
HBHCL,$24.586,1440080194649,"6,682",Not yet rated,NULL,N/A
HNH,$28.7,1440080194814,"6,497",100% bullish,of 1 rating,N/A
HAFC,$24.84,1440080194940,"8,116",100% bullish,of 2 ratings,$28.50
HQCL,$9.96,1440080194967,"1,368",67% bullish,of 3 ratings,N/A
HNSN,$0.505,1440080195001,"8,295",88% bullish,of 8 ratings,$.40
HDNG,$10.63,1440080195022,100,50% bullish,of 4 ratings,N/A
HLIT,$5.76,1440080195052,"13,277",100% bearish,of 1 rating,$6.50
HRMN,NULL,1440080195101,0,Not yet rated,NULL,N/A
HRMNU,NULL,1440080195267,0,Not yet rated,NULL,N/A
HRMNW,NULL,1440080195298,0,Not yet rated,NULL,N/A
HART,$0.5681,1440080195408,"11,600",100% bearish,of 1 rating,N/A
HCAP,$12.12,1440080195437,20,50% bullish,of 2 ratings,$15
TINY,$2.4401,1440080195463,"3,402",50% bullish,of 2 ratings,$5.26
HBIO,$4.38,1440080195492,"2,634",Not yet rated,NULL,$10
HCAPL,$25.7154,1440080195654,800,Not yet rated,NULL,N/A
HAS,$78.61,1440080195684,"86,815",63% bullish,of 8 ratings,$84.50
HA,$25.033,1440080195787,"64,230",67% bullish,of 9 ratings,$27
HCOM,$22.67,1440080195854,154,100% bearish,of 1 rating,$28
HWBK,NULL,1440080195885,0,100% bearish,of 1 rating,N/A
HDS,$33.97,1440080195941,"90,828",100% bearish,of 2 ratings,$39.50
HWKN,$36.365,1440080195982,"1,518",Not yet rated,NULL,N/A
HAYN,$39.09,1440080196075,"5,352",100% bearish,of 1 rating,$59
HCSG,$33.9199,1440080196102,"10,916",50% bullish,of 4 ratings,$35
HIIQ,$4.47,1440080196130,"1,550",50% bullish,of 2 ratings,$7
HSTM,$24.97,1440080196313,"7,253",50% bullish,of 2 ratings,$33.75
HQY,$32.29,1440080196341,"18,372",67% bullish,of 3 ratings,$31
HWAY,$12.4,1440080196486,"27,549",100% bearish,of 1 rating,$15
HTLD,$20.81,1440080196518,"37,052",Not yet rated,NULL,$22.50
HTWR,$86.64,1440080196591,"11,715",50% bullish,of 2 ratings,$103
HTLF,$36.58,1440080196624,"4,270",100% bullish,of 1 rating,$39.50
HELE,$91.03,1440080196725,"13,943",67% bearish,of 3 ratings,$100
HSII,$20.07,1440080196753,"9,702",100% bullish,of 3 ratings,$25
HTBX,$5.19,1440080196783,"8,390",50% bullish,of 2 ratings,$15.50
HMNY,$2.43,1440080196881,"1,000",100% bearish,of 1 rating,N/A
HMTV,$12.93,1440080196947,506,100% bearish,of 1 rating,$16
HCACU,$10.02,1440080197012,200,Not yet rated,NULL,N/A
HNNA,$23,1440080197048,988,Not yet rated,NULL,N/A
HSIC,$145.04,1440080197146,"30,792",83% bullish,of 6 ratings,$146
HERO,$0.0709,1440080197215,"120,085",81% bullish,of 16 ratings,$.75
HTBK,$10.72,1440080197243,"6,305",Not yet rated,NULL,$12
HFWA,$17.97,1440080197476,"2,432",100% bullish,of 1 rating,$20
HEOP,$7.8,1440080197578,217,Not yet rated,NULL,$8.50
HSKA,$32.99,1440080197610,"2,890",100% bearish,of 1 rating,$38
HCCI,$11.99,1440080197639,154,100% bearish,of 1 rating,$16.50
HRTX,$32.475,1440080197665,"101,339",67% bullish,of 6 ratings,$41
MLHR,$28.95,1440080197711,"16,328",50% bullish,of 2 ratings,$33.50
HPJ,$2.6501,1440080197840,"1,700",75% bullish,of 4 ratings,$12.43
HIBB,$39.96,1440080197947,"32,358",100% bearish,of 1 rating,$48.50
HFFC,$16.3,1440080197976,102,Not yet rated,NULL,N/A
HIHO,$4.3,1440080198046,38,Not yet rated,NULL,N/A
HIMX,$6.725,1440080198076,"437,787",86% bullish,of 21 ratings,$8.50
HIFS,$118.35,1440080198176,461,Not yet rated,NULL,N/A
HSGX,$6.34,1440080198203,800,100% bearish,of 1 rating,$17
HMSY,$9.42,1440080198426,"58,506",67% bullish,of 3 ratings,$19.35
HMNF,NULL,1440080198460,0,Not yet rated,NULL,N/A
HOLX,$41.5975,1440080198482,"112,884",67% bullish,of 3 ratings,$42
HBCP,$24.25,1440080198573,100,Not yet rated,NULL,$29
HOLI,$17.48,1440080198630,"52,427",50% bullish,of 4 ratings,$27
HFBL,NULL,1440080198652,0,Not yet rated,NULL,N/A
HOMB,$39.92,1440080198674,"9,073",Not yet rated,NULL,$41
AWAY,$31.01,1440080198710,"106,452",67% bullish,of 3 ratings,$36
HMIN,$29.15,1440080198914,"34,303",100% bearish,of 2 ratings,$35
HMST,$21.41,1440080198943,"21,225",100% bullish,of 2 ratings,$27
HTBI,$18.29,1440080199078,"8,349",67% bullish,of 3 ratings,$18.625
HKTV,$4.93,1440080199122,"14,800",100% bearish,of 1 rating,N/A
CETC,$0.8199,1440080199151,"9,114",86% bullish,of 7 ratings,N/A
HOFT,$24.8,1440080199177,"5,360",100% bearish,of 1 rating,N/A
HFBC,$11.6,1440080199313,"2,500",Not yet rated,NULL,N/A
HZNP,$30.62,1440080199345,"119,713",85% bullish,of 20 ratings,$40
HRZN,$10.78,1440080199447,"14,722",100% bearish,of 1 rating,$14.25
HBNC,$24.67,1440080199503,"7,407",100% bullish,of 1 rating,$27
HDP,$25.56,1440080199530,"23,330",67% bearish,of 3 ratings,$30.50
ZINC,$7.6468,1440080199581,"64,584",100% bearish,of 1 rating,$17
HMHC,$22.45,1440080199607,"41,540",Not yet rated,NULL,$27
HWCC,$7.31,1440080199793,"7,063",100% bearish,of 1 rating,$9
HOVNP,NULL,1440080199840,0,100% bearish,of 1 rating,N/A
HBMD,NULL,1440080199899,0,100% bearish,of 1 rating,N/A
HSNI,$62,1440080200008,"27,107",Not yet rated,NULL,$80
HTGM,$5.69,1440080200034,184,100% bearish,of 1 rating,$19.50
HSON,$2.88,1440080200195,573,100% bearish,of 1 rating,$5
HUBG,$40.33,1440080200223,"10,721",100% bearish,of 1 rating,$43
HURC,$30.07,1440080200255,"2,482",100% bearish,of 1 rating,N/A
HCBK,$10.005,1440080200276,"168,721",83% bullish,of 6 ratings,$8.61
HDSN,$2.89,1440080200353,"25,002",100% bullish,of 1 rating,$6.25
HBANP,NULL,1440080200413,0,100% bearish,of 1 rating,N/A
HURN,$74.28,1440080200455,"3,140",50% bullish,of 2 ratings,$80
HTCH,$1.63,1440080200518,"14,300",100% bearish,of 1 rating,$3.50
HBAN,$11.43,1440080200587,"825,751",76% bullish,of 17 ratings,$12.50
HBP,NULL,1440080200649,0,100% bullish,of 1 rating,N/A
HDRA,$9.69,1440080200753,100,Not yet rated,NULL,N/A
HDRAR,NULL,1440080200911,0,Not yet rated,NULL,N/A
HDRAW,NULL,1440080200943,0,Not yet rated,NULL,N/A
HDRAU,NULL,1440080200969,0,Not yet rated,NULL,N/A
HYGS,$7.385,1440080201043,"9,282",50% bullish,of 2 ratings,$13
IKGH,NULL,1440080201112,0,75% bullish,of 4 ratings,N/A
IDSY,$3.9,1440080201141,"1,894",100% bearish,of 1 rating,$7
IBKC,$61.595,1440080201183,"12,288",100% bullish,of 1 rating,$70
IACI,$72.83,1440080201209,"131,288",75% bullish,of 4 ratings,$90
ICAD,$3.48,1440080201343,"1,700",50% bullish,of 2 ratings,$7.25
ICFI,$35.8,1440080201475,"2,890",50% bullish,of 2 ratings,$48.50
IEP,$70.98,1440080201501,"20,101",75% bullish,of 4 ratings,$99
ICON,$12.85,1440080201643,"35,364",50% bullish,of 2 ratings,$18.50
ICLR,$80.32,1440080201675,"37,681",100% bearish,of 3 ratings,$85
ICUI,$121,1440080201812,"2,879",Not yet rated,NULL,$122
IPWR,$7.62,1440080201894,115,100% bullish,of 1 rating,$15
IDRA,$2.57,1440080201921,"116,454",89% bullish,of 9 ratings,$6.50
INVE,$4.79,1440080201943,"6,086",75% bullish,of 4 ratings,$4
IDXX,$77.1,1440080201976,"60,939",100% bearish,of 1 rating,$77
DSKY,$11.98,1440080202109,"36,755",67% bullish,of 6 ratings,$11.50
IRG,$4.388,1440080202138,660,100% bearish,of 1 rating,$4.50
IROQ,NULL,1440080202174,0,100% bullish,of 1 rating,N/A
RXDX,$12.74,1440080202271,"22,234",100% bullish,of 1 rating,$20
IIVI,$17.4,1440080202303,"24,114",100% bearish,of 1 rating,$22
IKAN,$2.72,1440080202361,"20,102",83% bullish,of 6 ratings,$5
KANG,$15.47,1440080202401,"46,252",50% bullish,of 2 ratings,$22.55
IKNX,NULL,1440080202615,0,100% bearish,of 1 rating,N/A
IMMR,$11.865,1440080202680,"37,169",80% bullish,of 5 ratings,$15.50
ISNS,$4.1605,1440080202706,"6,001",50% bullish,of 2 ratings,N/A
ILMN,$203.07,1440080202735,"77,024",80% bullish,of 5 ratings,$240
ICCC,$8.505,1440080202870,"3,766",100% bullish,of 1 rating,N/A
IMDZ,$16.3,1440080202898,"7,600",100% bearish,of 1 rating,$33
IMGN,$12.933,1440080202933,"93,986",75% bullish,of 4 ratings,$17.50
IMNP,$1.5,1440080203033,"18,371",50% bullish,of 2 ratings,$6
IMMU,$1.828,1440080203079,"110,695",86% bullish,of 7 ratings,$2
IPXL,$45.4,1440080203164,"49,224",67% bullish,of 3 ratings,$46.50
INCR,$43.92,1440080203266,"39,574",50% bullish,of 2 ratings,$53
IMMY,$7.45,1440080203292,788,100% bearish,of 1 rating,$11
INCY,$110.73,1440080203477,"80,983",50% bullish,of 6 ratings,$125.50
INDB,$47.04,1440080203549,"3,093",Not yet rated,NULL,$44
IBTX,$43.91,1440080203686,"3,984",100% bullish,of 2 ratings,$47.25
SAAS,$7.71,1440080203787,"24,629",50% bullish,of 2 ratings,$15
IDSA,NULL,1440080203849,0,Not yet rated,NULL,N/A
IBCP,$14.39,1440080203875,"4,149",100% bullish,of 1 rating,$14.50
INFI,$9.09,1440080203902,"38,581",50% bullish,of 4 ratings,$18
INFN,$23.182,1440080203936,"359,827",71% bullish,of 7 ratings,$28
IPCC,$80.38,1440080204040,"6,400",Not yet rated,NULL,$77.50
III,$4.24,1440080204131,"13,566",57% bullish,of 7 ratings,$6
IFON,$1.23,1440080204232,"55,295",75% bullish,of 4 ratings,N/A
IMKTA,$54.06,1440080204258,"7,565",100% bearish,of 1 rating,N/A
INWK,$7.42,1440080204297,"6,114",50% bullish,of 2 ratings,$10
INNL,$13.45,1440080204323,488,100% bearish,of 1 rating,$16.50
INOD,$2.5001,1440080204523,"3,770",100% bearish,of 1 rating,N/A
IPHS,$48.94,1440080204654,"6,014",100% bearish,of 1 rating,$60
ITEK,$15.03,1440080204694,"65,629",100% bearish,of 3 ratings,$20
IOSP,$46.31,1440080204716,"10,534",100% bearish,of 1 rating,N/A
INGN,$50.29,1440080204753,"17,392",100% bearish,of 1 rating,$50.50
INO,$7.44,1440080204798,"207,519",89% bullish,of 18 ratings,$20
ISSC,$2.95,1440080204827,"7,800",67% bearish,of 3 ratings,N/A
INOV,$21.2,1440080204860,"38,458",100% bearish,of 1 rating,$33
NSIT,$26.37,1440080204995,"15,628",50% bullish,of 2 ratings,N/A
ISIG,$2.57,1440080205126,"2,100",100% bearish,of 1 rating,N/A
INSM,$26.86,1440080205297,"14,946",71% bullish,of 7 ratings,$31.50
PODD,$30.11,1440080205361,"18,076",50% bullish,of 2 ratings,$35
IIIN,$17.82,1440080205383,"2,521",100% bearish,of 2 ratings,N/A
NTEC,$5.97,1440080205460,852,Not yet rated,NULL,N/A
INSY,$33.5,1440080205530,"56,520",75% bullish,of 4 ratings,$48
IART,$61.29,1440080205591,"34,709",100% bearish,of 1 rating,$71.50
IDTI,$17.97,1440080205656,"377,827",60% bullish,of 5 ratings,$25
INTC,$27.95,1440080205683,"3,757,303",82% bullish,of 238 ratings,$36
ISSI,$22.34,1440080205843,"26,874",67% bullish,of 3 ratings,$19.75
IESC,$7.36,1440080205871,100,100% bearish,of 1 rating,N/A
IQNT,$19.22,1440080205898,"22,972",86% bullish,of 7 ratings,$20
IPAR,$27.95,1440080205951,"2,540",67% bullish,of 3 ratings,$38
IBKR,$41.12,1440080206048,"58,792",100% bullish,of 1 rating,N/A
IPCI,$2.147,1440080206116,"7,200",67% bullish,of 6 ratings,$7.75
ININ,$39.68,1440080206201,"12,709",67% bearish,of 3 ratings,$57
ICPT,$203.1,1440080206228,"15,192",70% bullish,of 10 ratings,$359.50
ICLDW,NULL,1440080206407,0,100% bearish,of 1 rating,N/A
ICLD,$1.8621,1440080206460,"11,448",75% bullish,of 4 ratings,N/A
TILE,$25.355,1440080206597,"60,270",67% bearish,of 3 ratings,$27
IDCC,$49.225,1440080206649,"22,211",80% bullish,of 5 ratings,$63
INAP,$8.67,1440080206678,"16,134",75% bullish,of 4 ratings,$11
IMI,NULL,1440080206708,0,67% bullish,of 3 ratings,$2.22
IBOC,$26.72,1440080206741,"17,155",100% bearish,of 1 rating,N/A
IGLD,$7.25,1440080206810,612,50% bullish,of 2 ratings,N/A
ISCA,$32.63,1440080206838,"3,767",100% bearish,of 1 rating,N/A
XENT,$28.64,1440080207062,"17,069",50% bullish,of 2 ratings,$36.50
IIJI,NULL,1440080207087,0,50% bullish,of 2 ratings,$11.50
PTNT,$3,1440080207121,810,Not yet rated,NULL,N/A
INPH,$0.31,1440080207146,100,50% bullish,of 2 ratings,N/A
ISIL,$10.54,1440080207349,"48,629",50% bullish,of 6 ratings,$15
IILG,$21.05,1440080207380,"9,375",100% bearish,of 1 rating,$30.50
IVAC,$4.83,1440080207453,200,Not yet rated,NULL,$6.625
INTX,$2.42,1440080207479,"1,300",67% bullish,of 3 ratings,N/A
INTLL,NULL,1440080207608,0,Not yet rated,NULL,N/A
INTL,$26.91,1440080207643,"7,705",67% bearish,of 3 ratings,N/A
IIN,NULL,1440080207664,0,100% bearish,of 1 rating,$12
ITCI,$29.8,1440080207750,"49,753",75% bearish,of 4 ratings,$40
INTU,$104.4,1440080207810,"83,652",100% bullish,of 7 ratings,$110.50
ISRG,$520.51,1440080207939,"13,822",67% bullish,of 3 ratings,$600
INVT,$0.281,1440080207965,"3,751",67% bullish,of 3 ratings,N/A
SNAK,$8.66,1440080208026,"6,843",50% bullish,of 2 ratings,$14
ISTR,$15.69,1440080208183,4,100% bearish,of 1 rating,$18.50
ISBC,$12.055,1440080208214,"191,672",100% bullish,of 1 rating,$13.25
ITIC,NULL,1440080208240,0,100% bearish,of 2 ratings,N/A
IVTY,$11.87,1440080208351,"2,801",Not yet rated,NULL,$18
NVIV,$11.3425,1440080208380,"77,163",50% bullish,of 4 ratings,$24.50
DTUL,NULL,1440080208410,0,Not yet rated,NULL,N/A
DFVL,NULL,1440080208511,0,Not yet rated,NULL,N/A
IPCM,$79.18,1440080208617,"48,195",50% bullish,of 2 ratings,$80.125
IRMD,$25.8388,1440080208665,"9,402",67% bearish,of 3 ratings,$25
IPAS,$1.0799,1440080208691,"5,000",67% bullish,of 3 ratings,N/A
IRIX,$7.11,1440080208853,"11,400",100% bearish,of 1 rating,N/A
IRBT,$30.37,1440080209012,"15,960",67% bullish,of 6 ratings,$37
IRDMB,$264.29,1440080209039,20,67% bearish,of 3 ratings,N/A
IPGP,$90.32,1440080209062,"24,849",100% bearish,of 2 ratings,$109.50
IRWD,$11.23,1440080209089,"41,456",100% bearish,of 1 rating,$13
IRCP,$33.0001,1440080209120,343,100% bullish,of 2 ratings,N/A
IRDM,$6.71,1440080209146,"32,162",60% bullish,of 5 ratings,$11.50
GNMA,$50.19,1440080209251,322,Not yet rated,NULL,N/A
COMT,$32.8601,1440080209333,"1,279",100% bearish,of 1 rating,N/A
IFAS,$28.84,1440080209459,300,Not yet rated,NULL,N/A
IFEU,$40.2,1440080209521,"2,935",Not yet rated,NULL,N/A
FCHI,$47.9,1440080209547,470,Not yet rated,NULL,N/A
IFGL,$29.63,1440080209768,"3,227",Not yet rated,NULL,N/A
ACWI,$57.74,1440080209897,"128,038",Not yet rated,NULL,N/A
AAXJ,$54.05,1440080209924,"251,488",Not yet rated,NULL,N/A
IFNA,$54.68,1440080209945,"1,000",Not yet rated,NULL,N/A
ACWX,$41.85,1440080209981,"229,860",100% bearish,of 1 rating,N/A
AXJS,NULL,1440080210075,0,Not yet rated,NULL,N/A
EMDI,NULL,1440080210138,0,Not yet rated,NULL,N/A
EEMA,$51.0501,1440080210164,"2,088",Not yet rated,NULL,N/A
EEME,NULL,1440080210192,0,100% bearish,of 1 rating,N/A
AAIT,$30.05,1440080210427,106,100% bullish,of 1 rating,N/A
EEML,$28.25,1440080210498,600,Not yet rated,NULL,N/A
EGRW,$48.87,1440080210529,413,Not yet rated,NULL,N/A
EMEY,NULL,1440080210562,0,Not yet rated,NULL,N/A
EUFN,$22.63,1440080210729,"29,567",100% bearish,of 1 rating,N/A
EVAL,$36.1001,1440080210834,"3,224",Not yet rated,NULL,N/A
IEUS,$46.68,1440080211038,125,100% bearish,of 1 rating,N/A
UAE,NULL,1440080211068,0,Not yet rated,NULL,N/A
IBB,$360.82,1440080211095,"159,760",63% bullish,of 8 ratings,N/A
EMIF,$29.17,1440080211167,"1,370",Not yet rated,NULL,N/A
SOXX,$82.45,1440080211253,"56,618",50% bullish,of 2 ratings,N/A
ISHG,$79.1247,1440080211490,856,100% bearish,of 1 rating,N/A
ICLN,$9.77,1440080211547,"8,412",50% bullish,of 2 ratings,N/A
INDY,$29.065,1440080211576,"62,613",100% bullish,of 1 rating,N/A
IGOV,$90.8124,1440080211603,"3,672",100% bearish,of 1 rating,N/A
WOOD,$50.31,1440080211624,698,50% bullish,of 2 ratings,N/A
ISLE,$18.05,1440080211655,"30,139",50% bullish,of 4 ratings,$16
QAT,NULL,1440080211676,0,Not yet rated,NULL,N/A
ISIS,$49.9801,1440080211926,"121,401",53% bullish,of 15 ratings,$67
ITRI,$32.77,1440080212081,"15,569",Not yet rated,NULL,$37
ITUS,$4.3455,1440080212111,"1,600",Not yet rated,NULL,N/A
ISRL,$136.99,1440080212155,121,100% bearish,of 1 rating,N/A
ITRN,$24.8969,1440080212181,"1,353",50% bullish,of 2 ratings,N/A
JJSF,$117.52,1440080212539,"1,626",100% bearish,of 1 rating,N/A
MAYS,NULL,1440080212608,0,Not yet rated,NULL,N/A
JASO,$7.82,1440080212679,"212,716",82% bullish,of 17 ratings,$10
JCOM,$72.59,1440080212710,"8,780",100% bullish,of 2 ratings,$77
JXSB,NULL,1440080212738,0,Not yet rated,NULL,N/A
XXIA,$15.68,1440080212765,"37,874",71% bullish,of 7 ratings,$14.625
IXYS,$10.59,1440080212814,"17,263",50% bullish,of 4 ratings,N/A
JBHT,$79.43,1440080212894,"84,175",50% bullish,of 4 ratings,$89.50
JKHY,$70.73,1440080213034,"30,555",50% bullish,of 2 ratings,$72
JACK,$85.3,1440080213135,"43,535",83% bullish,of 6 ratings,$105
JAXB,$13.22,1440080213270,15,100% bullish,of 1 rating,N/A
JAGX,$2.95,1440080213323,200,Not yet rated,NULL,N/A
JMBA,$13.53,1440080213397,"7,001",75% bullish,of 4 ratings,$18
JRVR,$26.665,1440080213499,"3,100",Not yet rated,NULL,$32
ERW,NULL,1440080213553,0,Not yet rated,NULL,N/A
JASN,$4.985,1440080213658,"6,614",50% bullish,of 2 ratings,$9.50
JASNW,NULL,1440080213685,0,50% bullish,of 2 ratings,N/A
JAZZ,$184.19,1440080213740,"24,406",80% bullish,of 15 ratings,$206.50
JAKK,$9.8,1440080213850,"231,887",60% bearish,of 5 ratings,$10.50
JD,$25.5,1440080213918,"1,303,242",75% bullish,of 16 ratings,$36
JBLU,$23.49,1440080213953,"787,978",94% bullish,of 16 ratings,$27
JCTCF,NULL,1440080214108,0,100% bullish,of 1 rating,N/A
JST,$4.2,1440080214196,"5,934",75% bullish,of 4 ratings,N/A
DATE,$6.48,1440080214249,"21,500",75% bullish,of 4 ratings,$9
JTPY,$3,1440080214274,500,100% bearish,of 1 rating,N/A
WYIGU,NULL,1440080214405,0,Not yet rated,NULL,N/A
JBSS,$48.09,1440080214481,"2,908",67% bearish,of 3 ratings,N/A
JIVE,$4.065,1440080214513,"81,652",75% bullish,of 4 ratings,$5
JOEZ,$0.1967,1440080214535,"85,940",92% bullish,of 12 ratings,N/A
JUNO,$39.96,1440080214620,"154,122",73% bullish,of 11 ratings,$71.50
JOUT,$25.1,1440080214666,800,100% bearish,of 1 rating,$34
KTWO,$21.53,1440080214856,"32,169",100% bearish,of 1 rating,$28.50
KALU,$84.185,1440080214925,"11,043",67% bearish,of 3 ratings,$91
KBIO,$1.9399,1440080214951,"24,724",50% bullish,of 4 ratings,N/A
JNP,$9.85,1440080215001,"4,435",100% bullish,of 3 ratings,$15
KMDA,$3.68,1440080215110,"1,385",50% bullish,of 2 ratings,$8
KNDI,$7.5615,1440080215244,"61,997",86% bullish,of 22 ratings,N/A
KCLI,$47.805,1440080215380,610,Not yet rated,NULL,N/A
KPTI,$13.33,1440080215414,"33,939",67% bearish,of 3 ratings,$39
KCAP,$4.7701,1440080215525,"17,288",75% bullish,of 4 ratings,$6
KBSF,$4.1,1440080215574,250,100% bullish,of 1 rating,N/A
KRNY,$11.56,1440080215658,"52,171",100% bearish,of 1 rating,$12
KELYB,NULL,1440080215730,0,50% bullish,of 2 ratings,N/A
KELYA,$14.77,1440080215756,"6,997",67% bullish,of 6 ratings,$20
KMPH,$20.5,1440080215785,"8,212",100% bearish,of 2 ratings,$22
KERX,$5.67,1440080215810,"166,641",82% bullish,of 11 ratings,$12
KEQU,$16.92,1440080216048,700,100% bullish,of 1 rating,N/A
KTEC,$12,1440080216106,424,Not yet rated,NULL,N/A
KFFB,NULL,1440080216181,0,100% bearish,of 1 rating,N/A
KTCC,$10.565,1440080216207,"3,904",100% bearish,of 1 rating,$16
GMCR,$50.09,1440080216238,"297,791",71% bullish,of 42 ratings,$64
KFRC,$27.965,1440080216274,"9,368",100% bullish,of 2 ratings,$29
KE,$11.31,1440080216510,"6,010",67% bearish,of 3 ratings,$16
KBAL,$11.16,1440080216650,"11,642",50% bullish,of 2 ratings,N/A
KINS,$8.5501,1440080216701,"1,400",100% bullish,of 1 rating,N/A
KGJI,$0.78,1440080216750,"178,394",89% bullish,of 9 ratings,N/A
KIN,$5.9,1440080216782,"3,400",50% bullish,of 2 ratings,$6.25
KIRK,$24.3,1440080216834,"92,289",50% bullish,of 2 ratings,$32
KONE,NULL,1440080216884,0,Not yet rated,NULL,N/A
KITE,$55.51,1440080216972,"68,729",89% bullish,of 9 ratings,$85
KZ,$7.1,1440080217100,"14,617",60% bearish,of 5 ratings,N/A
KLXI,$38.16,1440080217131,"54,607",100% bearish,of 1 rating,$49
KLAC,$49.2,1440080217199,"105,317",100% bearish,of 1 rating,$61.50
KONA,$19.719,1440080217263,"9,325",50% bullish,of 2 ratings,$28
KOPN,$2.9599,1440080217344,"52,680",50% bullish,of 2 ratings,$4.50
KRNT,$13.21,1440080217370,"2,055",50% bullish,of 2 ratings,$18
KOSS,$2.54,1440080217435,2,100% bearish,of 2 ratings,N/A
KWEB,$31.372,1440080217591,"20,637",Not yet rated,NULL,N/A
KLIC,$10.24,1440080217859,"29,576",80% bullish,of 5 ratings,$13
KVHI,$10.69,1440080217893,276,100% bearish,of 1 rating,$16
KTOS,$4.427,1440080217927,"80,808",50% bullish,of 2 ratings,$8.50
KYTH,$74.65,1440080217989,"98,404",100% bullish,of 3 ratings,$66
