Symbol,Price,Date,Volume,Rating,RatingVoteCount,OneYearEstimate
PIH,$7.54,1440857702603,"9,402",100% bearish,of 1 rating,N/A
TFSCW,$0.21,1440857702669,"1,300",100% bearish,of 1 rating,N/A
FLWS,$8.91,1440857702695,"687,314",80% bullish,of 5 ratings,$15
FCCY,$11.54,1440857702735,933,100% bullish,of 1 rating,$13
FCTY,$7.96,1440857702762,"3,400",100% bullish,of 1 rating,$8.50
SRCE,$29.44,1440857702783,"29,029",100% bullish,of 3 ratings,$33
TFSCU,NULL,1440857702822,0,Not yet rated,NULL,N/A
TFSCR,NULL,1440857702916,0,Not yet rated,NULL,N/A
TFSC,NULL,1440857702981,0,100% bearish,of 1 rating,N/A
UGLD,$9.31,1440857703114,"340,880",100% bearish,of 1 rating,N/A
DSLV,$69.51,1440857703254,"9,311",100% bearish,of 1 rating,N/A
TWOU,$34.99,1440857703284,"129,143",50% bullish,of 2 ratings,$39
DGLD,$81.1,1440857703308,"16,958",100% bullish,of 1 rating,N/A
JOBS,$27.019,1440857703349,"69,549",50% bullish,of 4 ratings,$36
VNET,$18.05,1440857703373,"541,289",60% bullish,of 5 ratings,$35
USLV,$12.45,1440857703439,"242,677",86% bullish,of 7 ratings,N/A
SIXD,$2.72,1440857703624,"111,232",Not yet rated,NULL,N/A
CAFD,$15.0196,1440857703649,"242,552",Not yet rated,NULL,$25
EGHT,$7.84,1440857703692,"384,316",82% bullish,of 17 ratings,$11
AVHI,$13.96,1440857703785,"12,911",100% bearish,of 1 rating,$19
SHLM,$34.06,1440857703839,"65,672",100% bearish,of 1 rating,$47
ABAX,$47.89,1440857703870,"108,826",100% bearish,of 1 rating,$60
ABY,$23.04,1440857703896,"423,555",100% bearish,of 2 ratings,$46
ABGB,$5.71,1440857703949,"37,255",67% bullish,of 3 ratings,$5.50
AAON,$20.51,1440857703977,"107,410",100% bearish,of 1 rating,$24
ABEO,$4.82,1440857704056,"47,964",50% bullish,of 4 ratings,$15.50
ABEOW,$1.83,1440857704112,"2,361",100% bullish,of 1 rating,N/A
AXAS,$1.92,1440857704184,"949,481",78% bullish,of 9 ratings,$3.50
ABMD,$98.23,1440857704209,"317,770",75% bullish,of 4 ratings,$100.50
ACTG,$9.43,1440857704344,"194,247",67% bullish,of 3 ratings,$18.50
ACST,$0.3694,1440857704431,"9,260",100% bullish,of 2 ratings,N/A
ACHC,$74.2503,1440857704459,"344,347",50% bullish,of 2 ratings,$92
AXDX,$19.1,1440857704592,"112,407",100% bearish,of 1 rating,N/A
ACAD,$38.17,1440857704618,"436,567",80% bullish,of 20 ratings,$48
XLRN,$29.71,1440857704649,"89,309",50% bullish,of 2 ratings,$57
ANCX,$20.01,1440857704670,"20,165",Not yet rated,NULL,$20
VXDN,$1.96,1440857704752,"24,710",100% bearish,of 1 rating,N/A
VXUP,$1.6,1440857704806,"49,457",100% bearish,of 1 rating,N/A
ARAY,$6.77,1440857704882,"691,224",100% bearish,of 1 rating,$10.50
ACRX,$4.24,1440857704975,"310,833",67% bearish,of 6 ratings,$5.50
ACHN,$7.76,1440857705004,"1,462,742",90% bullish,of 21 ratings,$16
ACET,$22.76,1440857705025,"83,357",75% bullish,of 4 ratings,$30
AKAO,$6.99,1440857705059,"38,455",75% bullish,of 4 ratings,$15
ACIW,$21.38,1440857705156,"288,136",67% bearish,of 3 ratings,$24
ACTS,$1.6,1440857705324,"49,648",100% bearish,of 1 rating,N/A
ACNB,$19.85,1440857705359,"4,210",Not yet rated,NULL,N/A
ACPW,$1.81,1440857705456,"38,604",100% bullish,of 4 ratings,$3.50
ACOR,$32.73,1440857705485,"557,265",67% bearish,of 3 ratings,$38.50
ACTA,$14.02,1440857705511,"90,621",67% bearish,of 3 ratings,$25
ATVI,$29.28,1440857705540,"135,594,206",68% bullish,of 84 ratings,$31.50
ACUR,$2.83,1440857705587,"48,939",100% bullish,of 5 ratings,$1
ADMS,$20.61,1440857705716,"60,583",100% bearish,of 2 ratings,$36
ADMP,$3.69,1440857705805,"11,630",50% bullish,of 2 ratings,$10
ACXM,$21.15,1440857705849,"258,695",67% bullish,of 3 ratings,N/A
AEY,$2.3,1440857705936,"7,434",100% bearish,of 2 ratings,N/A
ADAP,$11.66,1440857705964,"84,789",67% bullish,of 3 ratings,$22
ADUS,$28.71,1440857705993,"18,242",100% bearish,of 1 rating,$31
ADEP,$6.87,1440857706099,"20,312",50% bullish,of 2 ratings,$10.75
ADMA,$9.37,1440857706280,"14,766",Not yet rated,NULL,$19
ADRO,$20.61,1440857706329,"147,897",80% bullish,of 5 ratings,$45.50
ADTN,$15.7,1440857706355,"386,714",67% bullish,of 3 ratings,$17.125
AEIS,$24.42,1440857706376,"174,991",50% bullish,of 2 ratings,$32.50
AMD,$1.85,1440857706412,"6,623,181",83% bullish,of 103 ratings,$2
ADBE,$79.4,1440857706438,"2,177,794",65% bullish,of 17 ratings,$90
ADXS,$14.69,1440857706512,"468,415",64% bullish,of 14 ratings,$27
ADXSW,$10.47,1440857706571,"1,850",100% bullish,of 1 rating,N/A
MULT,NULL,1440857706644,0,100% bearish,of 1 rating,N/A
YPRO,$22.79,1440857706721,"3,532",100% bearish,of 1 rating,N/A
AEGR,$17.66,1440857706823,"331,111",50% bullish,of 6 ratings,$26
AEGN,$18.28,1440857706848,"94,812",100% bearish,of 2 ratings,$21
AEHR,$2.27,1440857706979,"2,346",50% bullish,of 2 ratings,N/A
AERI,$16.49,1440857707006,"376,040",75% bullish,of 4 ratings,$31.50
AMTX,$3.11,1440857707036,"28,001",50% bullish,of 2 ratings,$26.11
AVAV,$24,1440857707136,"75,229",50% bullish,of 4 ratings,$31
AEZS,$0.088,1440857707212,"10,110,751",90% bullish,of 21 ratings,$1.50
AFFX,$9.48,1440857707286,"279,489",80% bullish,of 5 ratings,$12.50
AEMD,$6.95,1440857707313,"91,259",Not yet rated,NULL,$27.50
AEPI,$53.89,1440857707345,"11,740",100% bearish,of 1 rating,N/A
AFMD,$10.43,1440857707377,"107,629",50% bullish,of 4 ratings,$15
AGEN,$7.26,1440857707445,"602,072",85% bullish,of 13 ratings,$14
AGRX,$9.16,1440857707474,"22,184",100% bearish,of 1 rating,$17.50
AGYS,$10.21,1440857707630,"23,032",100% bearish,of 1 rating,N/A
AGIO,$90.62,1440857707693,"186,340",88% bullish,of 8 ratings,$114
AGFS,$10.1318,1440857707721,"137,593",100% bearish,of 1 rating,N/A
AGFSW,$1.95,1440857707773,"8,300",100% bearish,of 2 ratings,N/A
AIRM,$37.86,1440857707876,"199,407",80% bearish,of 5 ratings,$53
AIMT,$21.11,1440857707901,"136,933",Not yet rated,NULL,N/A
ATSG,$8.95,1440857707925,"126,980",67% bullish,of 3 ratings,$13
AIRT,$22.16,1440857707959,376,100% bullish,of 1 rating,N/A
AMCN,$4.59,1440857708053,"108,503",83% bullish,of 6 ratings,N/A
AIXG,$6.38,1440857708105,"27,231",67% bearish,of 3 ratings,$5.25
AKBA,$7,1440857708320,"105,064",100% bearish,of 1 rating,$18
AKER,$2.48,1440857708356,"28,755",Not yet rated,NULL,N/A
AKRX,$41.03,1440857708382,"401,819",78% bullish,of 9 ratings,$56
ALRM,$16.8,1440857708408,"126,608",100% bearish,of 1 rating,$22
AKAM,$71.9,1440857708436,"1,710,795",63% bullish,of 8 ratings,$77
ALSK,$2.15,1440857708543,"235,932",78% bullish,of 18 ratings,$2
ABDC,$12.83,1440857708646,"24,564",Not yet rated,NULL,$15
ADHD,$7.94,1440857708738,"131,054",50% bullish,of 4 ratings,$18
ALDR,$38.61,1440857708772,"186,540",67% bearish,of 3 ratings,$62
AMRI,$20.6,1440857708828,"158,563",75% bearish,of 4 ratings,$24
ALDX,$7.06,1440857708869,"18,445",100% bearish,of 1 rating,$14.50
ALXA,$1.13,1440857708914,"13,227",83% bullish,of 6 ratings,$2.125
ALXN,$178.86,1440857708959,"1,012,132",88% bullish,of 8 ratings,$223
ALCO,$42.25,1440857709011,"5,313",50% bullish,of 2 ratings,N/A
ALIM,$3.44,1440857709166,"27,203",80% bullish,of 5 ratings,$10
ALGN,$57.27,1440857709210,"244,131",100% bearish,of 2 ratings,$73
ALLB,$22.72,1440857709305,797,Not yet rated,NULL,N/A
ALGT,$208.41,1440857709351,"150,284",100% bearish,of 2 ratings,$235
AFOP,$19.05,1440857709438,"104,154",75% bullish,of 8 ratings,$21
AIQ,$14.35,1440857709471,"6,903",67% bullish,of 3 ratings,N/A
ARLP,$25.32,1440857709497,"280,083",67% bearish,of 3 ratings,$32
ALKS,$62.0942,1440857709522,"542,032",67% bullish,of 3 ratings,$75
AHGP,$36.41,1440857709575,"89,083",67% bullish,of 3 ratings,N/A
ALQA,$4.4,1440857709666,"19,390",75% bullish,of 4 ratings,$8.50
AMOT,$18.85,1440857709713,"86,927",100% bearish,of 1 rating,N/A
AHPI,$1.44,1440857709797,"1,714",50% bullish,of 2 ratings,N/A
ALLT,$5.42,1440857709823,"187,497",75% bullish,of 4 ratings,$6.25
MDRX,$13.8,1440857709844,"810,640",60% bullish,of 5 ratings,$16
AFAM,$45.43,1440857709976,"41,778",50% bullish,of 2 ratings,$44
ALNY,$109.1,1440857710002,"357,082",67% bullish,of 3 ratings,$148.50
AOSL,$7.31,1440857710134,"49,947",67% bullish,of 3 ratings,$9
ATEC,$0.54,1440857710162,"81,514",100% bullish,of 1 rating,$2
SMCP,NULL,1440857710213,0,Not yet rated,NULL,N/A
ALTR,$48.61,1440857710338,"1,182,479",80% bearish,of 5 ratings,$54
AMAG,$65.85,1440857710364,"315,677",100% bullish,of 2 ratings,$77.50
ASPS,$25.48,1440857710389,"184,857",67% bullish,of 3 ratings,$46.50
AIMC,$24.94,1440857710517,"71,616",100% bearish,of 2 ratings,$28.50
AMRN,$2.23,1440857710573,"1,409,147",85% bullish,of 39 ratings,$8
AMZN,$519.59,1440857710598,"1,553,310",81% bullish,of 264 ratings,$646
AYA,$20.7,1440857710630,"10,578",100% bearish,of 1 rating,$40
AMRK,$10.28,1440857710656,"2,016",50% bullish,of 2 ratings,$14
AMBC,$15.61,1440857710733,"222,561",100% bearish,of 1 rating,$16.50
AMBA,$96.15,1440857710867,"1,960,685",83% bullish,of 12 ratings,$102.50
AMBCW,$7.65,1440857710902,"1,012",100% bearish,of 1 rating,N/A
AMCX,$73.6,1440857710999,"349,491",67% bullish,of 3 ratings,$87.50
DOX,$57.75,1440857711024,"257,565",67% bearish,of 3 ratings,$60
AMDA,$0.4798,1440857711051,"643,528",90% bullish,of 10 ratings,$1
EPAX,$2.69,1440857711076,"86,785",100% bearish,of 1 rating,N/A
AMED,$39.09,1440857711274,"188,323",100% bearish,of 1 rating,$42
UHAL,$375.77,1440857711314,"28,990",100% bullish,of 2 ratings,$393.50
AMOV,$18.46,1440857711343,"2,614",100% bearish,of 1 rating,N/A
ASBI,$22.64,1440857711363,"1,069",Not yet rated,NULL,N/A
ATAX,$5.27,1440857711403,"73,836",100% bullish,of 1 rating,$6.50
AGNC,$19.36,1440857711428,"1,941,092",71% bullish,of 28 ratings,$22
AAL,$38.6,1440857711500,"7,110,829",93% bullish,of 88 ratings,$57
AGNCB,$24.29,1440857711632,"19,098",Not yet rated,NULL,N/A
AGNCP,$25.34,1440857711667,"6,144",Not yet rated,NULL,N/A
ACSF,$12.38,1440857711766,"29,182",100% bearish,of 1 rating,$15
MTGE,$15.29,1440857711792,"623,994",75% bullish,of 4 ratings,$19.50
MTGEP,$24.5,1440857711828,583,Not yet rated,NULL,N/A
ANCI,$1.46,1440857711956,474,100% bearish,of 1 rating,N/A
ACAS,$13.8357,1440857711982,"897,392",60% bullish,of 5 ratings,$16.75
AETI,$3.75,1440857712059,881,67% bearish,of 3 ratings,N/A
AMNB,$23.29,1440857712114,"4,556",Not yet rated,NULL,$25.50
AMIC,NULL,1440857712138,0,Not yet rated,NULL,N/A
ARII,$40.76,1440857712163,"146,168",67% bearish,of 3 ratings,$45
APEI,$22.36,1440857712346,"59,822",100% bearish,of 1 rating,$25.50
AMSWA,$9.06,1440857712631,"131,254",100% bearish,of 2 ratings,$10.75
ANAT,$100.8502,1440857712796,"25,880",100% bullish,of 1 rating,N/A
ASEI,$39.03,1440857713343,"21,414",100% bearish,of 1 rating,$52.50
CRMT,$35.97,1440857713392,"40,468",100% bearish,of 1 rating,$39
ABCB,$26.8,1440857713421,"86,002",Not yet rated,NULL,$31
AMSF,$46.91,1440857713451,"49,852",Not yet rated,NULL,$57.50
AMRB,$10.05,1440857713522,"2,153",Not yet rated,NULL,$11
AMSC,$4.67,1440857713546,"80,461",50% bullish,of 4 ratings,N/A
FOLD,$14.87,1440857713581,"612,656",56% bullish,of 9 ratings,$21
AMGN,$155.95,1440857713613,"3,400,173",89% bullish,of 19 ratings,$185
AMWD,$66.55,1440857713721,"77,289",50% bullish,of 2 ratings,$70
ASRVP,NULL,1440857713767,0,Not yet rated,NULL,N/A
AMKR,$5.07,1440857713820,"1,277,833",100% bearish,of 2 ratings,$5
ASRV,$3.22,1440857713849,"12,469",100% bullish,of 2 ratings,N/A
ATLO,$23.59,1440857713979,"4,506",Not yet rated,NULL,N/A
AMPH,$13.39,1440857714006,"106,975",50% bullish,of 2 ratings,$20
AMSG,$80.06,1440857714035,"252,052",100% bearish,of 1 rating,$85.50
AMSGP,$149.3,1440857714137,"33,058",Not yet rated,NULL,N/A
AMRS,$1.69,1440857714335,"51,285",70% bullish,of 10 ratings,N/A
ASYS,$5.39,1440857714373,"36,672",67% bullish,of 3 ratings,$12
ANAC,$135.45,1440857714404,"264,448",80% bullish,of 5 ratings,$180.50
ADI,$56.45,1440857714469,"2,245,427",67% bullish,of 3 ratings,$69
AFSI,$58.4717,1440857714497,"168,515",60% bullish,of 5 ratings,$72
ANAD,$0.33,1440857714528,"133,227",100% bullish,of 2 ratings,$.50
ANCB,$21.98,1440857714555,"29,500",Not yet rated,NULL,$23
ALOG,$80.27,1440857714576,"65,588",100% bearish,of 2 ratings,$100.50
AMCF,$0.22,1440857714710,"1,426",100% bullish,of 7 ratings,N/A
ABCW,$40.28,1440857714934,"7,717",67% bullish,of 3 ratings,N/A
ANGI,$5.21,1440857714960,"319,439",64% bullish,of 11 ratings,$5.50
ANIK,$35.94,1440857714987,"100,275",60% bullish,of 5 ratings,$51.25
ANIP,$52,1440857715016,"129,189",89% bullish,of 19 ratings,$66
ANGO,$14.67,1440857715047,"69,486",67% bullish,of 3 ratings,$19
ANSS,$89.74,1440857715125,"244,251",100% bearish,of 1 rating,$100
ANTH,$7.41,1440857715150,"469,427",80% bullish,of 10 ratings,$13
ATRS,$1.79,1440857715178,"332,285",92% bullish,of 12 ratings,$4.50
ABAC,$0.75,1440857715308,"11,927",100% bearish,of 1 rating,N/A
APOG,$50.82,1440857715351,"111,095",50% bullish,of 2 ratings,$67
ATNY,$2.26,1440857715377,"4,237",50% bullish,of 2 ratings,$3.75
APIC,$6.91,1440857715405,"86,505",100% bearish,of 1 rating,$19
APOL,$11.47,1440857715541,"654,267",87% bearish,of 68 ratings,$14
AINV,$6.6,1440857715563,"696,100",50% bullish,of 4 ratings,$8
APPF,$16.3,1440857715594,"22,796",50% bullish,of 2 ratings,$22
APDN,$3.46,1440857715908,"72,814",Not yet rated,NULL,$9
APDNW,$1.27,1440857715943,"2,254",Not yet rated,NULL,N/A
AAPL,$113.37,1440857715970,"32,540,481",86% bullish,of 2353 ratings,$150
AMCC,$5.77,1440857715996,"326,270",80% bullish,of 5 ratings,$8
ARCI,NULL,1440857716037,0,Not yet rated,NULL,N/A
AGTC,$16.69,1440857716063,"40,739",50% bullish,of 2 ratings,$33
AMAT,$15.9916,1440857716135,"7,111,784",82% bullish,of 11 ratings,$23
APRI,$1.33,1440857716314,"381,591",83% bullish,of 6 ratings,$4.86
AREX,$2.17,1440857716378,"985,162",100% bearish,of 1 rating,$3
APTO,$5.28,1440857716405,"32,201",Not yet rated,NULL,$17
AAOI,$21.11,1440857716452,"169,287",50% bullish,of 4 ratings,$26
AQXP,$16.76,1440857716478,"147,931",50% bullish,of 2 ratings,$2
AQMS,$5.2,1440857716509,"53,706",Not yet rated,NULL,N/A
AUMA,$9.89,1440857716540,230,Not yet rated,NULL,N/A
AUMAU,NULL,1440857716644,0,Not yet rated,NULL,N/A
AUMAW,NULL,1440857716750,0,Not yet rated,NULL,N/A
ARDM,NULL,1440857716793,0,100% bullish,of 1 rating,$26
PETX,$17.64,1440857716924,"156,925",100% bearish,of 2 ratings,$26
ARCW,$3.63,1440857716993,"4,066",100% bearish,of 2 ratings,$10.50
ABUS,$7.36,1440857717014,"240,604",86% bullish,of 14 ratings,$23
ABIO,$0.89,1440857717095,"57,096",50% bullish,of 2 ratings,$3.75
ARDX,$18.75,1440857717174,"63,461",50% bullish,of 2 ratings,$24.50
RKDA,$6.36,1440857717195,"9,839",100% bearish,of 2 ratings,$10
ACAT,$26.55,1440857717248,"114,131",100% bearish,of 3 ratings,$33
ARCB,$29.04,1440857717272,"134,492",67% bearish,of 3 ratings,$39.50
ACGL,$68.1836,1440857717329,"313,921",50% bullish,of 2 ratings,$72
ARCC,$15.6189,1440857717459,"1,375,235",67% bearish,of 3 ratings,$17.875
AGII,$54.77,1440857717494,"101,334",Not yet rated,NULL,$59.50
ARNA,$2.71,1440857717521,"2,247,385",90% bullish,of 78 ratings,$5.50
AGIIL,$25.36,1440857717542,"11,027",Not yet rated,NULL,N/A
ARGS,$6.16,1440857717672,"18,498",50% bullish,of 2 ratings,$19.50
ARIS,$3.54,1440857717718,"40,749",Not yet rated,NULL,$4.50
ARIA,$9.65,1440857717803,"22,314,095",87% bullish,of 46 ratings,$9
ARKR,$24.54,1440857717833,604,50% bullish,of 2 ratings,N/A
ARWAR,NULL,1440857717900,0,Not yet rated,NULL,N/A
ARMH,$42.62,1440857717929,"865,391",54% bearish,of 13 ratings,$60
ARTX,$1.45,1440857717961,"63,093",88% bullish,of 16 ratings,$4.50
ARWA,NULL,1440857717987,0,Not yet rated,NULL,N/A
ARWAU,NULL,1440857718066,0,100% bullish,of 1 rating,N/A
ARWAW,NULL,1440857718198,0,Not yet rated,NULL,N/A
ARRS,$26.82,1440857718344,"723,865",50% bullish,of 2 ratings,$38
ARRY,$5.94,1440857718377,"718,947",100% bullish,of 7 ratings,$10
ARWR,$5.77,1440857718403,"437,585",75% bullish,of 4 ratings,$10.50
ARQL,$1.76,1440857718424,"76,309",75% bullish,of 4 ratings,$5
DWAT,$9.98,1440857718448,"2,550",100% bearish,of 1 rating,N/A
AROW,$27.26,1440857718488,"13,804",Not yet rated,NULL,N/A
ARTNA,$22.24,1440857718584,"8,516",100% bearish,of 1 rating,$29
ASNA,$12,1440857718716,"3,325,555",50% bullish,of 2 ratings,$18
ARTW,$4.27,1440857718742,"1,665",75% bearish,of 4 ratings,N/A
ASBB,$24.2,1440857718762,191,Not yet rated,NULL,N/A
ASCMA,$27.4,1440857718792,"54,550",100% bearish,of 1 rating,$45
ASND,$19.17,1440857718818,"58,087",50% bullish,of 2 ratings,$30
ASTI,$0.1027,1440857718954,"1,274,925",83% bullish,of 6 ratings,$3
ASMI,NULL,1440857718984,0,NULL,NULL,NULL
ASML,$91.98,1440857719090,"376,653",50% bullish,of 4 ratings,$127
ASMB,$13.33,1440857719133,"40,085",67% bullish,of 3 ratings,N/A
APWC,$1.91,1440857719164,"1,704",100% bearish,of 1 rating,N/A
ASFI,$8.9,1440857719192,"6,440",100% bullish,of 1 rating,N/A
AZPN,$37.9,1440857719269,"471,280",50% bullish,of 2 ratings,$42
ASTE,$37.12,1440857719326,"59,288",100% bearish,of 1 rating,$48
ATRO,$52.84,1440857719486,"104,448",100% bearish,of 2 ratings,$80
ALOT,$13.97,1440857719552,"5,000",100% bearish,of 1 rating,N/A
ASUR,$5.97,1440857719584,"1,342",50% bullish,of 2 ratings,$8
ASTC,$2.07,1440857719614,"13,827",100% bullish,of 5 ratings,N/A
ATAI,$2.53,1440857719639,"5,759",100% bearish,of 1 rating,N/A
AFCB,$26.58,1440857719784,43,Not yet rated,NULL,N/A
ATRA,$40.22,1440857719922,"86,077",50% bullish,of 2 ratings,$68
ATHX,$1.15,1440857719957,"150,153",89% bullish,of 9 ratings,$5
ATHN,$134.56,1440857719985,"144,558",67% bearish,of 3 ratings,$153
AAPC,$10.1,1440857720020,524,Not yet rated,NULL,N/A
ATNI,$71.89,1440857720049,"30,836",100% bearish,of 1 rating,$69.50
AAME,$3.51,1440857720075,"1,614",Not yet rated,NULL,N/A
ACFC,$5.59,1440857720115,"23,302",100% bearish,of 1 rating,$6.50
ATLC,$3.82,1440857720279,"1,000",67% bullish,of 3 ratings,N/A
AAWW,$41.57,1440857720320,"344,090",50% bullish,of 2 ratings,$65
AFH,$16.25,1440857720382,"45,444",Not yet rated,NULL,$21.50
ATML,$8.21,1440857720412,"5,323,862",78% bullish,of 9 ratings,$9.50
ATRC,$25.5,1440857720508,"75,032",100% bullish,of 1 rating,$30
ATOS,$0.76,1440857720575,"146,526",100% bullish,of 7 ratings,$7
ATRI,$390.57,1440857720605,"1,710",Not yet rated,NULL,N/A
ATRM,$2.83,1440857720651,"5,169",50% bullish,of 2 ratings,N/A
LIFE,$14.79,1440857720733,"59,987",86% bullish,of 7 ratings,$43
ATTU,$13.2582,1440857720764,"43,316",100% bearish,of 1 rating,$20.50
AUBN,$26.68,1440857720789,652,Not yet rated,NULL,N/A
AUDC,$3.34,1440857720814,"41,046",80% bullish,of 5 ratings,$5
AUPH,$3.03,1440857720962,"48,213",100% bearish,of 1 rating,$8
EARS,$4.86,1440857721017,"61,876",100% bearish,of 2 ratings,$11.50
ADAT,$0.2901,1440857721071,"286,619",100% bullish,of 2 ratings,N/A
ABTL,$17.48,1440857721103,"56,816",100% bullish,of 4 ratings,$20.25
ADP,$78.41,1440857721205,"1,833,355",100% bearish,of 1 rating,$88
ADSK,$47.52,1440857721226,"7,664,747",67% bullish,of 6 ratings,$69.50
AVGO,$127.49,1440857721311,"2,365,644",88% bullish,of 8 ratings,$165
AVEO,$1.42,1440857721537,"525,234",75% bullish,of 8 ratings,$3
AVNW,$1.13,1440857721637,"120,526",50% bullish,of 2 ratings,$2.20
CAR,$43.59,1440857721665,"772,875",80% bullish,of 5 ratings,$60
AVGR,$14.96,1440857721694,"28,648",100% bearish,of 1 rating,$20
AVNU,$12.35,1440857721715,"4,686",Not yet rated,NULL,$14
AAVL,$10.78,1440857721736,"281,210",100% bearish,of 1 rating,$20
AVID,$8.51,1440857721770,"262,047",100% bearish,of 1 rating,$20
AWRE,$3.18,1440857721991,"9,746",67% bullish,of 3 ratings,N/A
ACLS,$3.17,1440857722027,"211,572",67% bullish,of 6 ratings,$4.75
AXPW,$1.06,1440857722090,"50,386",83% bullish,of 6 ratings,N/A
AXPWW,NULL,1440857722123,0,Not yet rated,NULL,N/A
AXTI,$2.2,1440857722148,"30,041",50% bullish,of 2 ratings,$2.75
AXGN,$4.88,1440857722177,"266,524",Not yet rated,NULL,$5
BCOM,$18.86,1440857722205,80,100% bearish,of 1 rating,N/A
RILY,NULL,1440857722230,0,Not yet rated,NULL,N/A
BIDU,$152.41,1440857722507,"2,202,325",81% bullish,of 88 ratings,$210
BEAV,$49.39,1440857722532,"564,180",67% bearish,of 3 ratings,$59
BOSC,$2.17,1440857722578,"2,700",50% bullish,of 2 ratings,N/A
BWINA,NULL,1440857722607,0,Not yet rated,NULL,N/A
BWINB,$23.05,1440857722711,"5,630",Not yet rated,NULL,N/A
BCPC,$58.23,1440857722769,"129,590",100% bearish,of 1 rating,$75
BANF,$59.87,1440857722817,"10,874",Not yet rated,NULL,$68
BKSC,$16.38,1440857722912,"1,895",Not yet rated,NULL,N/A
BLDP,$1.28,1440857722939,"333,343",91% bullish,of 22 ratings,$2.50
BANFP,NULL,1440857722987,0,Not yet rated,NULL,N/A
BKMU,$7.2,1440857723008,"106,117",Not yet rated,NULL,$8
BOCH,$5.75,1440857723041,"7,098",Not yet rated,NULL,$6.50
BMRC,$47.78,1440857723139,"6,078",Not yet rated,NULL,$52
OZRK,$41.65,1440857723191,"340,296",67% bullish,of 3 ratings,$49.50
BOTJ,$10.93,1440857723358,51,Not yet rated,NULL,N/A
BFIN,$11.98,1440857723693,"805,971",Not yet rated,NULL,$13
TAPR,$31.36,1440857724018,"1,065",100% bearish,of 1 rating,N/A
BZUN,$5.29,1440857724061,"324,008",50% bullish,of 2 ratings,$11.50
BWFG,$17.89,1440857724094,"86,221",100% bearish,of 1 rating,N/A
BHACR,NULL,1440857724119,0,Not yet rated,NULL,N/A
BANR,$43.67,1440857724154,"52,487",100% bullish,of 3 ratings,$50
BHAC,$9.81,1440857724191,400,Not yet rated,NULL,N/A
BHACW,NULL,1440857724215,0,Not yet rated,NULL,N/A
BHACU,NULL,1440857724247,0,Not yet rated,NULL,N/A
BYBK,$4.88,1440857724399,"12,262",100% bearish,of 1 rating,N/A
BBSI,$35.46,1440857724434,"44,948",67% bearish,of 3 ratings,$62.50
BSET,$28.97,1440857724466,"65,844",100% bearish,of 1 rating,$35
BBCN,$14.41,1440857724534,"235,503",100% bearish,of 1 rating,$16
BV,$5.16,1440857724564,"390,911",67% bullish,of 6 ratings,$9
BCBP,$11.51,1440857724692,"2,786",Not yet rated,NULL,N/A
BYLK,$12.75,1440857724775,"3,944",Not yet rated,NULL,$14
BECN,$35.38,1440857724932,"319,053",50% bullish,of 2 ratings,$40
BDCV,$4.92,1440857724958,"8,428",100% bearish,of 1 rating,$10.19
BSF,$8.56,1440857725089,"14,316",Not yet rated,NULL,N/A
BBBY,$62.32,1440857725118,"1,490,780",71% bullish,of 7 ratings,$75
BEBE,$1.35,1440857725138,"2,507,789",75% bullish,of 4 ratings,$3.075
BBGI,$4.07,1440857725170,514,100% bearish,of 1 rating,N/A
BELFA,$16.95,1440857725191,24,100% bearish,of 1 rating,N/A
BLPH,$5.04,1440857725322,"6,129",100% bearish,of 1 rating,$12.50
BELFB,$17.97,1440857725353,"23,081",100% bearish,of 1 rating,N/A
BLCM,$17.34,1440857725416,"156,508",50% bullish,of 4 ratings,$40
BNCL,$12.42,1440857725462,"203,255",100% bullish,of 3 ratings,$12.50
BNFT,$36.35,1440857725492,"83,611",67% bullish,of 3 ratings,$46
BGMD,$0.7251,1440857725566,"219,421",100% bullish,of 10 ratings,N/A
BNTC,$7.9937,1440857725595,"46,904",100% bullish,of 1 rating,N/A
BGCP,$8.735,1440857725878,"654,941",88% bullish,of 8 ratings,$14
BIND,$4.45,1440857725928,"49,598",75% bullish,of 4 ratings,$13.50
BGFV,$11.1,1440857725957,"86,024",57% bullish,of 7 ratings,$12
BCDA,NULL,1440857725982,0,Not yet rated,NULL,N/A
ORPN,$5.97,1440857726020,"20,587",100% bullish,of 1 rating,$28.50
BASI,$1.6,1440857726057,"3,810",Not yet rated,NULL,N/A
BCRX,$11.42,1440857726183,"314,110",63% bullish,of 8 ratings,$18
BIOD,$0.6435,1440857726287,"49,279",80% bullish,of 5 ratings,$4
BIOC,$1.98,1440857726317,"102,773",83% bullish,of 6 ratings,$3.85
BLFS,$1.98,1440857726447,"21,237",100% bearish,of 1 rating,$4.75
BDSI,$6.87,1440857726474,"493,039",88% bullish,of 8 ratings,$17
BIOL,$1.43,1440857726495,"19,466",Not yet rated,NULL,N/A
BIIB,$303.69,1440857726515,"1,407,281",88% bullish,of 16 ratings,$400
BLRX,$1.53,1440857726551,"208,226",100% bullish,of 12 ratings,$5
BMRN,$132.0147,1440857726749,"575,644",80% bullish,of 5 ratings,$160
BVXVW,$0.7,1440857726875,300,100% bearish,of 1 rating,N/A
BPTH,$1.11,1440857726901,"55,103",100% bullish,of 2 ratings,$5
BVXV,$3.6325,1440857726927,"2,361",Not yet rated,NULL,N/A
BIOS,$2.46,1440857726971,"689,760",71% bullish,of 7 ratings,$4
BRLI,NULL,1440857726993,0,NULL,NULL,NULL
BSTC,$52.12,1440857727169,"40,800",100% bearish,of 1 rating,$76
BBP,$33.4,1440857727194,"19,508",Not yet rated,NULL,N/A
BSPM,$0.67,1440857727261,"65,101",50% bullish,of 2 ratings,N/A
BBC,$31.95,1440857727286,"9,881",Not yet rated,NULL,N/A
TECH,$96.5,1440857727321,"280,906",100% bullish,of 1 rating,$117
BOTA,$2.18,1440857727346,"25,205",88% bullish,of 8 ratings,N/A
BEAT,$14.67,1440857727481,"218,630",67% bearish,of 3 ratings,$15
BDMS,$12.64,1440857727540,84,100% bearish,of 1 rating,N/A
BITI,$17.095,1440857727569,"19,344",100% bullish,of 1 rating,$28
BJRI,$44.26,1440857727677,"170,972",50% bullish,of 2 ratings,$55
BDE,$7.5,1440857727837,"75,507",50% bullish,of 2 ratings,$9
BBRY,$7.32,1440857727889,"3,500,684",61% bullish,of 330 ratings,$9
BBOX,$15.07,1440857727915,"96,363",100% bearish,of 1 rating,N/A
BKCC,$9.304,1440857727965,"302,275",50% bullish,of 2 ratings,$10
ADRD,$22.21,1440857727991,"11,305",100% bearish,of 1 rating,N/A
BLKB,$57.86,1440857728012,"156,655",100% bearish,of 2 ratings,$66
HAWK,$40.26,1440857728048,"239,630",91% bullish,of 11 ratings,$49
ADRA,$27.5,1440857728073,"2,800",100% bearish,of 1 rating,N/A
ADRU,$21.9113,1440857728272,"1,280",100% bearish,of 1 rating,N/A
ADRE,$30.08,1440857728449,"10,155",100% bearish,of 1 rating,N/A
BUFF,$26.31,1440857728655,"184,065",83% bullish,of 12 ratings,$31.50
BLBD,$11.96,1440857728690,"9,660",Not yet rated,NULL,N/A
BLMN,$20.51,1440857728754,"1,243,002",83% bullish,of 6 ratings,$27.50
BCOR,$13.81,1440857728782,"189,735",57% bullish,of 7 ratings,$15
BBLU,$0.78,1440857728811,"112,994",100% bullish,of 2 ratings,$4.43
BKEP,$6.34,1440857728837,"19,498",100% bearish,of 1 rating,$8.50
BLUE,$137.47,1440857728862,"296,264",71% bullish,of 7 ratings,$217.50
BHBK,$13.84,1440857728914,"32,621",100% bullish,of 1 rating,$14.50
NILE,$34.3,1440857729046,"81,168",50% bullish,of 2 ratings,$34
BKEPP,$7.61,1440857729077,"6,200",100% bearish,of 1 rating,N/A
BOFI,$117.62,1440857729182,"213,540",100% bullish,of 6 ratings,$144
BPMC,$26.84,1440857729257,"69,527",50% bullish,of 2 ratings,$47.50
BOBE,$43.6,1440857729284,"117,836",75% bullish,of 4 ratings,$57
BNCN,$20.56,1440857729326,"117,776",Not yet rated,NULL,$24
BOKF,$62.3925,1440857729562,"164,013",100% bearish,of 1 rating,$69
WIFI,$7.62,1440857729592,"145,572",50% bullish,of 2 ratings,$13.50
BPFH,$11.79,1440857729694,"250,539",100% bearish,of 1 rating,$14
BAMM,$3.1,1440857729725,"24,796",60% bullish,of 5 ratings,N/A
BPFHP,$24.85,1440857729746,"11,250",100% bearish,of 1 rating,N/A
BONA,$11.64,1440857729778,"107,333",75% bullish,of 4 ratings,$8.50
BOJA,$21.44,1440857729809,"58,055",100% bullish,of 1 rating,$30
BNSO,$1.31,1440857729904,630,100% bearish,of 1 rating,N/A
EPAY,$26.94,1440857729935,"177,935",100% bearish,of 2 ratings,$30
BPFHW,$5.15,1440857729975,"3,330",100% bearish,of 1 rating,N/A
BBRG,$12.72,1440857730128,"69,040",67% bullish,of 3 ratings,$14.50
BDBD,$8.39,1440857730162,"451,957",60% bullish,of 5 ratings,$10
BCLI,$3.04,1440857730187,"50,501",80% bullish,of 5 ratings,$12
BBEP,$2.94,1440857730321,"2,796,108",69% bullish,of 13 ratings,$5.625
BBEPP,$13.4,1440857730400,"61,890",100% bearish,of 1 rating,N/A
BDGE,$26.21,1440857730429,"17,166",Not yet rated,NULL,$31.75
BRID,NULL,1440857730461,0,100% bearish,of 1 rating,N/A
BLIN,$1.36,1440857730486,"5,087",100% bullish,of 2 ratings,$2.20
BCOV,$5.32,1440857730559,"68,688",67% bullish,of 3 ratings,$10.20
BVSN,$6.01,1440857730703,"13,669",60% bearish,of 5 ratings,N/A
BYFC,$1.36,1440857730734,"5,967",50% bullish,of 2 ratings,N/A
BRCM,$51.79,1440857730760,"2,529,830",75% bullish,of 12 ratings,$56
BSFT,$31.63,1440857730838,"88,378",57% bullish,of 7 ratings,$40.50
BRCD,$10.553,1440857730894,"2,104,384",92% bullish,of 13 ratings,$11.50
BWEN,$3.18,1440857730920,"34,309",100% bullish,of 3 ratings,$8
BRKL,$10.51,1440857730945,"272,340",100% bearish,of 1 rating,$10.75
BRKR,$18.4692,1440857731141,"392,981",100% bearish,of 2 ratings,$22
BRKS,$10.41,1440857731199,"127,627",67% bullish,of 3 ratings,$15.25
BLMT,$20.6,1440857731238,"11,270",Not yet rated,NULL,N/A
BMTC,$29.2,1440857731308,"98,064",Not yet rated,NULL,$34
BSQR,$6.15,1440857731495,"55,497",67% bullish,of 3 ratings,N/A
BWLD,$194.06,1440857731526,"166,257",82% bullish,of 11 ratings,$205
BLDR,$14.48,1440857731560,"484,766",67% bullish,of 3 ratings,$22
CFFI,$36.19,1440857731627,"7,589",100% bearish,of 1 rating,N/A
BUR,$1.74,1440857731662,"6,743",100% bearish,of 1 rating,$8
CHRW,$67.2467,1440857731687,"1,365,634",Not yet rated,NULL,$72
CCMP,$43.53,1440857731843,"79,642",50% bullish,of 2 ratings,$59
CA,$27.26,1440857731868,"2,293,564",50% bullish,of 4 ratings,$33
CDNS,$20.14,1440857731898,"1,265,237",75% bullish,of 4 ratings,$22.50
CZR,$9.17,1440857732044,"738,436",60% bearish,of 5 ratings,$10.50
CDZI,$8.14,1440857732077,"84,491",100% bearish,of 1 rating,N/A
CACQ,$7.53,1440857732098,"56,359",100% bearish,of 1 rating,$12.25
PRSS,$4.55,1440857732148,"10,528",80% bullish,of 5 ratings,$4.50
CSTE,$40.5,1440857732180,"114,834",50% bullish,of 2 ratings,$65
CLBS,$1.44,1440857732315,"118,591",79% bullish,of 14 ratings,$4
CHI,$10.6,1440857732376,"101,782",100% bearish,of 1 rating,N/A
CLMS,$10.61,1440857732401,"65,837",Not yet rated,NULL,$10.50
CHY,$11.47,1440857732447,"160,991",Not yet rated,NULL,N/A
CCD,$19.38,1440857732478,"81,611",Not yet rated,NULL,N/A
CFGE,NULL,1440857732576,0,Not yet rated,NULL,N/A
CHW,$7.64,1440857732617,"278,918",100% bearish,of 1 rating,N/A
CGO,$12.01,1440857732707,"13,619",100% bearish,of 1 rating,N/A
CAMP,$16.59,1440857732839,"249,483",88% bullish,of 8 ratings,$25
CVGW,$59.23,1440857732870,"104,521",50% bullish,of 2 ratings,$58.50
CSQ,$9.96,1440857732900,"222,801",Not yet rated,NULL,N/A
CALA,$5.78,1440857732972,"350,686",100% bullish,of 3 ratings,$19.50
CFNB,$13.31,1440857732996,301,100% bearish,of 1 rating,N/A
CALD,$15.94,1440857733038,"214,263",100% bearish,of 1 rating,$21
CALM,$50.25,1440857733173,"273,365",80% bullish,of 5 ratings,$65
CLMT,$26.1156,1440857733203,"157,345",75% bullish,of 8 ratings,$31
ABCD,$5.28,1440857733237,"155,994",83% bullish,of 6 ratings,N/A
CAMB,$9.95,1440857733308,"3,000",Not yet rated,NULL,N/A
CAMBW,NULL,1440857733339,0,Not yet rated,NULL,N/A
CAMBU,NULL,1440857733359,0,100% bearish,of 1 rating,N/A
CAC,$40.25,1440857733439,"5,351",Not yet rated,NULL,N/A
CAMT,$2.72,1440857733566,"11,795",73% bullish,of 11 ratings,$4
CSIQ,$18.9253,1440857733623,"1,536,120",86% bullish,of 28 ratings,$42.50
CGIX,$9.96,1440857733701,"20,078",67% bullish,of 3 ratings,$14.375
CPHC,$10.3,1440857733727,"1,608",100% bearish,of 1 rating,N/A
CBF,$29.0025,1440857733856,"163,441",Not yet rated,NULL,$32
CBNJ,$11.09,1440857733884,"17,605",100% bullish,of 1 rating,N/A
CPLA,$49.2,1440857733909,"111,385",67% bearish,of 3 ratings,$65
CCBG,$14.99,1440857733954,"18,070",Not yet rated,NULL,$17.25
CPTA,$13.69,1440857734086,"45,514",100% bearish,of 1 rating,$18.50
CFFN,$12.03,1440857734138,"444,730",Not yet rated,NULL,$12.75
CPLP,$6.85,1440857734164,"246,034",71% bullish,of 7 ratings,$11
CSWC,$45.86,1440857734184,"14,727",Not yet rated,NULL,N/A
CAPN,$2.27,1440857734328,"216,917",100% bullish,of 1 rating,$10.85
CAPNW,NULL,1440857734352,0,Not yet rated,NULL,N/A
CAPR,$4.28,1440857734488,"3,636",Not yet rated,NULL,$12
CBYL,$5.38,1440857734564,"28,815",100% bearish,of 1 rating,$20
CPST,$0.4182,1440857734597,"1,396,611",95% bullish,of 22 ratings,$1.25
CARA,$19.25,1440857734698,"104,767",50% bullish,of 4 ratings,$25
CARB,$11.28,1440857734723,"80,399",75% bullish,of 4 ratings,$12
CRDC,$0.37,1440857734851,"98,459",100% bullish,of 1 rating,$1.25
CSII,$24.24,1440857734912,"97,779",100% bearish,of 2 ratings,$42.125
CFNL,$21.88,1440857734940,"97,527",Not yet rated,NULL,$24
CRME,$8.86,1440857734979,"6,283",89% bullish,of 9 ratings,$11.25
CATM,$34.65,1440857735006,"145,056",100% bearish,of 1 rating,$44
CECO,$3.78,1440857735071,"325,880",67% bearish,of 3 ratings,$6
CDNA,$6.86,1440857735100,"9,849",100% bearish,of 1 rating,$9
CTRE,$11.32,1440857735146,"366,158",50% bullish,of 2 ratings,$13.50
CKEC,$23.45,1440857735250,"112,092",50% bullish,of 2 ratings,$35.915
CARO,$15.52,1440857735384,686,100% bearish,of 1 rating,$19
CLBH,$12.7,1440857735404,"1,504",Not yet rated,NULL,$16.50
CART,$5.35,1440857735489,"1,687",100% bearish,of 1 rating,N/A
TAST,$12.68,1440857735563,"294,920",Not yet rated,NULL,$14.25
CRZO,$35.27,1440857735622,"1,680,807",67% bearish,of 3 ratings,$55
CARV,$7,1440857735653,"3,573",50% bullish,of 2 ratings,N/A
CACB,$5.28,1440857735690,"28,460",Not yet rated,NULL,$5.50
CASM,$1.13,1440857735715,"169,953",100% bullish,of 1 rating,$3.50
CSCD,$14.97,1440857735749,"29,328",100% bullish,of 2 ratings,$17
CRTN,$2.49,1440857735794,"4,420",100% bearish,of 1 rating,N/A
CWST,$6.25,1440857735852,"94,168",50% bullish,of 2 ratings,$7.25
CASY,$106.08,1440857735951,"164,558",50% bullish,of 2 ratings,$99.50
CASI,$1.45,1440857736045,"16,210",100% bullish,of 1 rating,$3.50
CATB,$12.3,1440857736091,"12,584",100% bearish,of 1 rating,$28
CASS,$48.74,1440857736130,"12,195",100% bearish,of 1 rating,N/A
CPRX,$3.64,1440857736268,"252,829",71% bullish,of 7 ratings,$7
CATYW,NULL,1440857736390,0,100% bearish,of 1 rating,N/A
CATY,$29.47,1440857736418,"526,220",100% bearish,of 1 rating,$33.50
CAVM,$68.35,1440857736443,"259,220",67% bearish,of 3 ratings,$72
CVCO,$71.58,1440857736469,"22,860",100% bearish,of 1 rating,N/A
CNLM,$9.92,1440857736493,"5,100",Not yet rated,NULL,N/A
CBFV,$20.23,1440857736631,"1,904",Not yet rated,NULL,$25
CNLMR,NULL,1440857736691,0,Not yet rated,NULL,N/A
CNLMU,NULL,1440857736762,0,100% bullish,of 1 rating,N/A
CDK,$49.69,1440857736823,"401,908",67% bearish,of 3 ratings,$50
CNLMW,NULL,1440857736847,0,Not yet rated,NULL,N/A
CBOE,$63.82,1440857736894,"270,550",Not yet rated,NULL,$60
CDW,$39.95,1440857737039,"682,521",75% bullish,of 4 ratings,$44
CELGZ,$1.84,1440857737102,130,80% bullish,of 5 ratings,N/A
CPXX,$2.09,1440857737130,"73,775",100% bullish,of 2 ratings,$7
CECE,$9.72,1440857737183,"43,721",50% bullish,of 2 ratings,$16
CLDX,$15.36,1440857737265,"795,869",89% bullish,of 9 ratings,$36
CELG,$123.72,1440857737303,"3,113,278",92% bullish,of 13 ratings,$155.50
CLDN,$1.11,1440857737337,"380,623",71% bullish,of 7 ratings,$3
CLRB,$3.07,1440857737398,"3,191",100% bearish,of 1 rating,N/A
CLRBW,NULL,1440857737426,0,Not yet rated,NULL,N/A
CLLS,$33.23,1440857737567,"43,557",75% bullish,of 4 ratings,$51.50
CLSN,$2.06,1440857737652,"73,145",80% bullish,of 10 ratings,$7.50
CBMG,$23.56,1440857737711,"38,037",50% bullish,of 2 ratings,N/A
CEMP,$35.8,1440857737913,"347,148",71% bullish,of 7 ratings,$52
CLTX,$2.42,1440857737951,"133,553",100% bullish,of 2 ratings,N/A
CSFL,$13.59,1440857738007,"87,153",Not yet rated,NULL,$15
CETV,$2.14,1440857738040,"134,612",67% bullish,of 3 ratings,$2.80
CYAD,NULL,1440857738065,0,100% bullish,of 1 rating,$87.50
CFBK,$1.37,1440857738086,"2,096",Not yet rated,NULL,N/A
CETX,$2.36,1440857738119,"4,400",Not yet rated,NULL,$5.60
CENT,$12.18,1440857738267,"51,466",Not yet rated,NULL,$10
CENTA,$12.55,1440857738378,"406,884",Not yet rated,NULL,N/A
CNTY,$5.65,1440857738409,"30,032",80% bullish,of 5 ratings,$7.75
CVCY,$11.26,1440857738435,"19,319",Not yet rated,NULL,$12
CNBKA,$41.6,1440857738477,"1,243",50% bullish,of 2 ratings,N/A
CENX,$5.51,1440857738508,"2,154,129",67% bullish,of 6 ratings,$9
CPHD,$50.36,1440857738610,"387,374",67% bearish,of 3 ratings,$66.50
CERU,$3.78,1440857738759,"42,073",75% bullish,of 4 ratings,$15
CERE,$1.14,1440857738794,"230,627",88% bullish,of 8 ratings,N/A
CERN,$63.13,1440857738867,"1,747,634",67% bullish,of 3 ratings,$79
CERS,$4.85,1440857738900,"305,160",75% bullish,of 4 ratings,$7
KOOL,$0.67,1440857738921,"40,840",100% bullish,of 5 ratings,$7
CRNT,$1.43,1440857738949,"82,256",50% bullish,of 2 ratings,$2
CYOU,$20.64,1440857738999,"99,352",50% bullish,of 6 ratings,$24
HOTR,$1.42,1440857739127,"119,259",100% bullish,of 2 ratings,$5
CEVA,$19.13,1440857739259,"98,749",100% bearish,of 1 rating,$25
HOTRW,NULL,1440857739283,0,Not yet rated,NULL,N/A
CTHR,$1.3,1440857739318,"7,326",50% bullish,of 2 ratings,$2.50
GTLS,$24.36,1440857739415,"352,866",50% bullish,of 4 ratings,$40
CHFN,$12.38,1440857739442,"17,917",Not yet rated,NULL,$14
CHTR,$180.1921,1440857739468,"506,492",100% bearish,of 2 ratings,$196
CHEK,$2.1,1440857739631,"3,047",Not yet rated,NULL,$7.75
CEMI,$4.25,1440857739659,"18,500",50% bullish,of 2 ratings,$7.50
CHEKW,NULL,1440857739679,0,Not yet rated,NULL,N/A
CHKP,$78.7204,1440857739719,"690,963",50% bullish,of 4 ratings,$92
CCXI,$6.5,1440857739813,"58,200",67% bullish,of 3 ratings,$14
CHFC,$31.4,1440857739840,"83,177",100% bearish,of 1 rating,$36
CHMG,$26.15,1440857739866,520,Not yet rated,NULL,$30
CHEV,$14.42,1440857739998,"2,230",Not yet rated,NULL,N/A
CHMA,$25.42,1440857740024,"56,946",Not yet rated,NULL,$40
CHKE,$25.46,1440857740078,"11,637",100% bearish,of 1 rating,$32.50
CBNK,$16.25,1440857740186,"7,266",100% bearish,of 1 rating,N/A
PLCE,$59.63,1440857740232,"171,366",100% bearish,of 1 rating,$69
CMRX,$50.48,1440857740366,"233,277",50% bullish,of 2 ratings,$57
CADC,NULL,1440857740430,0,78% bullish,of 9 ratings,N/A
CAAS,$6.55,1440857740495,"22,438",93% bullish,of 14 ratings,$11.50
CBAK,$2.02,1440857740523,"47,677",67% bullish,of 9 ratings,N/A
CALI,$0.89,1440857740558,"13,298",67% bullish,of 3 ratings,N/A
CCCR,$0.79,1440857740659,"1,440",67% bearish,of 3 ratings,N/A
CBPO,$99.9369,1440857740688,"135,210",75% bullish,of 8 ratings,$140.50
CCCL,$0.783,1440857740716,"8,319",100% bullish,of 6 ratings,N/A
JRJC,$3.64,1440857740854,"75,212",82% bullish,of 11 ratings,N/A
CHOP,$1.16,1440857740882,"3,443",50% bullish,of 2 ratings,N/A
HGSH,$1.81,1440857740903,"5,114",67% bullish,of 3 ratings,N/A
CHLN,$1.99,1440857741032,"5,524",67% bullish,of 3 ratings,N/A
CNIT,$1.37,1440857741057,"110,498",67% bullish,of 6 ratings,N/A
CJJD,$1.87,1440857741110,"12,291",100% bullish,of 1 rating,N/A
HTHT,$25.57,1440857741215,"81,705",50% bullish,of 2 ratings,$28.40
CREG,$0.7,1440857741251,"37,457",100% bullish,of 3 ratings,N/A
CHNR,$1.57,1440857741282,"4,716",100% bearish,of 1 rating,N/A
CNTF,$0.804,1440857741377,"91,538",Not yet rated,NULL,N/A
CPGI,NULL,1440857741417,0,Not yet rated,NULL,N/A
CSUN,$1.48,1440857741482,"12,166",80% bullish,of 5 ratings,N/A
CXDC,$5.72,1440857741552,"37,730",67% bearish,of 3 ratings,N/A
CNYD,$3.35,1440857741642,"14,299",67% bullish,of 3 ratings,N/A
CCIH,$7.31,1440857741707,"195,215",67% bullish,of 6 ratings,$12.65
CHSCL,$27.01,1440857741773,"14,960",Not yet rated,NULL,N/A
CNET,$0.898,1440857741804,"40,200",50% bullish,of 2 ratings,N/A
IMOS,$18.56,1440857741863,"157,340",60% bullish,of 5 ratings,$21.50
CHSCM,$26.12,1440857741901,"14,760",Not yet rated,NULL,N/A
CHSCN,$27.27,1440857741995,"2,175",Not yet rated,NULL,N/A
CHSCO,$28.31,1440857742026,"2,888",Not yet rated,NULL,N/A
CHSCP,$30.51,1440857742051,"4,500",Not yet rated,NULL,N/A
CHUY,$31.57,1440857742206,"143,174",50% bullish,of 2 ratings,$34
CHDN,$133.5,1440857742234,"100,896",Not yet rated,NULL,$165
CIFC,$7.04,1440857742259,"4,824",100% bearish,of 1 rating,N/A
CDTX,$14.67,1440857742289,"15,045",Not yet rated,NULL,$22
CMCT,$15.3899,1440857742391,200,100% bearish,of 1 rating,N/A
CMPR,$73.46,1440857742419,"272,387",50% bullish,of 2 ratings,$72.50
CINF,$52.79,1440857742522,"561,411",50% bullish,of 4 ratings,$50.50
CIDM,$0.5736,1440857742654,"95,380",50% bullish,of 2 ratings,$2.10
CTAS,$85.3785,1440857742708,"330,304",100% bearish,of 1 rating,$91
CRUS,$30.21,1440857742735,"732,197",75% bullish,of 12 ratings,$44.50
CPHR,$5.33,1440857742760,"49,892",100% bearish,of 1 rating,$17
CSCO,$26.02,1440857742819,"21,265,874",84% bullish,of 209 ratings,$32
CZNC,$19.84,1440857742924,"9,181",Not yet rated,NULL,N/A
CTRN,$26.73,1440857742985,"81,046",100% bearish,of 1 rating,$31.50
CZWI,$8.97,1440857743029,974,Not yet rated,NULL,N/A
CTXS,$68.69,1440857743113,"1,229,256",86% bullish,of 7 ratings,$80
CZFC,NULL,1440857743159,0,Not yet rated,NULL,N/A
CIVB,$10.07,1440857743290,"6,435",Not yet rated,NULL,$11
CHCO,$47.25,1440857743365,"42,647",Not yet rated,NULL,$46
CIVBP,$33.21,1440857743396,353,Not yet rated,NULL,N/A
CIZN,$19.33,1440857743426,"2,439",Not yet rated,NULL,N/A
CDTI,$1.61,1440857743499,"54,168",75% bullish,of 4 ratings,$3.20
CLNE,$5.18,1440857743524,"972,530",80% bullish,of 15 ratings,$9
CLNT,$1.5,1440857743657,"17,654",75% bullish,of 8 ratings,N/A
CLIR,$4.67,1440857743790,"79,948",100% bullish,of 3 ratings,N/A
CBLI,$3.8,1440857743824,"30,681",60% bullish,of 5 ratings,N/A
CLRO,$11.51,1440857743859,"4,079",50% bullish,of 2 ratings,$14.25
CLFD,$17.21,1440857743880,"38,655",67% bullish,of 3 ratings,$18
CMFN,$11.17,1440857743963,"26,820",100% bearish,of 1 rating,$15.50
CSBK,$13.62,1440857743991,"66,040",Not yet rated,NULL,N/A
CLVS,$80.54,1440857744019,"406,345",60% bullish,of 5 ratings,$101.50
CME,$94.62,1440857744154,"1,009,749",67% bullish,of 3 ratings,$102
CNV,$4.43,1440857744319,"28,444",50% bullish,of 2 ratings,$7.15
CCNE,$16.98,1440857744362,"9,188",50% bullish,of 2 ratings,$21.50
CISG,$7.81,1440857744390,"67,936",100% bullish,of 5 ratings,$10
CWAY,$11.11,1440857744419,"4,726",Not yet rated,NULL,N/A
COBZ,$12.84,1440857744496,"40,728",100% bullish,of 1 rating,$14
CDRB,$13.97,1440857744550,"24,525",67% bullish,of 3 ratings,N/A
CDXS,$3.8,1440857744575,"19,698",64% bullish,of 11 ratings,$6
COKE,$157.56,1440857744603,"23,920",79% bullish,of 19 ratings,N/A
CVLY,$20.32,1440857744800,722,Not yet rated,NULL,N/A
CCOI,$27.46,1440857744895,"445,468",50% bullish,of 4 ratings,$35
JVA,$4.63,1440857744957,"11,572",83% bullish,of 6 ratings,$7
CGNT,$1.53,1440857744982,"56,889",100% bullish,of 2 ratings,$2
CGNX,$35.49,1440857745041,"359,217",50% bullish,of 2 ratings,$47
COHR,$57.83,1440857745074,"78,704",50% bullish,of 2 ratings,$72
CTSH,$63.72,1440857745095,"2,758,536",90% bullish,of 10 ratings,$75
CHRS,$28.98,1440857745183,"79,672",67% bearish,of 3 ratings,$37
CLRX,$0.54,1440857745364,"44,213",50% bullish,of 2 ratings,N/A
CLCT,$18.27,1440857745400,"26,386",100% bearish,of 1 rating,N/A
CIGI,$43.29,1440857745468,"40,937",100% bearish,of 1 rating,$52
COHU,$9.65,1440857745528,"127,716",100% bearish,of 1 rating,$14.25
COLL,$15.34,1440857745556,"40,817",100% bearish,of 1 rating,$26
CBAN,$8.75,1440857745577,"1,516",Not yet rated,NULL,N/A
CLCD,$6.63,1440857745725,"68,876",100% bearish,of 1 rating,$20.50
COLB,$30.05,1440857745753,"150,126",Not yet rated,NULL,$36
CBMX,$1.1,1440857745946,"19,525",83% bullish,of 6 ratings,$3.15
CBSHP,$25.42,1440857745974,"26,034",100% bearish,of 1 rating,N/A
COLM,$60.64,1440857746005,"88,479",100% bearish,of 1 rating,$71
CMCSK,$57.62,1440857746027,"1,941,868",Not yet rated,NULL,$84
CMCSA,$56.77,1440857746056,"7,743,132",66% bullish,of 35 ratings,$69.50
CMCO,$18.73,1440857746107,"73,520",60% bullish,of 5 ratings,$28
CBSH,$44.5989,1440857746156,"229,533",50% bullish,of 2 ratings,$46
COMM,$31.9,1440857746376,"725,355",67% bearish,of 3 ratings,$35
CUBN,NULL,1440857746400,0,Not yet rated,NULL,N/A
CVGI,$4.96,1440857746430,"43,835",50% bullish,of 2 ratings,$6
CSAL,$20.6041,1440857746459,"433,349",75% bullish,of 4 ratings,$30
JCS,$8.61,1440857746484,"7,525",67% bullish,of 3 ratings,N/A
ESXB,$5.06,1440857746559,"3,468",Not yet rated,NULL,N/A
CYHHZ,$0.01,1440857746712,"76,000",100% bullish,of 1 rating,N/A
CWBC,$6.7,1440857746766,"1,519",Not yet rated,NULL,N/A
CTBI,$34.87,1440857746794,"53,139",Not yet rated,NULL,$36
CVLT,$35.7,1440857746856,"499,857",75% bullish,of 4 ratings,$44.50
COB,$10.44,1440857746926,"13,253",100% bullish,of 1 rating,$11.75
CIZ,$33.45,1440857747011,"1,507",100% bearish,of 1 rating,N/A
CIL,NULL,1440857747061,0,Not yet rated,NULL,N/A
CDC,$34.78,1440857747156,"3,743",Not yet rated,NULL,N/A
CSA,NULL,1440857747188,0,Not yet rated,NULL,N/A
CID,NULL,1440857747208,0,Not yet rated,NULL,N/A
CSF,$36.75,1440857747243,"4,489",100% bearish,of 1 rating,N/A
CFA,$35.7,1440857747287,900,100% bearish,of 1 rating,N/A
CFO,$35.63,1440857747342,"150,250",100% bearish,of 1 rating,N/A
CGEN,$5.2,1440857747546,"49,804",50% bullish,of 2 ratings,$11
CDL,NULL,1440857747570,0,Not yet rated,NULL,N/A
CSB,$32.92,1440857747594,200,Not yet rated,NULL,N/A
SCOR,$53.74,1440857747756,"303,382",100% bearish,of 1 rating,$66
CHCI,$0.65,1440857747886,"20,669",50% bullish,of 2 ratings,N/A
CPSI,$45.63,1440857747916,"70,148",100% bearish,of 1 rating,$45.50
CTG,$6.51,1440857747945,"63,423",100% bearish,of 1 rating,$8.50
CMTL,$25.29,1440857747974,"132,707",100% bearish,of 2 ratings,$37
CNCE,$15.95,1440857748001,"103,480",75% bullish,of 4 ratings,$22
CNAT,$4.05,1440857748022,"58,100",83% bullish,of 6 ratings,$13
CNSI,$18.77,1440857748060,"63,344",100% bearish,of 2 ratings,$29
CXRX,$75.05,1440857748153,"5,908",100% bearish,of 1 rating,$90
CCUR,$5.46,1440857748248,"80,309",75% bullish,of 4 ratings,N/A
CDORO,$18.95,1440857748292,"1,200",100% bearish,of 1 rating,N/A
CDOR,$1.35,1440857748325,"4,361",100% bullish,of 1 rating,N/A
CDORP,$7,1440857748378,400,100% bearish,of 1 rating,N/A
CNMD,$53.23,1440857748656,"80,020",Not yet rated,NULL,$59
CNFR,$10.18,1440857748681,"11,241",Not yet rated,NULL,N/A
CFMS,$19.77,1440857748707,"86,468",Not yet rated,NULL,$27
CNOB,$19.01,1440857748759,"42,656",100% bullish,of 1 rating,$23.50
CNXR,$6.93,1440857748836,"72,869",100% bearish,of 1 rating,$12
CTWS,$34.5,1440857748866,"20,376",100% bearish,of 1 rating,$44
CNSL,$19.76,1440857748887,"196,877",100% bearish,of 1 rating,$23
CTCT,$25.04,1440857748918,"195,271",67% bullish,of 3 ratings,$37
CWCO,$10.94,1440857749100,"91,573",67% bullish,of 3 ratings,$14.50
CONN,$29.44,1440857749159,"528,417",67% bullish,of 3 ratings,$48.50
CFRXW,$1.95,1440857749251,"2,650",100% bearish,of 1 rating,N/A
CPSS,$5.6,1440857749276,"22,982",100% bullish,of 1 rating,$10
CFRXZ,$0.599,1440857749327,600,Not yet rated,NULL,N/A
CFRX,$5.08,1440857749355,"7,722",Not yet rated,NULL,$14
CTRV,$3.68,1440857749484,"4,034",Not yet rated,NULL,$6.40
CTRL,$8.97,1440857749634,"133,195",50% bullish,of 2 ratings,$11
CORT,$5.18,1440857749666,"216,538",67% bullish,of 3 ratings,$12
CRBP,$1.92,1440857749693,"146,083",100% bullish,of 2 ratings,$6.25
BVA,$3.75,1440857749719,627,50% bullish,of 2 ratings,N/A
CPRT,$34.99,1440857749745,"286,933",67% bearish,of 3 ratings,$40
CSOD,$36.17,1440857749772,"273,201",50% bullish,of 2 ratings,$42
CORE,$59.67,1440857749909,"118,215",100% bearish,of 1 rating,$72
CORI,$10.45,1440857750013,"37,147",100% bearish,of 1 rating,$18
COSI,$1.17,1440857750142,"158,610",100% bullish,of 1 rating,N/A
COST,$140.29,1440857750171,"1,445,606",79% bullish,of 24 ratings,$154.50
CSGP,$181.38,1440857750195,"68,173",50% bullish,of 2 ratings,$235
CRVL,$30.91,1440857750224,"28,940",100% bearish,of 1 rating,N/A
CPAH,$0.4301,1440857750301,"2,700",50% bullish,of 2 ratings,N/A
CVTI,$23.51,1440857750391,"93,135",67% bearish,of 3 ratings,$39
COVS,$2.7,1440857750531,"62,906",67% bullish,of 3 ratings,N/A
COWN,$5.23,1440857750564,"635,563",75% bullish,of 4 ratings,$7
COWNL,$26.65,1440857750591,"2,100",Not yet rated,NULL,N/A
ICBK,$18.11,1440857750612,228,Not yet rated,NULL,$21
CRAI,$22.05,1440857750651,"27,938",100% bearish,of 1 rating,$36
CPSH,$2.18,1440857750675,"1,167",Not yet rated,NULL,N/A
BREW,$7.97,1440857750752,"39,101",67% bullish,of 6 ratings,$15
CBRL,$145.82,1440857750949,"142,127",50% bullish,of 2 ratings,$155
CRAY,$20.41,1440857750977,"251,324",83% bullish,of 6 ratings,$38.50
CACC,$197.5495,1440857751079,"34,208",50% bullish,of 2 ratings,$158.50
CREE,$26.99,1440857751151,"801,140",65% bullish,of 17 ratings,$29.50
SLVO,$10.04,1440857751307,"2,848",100% bearish,of 1 rating,N/A
CRESY,$10.35,1440857751334,"27,734",100% bearish,of 1 rating,$19
GLDI,$11.01,1440857751368,"3,640",100% bearish,of 1 rating,N/A
CRTO,$43.1,1440857751398,"295,607",67% bullish,of 6 ratings,$64
CCRN,$14.14,1440857751465,"142,037",100% bearish,of 1 rating,$14.25
CROX,$14.52,1440857751492,"662,990",63% bullish,of 8 ratings,$16.50
CRWS,$8.07,1440857751520,"4,508",Not yet rated,NULL,$10
CRDS,$1,1440857751549,"42,738",75% bullish,of 4 ratings,$4.50
CRWN,$4.47,1440857751726,"38,249",75% bullish,of 4 ratings,N/A
CYRX,$2.885,1440857751751,"11,794",Not yet rated,NULL,$9
CYRXW,$0.83,1440857751798,200,Not yet rated,NULL,N/A
CCLP,$15.38,1440857751994,"30,912",67% bearish,of 3 ratings,$20
CSGS,$31.14,1440857752051,"222,878",Not yet rated,NULL,$40
CTIB,$3.63,1440857752138,"3,890",100% bearish,of 1 rating,N/A
CSPI,$5.71,1440857752164,516,67% bullish,of 3 ratings,N/A
CTCM,$1.83,1440857752195,"114,360",80% bearish,of 5 ratings,$3.90
CUI,$5.32,1440857752217,"29,604",50% bullish,of 2 ratings,$10
CTIC,$1.6,1440857752247,"646,597",84% bullish,of 76 ratings,$5.75
CUNB,$21.18,1440857752280,"14,251",Not yet rated,NULL,$24.50
CTRP,$71.1413,1440857752350,"1,216,212",75% bullish,of 8 ratings,$93
CPIX,$6.04,1440857752493,"5,828",Not yet rated,NULL,N/A
CRIS,$2.59,1440857752523,"166,862",100% bullish,of 8 ratings,$6
CUTR,$14.46,1440857752549,"32,831",67% bearish,of 3 ratings,$18
CMLS,$1.42,1440857752627,"374,324",50% bullish,of 4 ratings,$6
CVV,$10.97,1440857752832,"7,294",100% bullish,of 5 ratings,N/A
CVBF,$16,1440857752857,"493,743",Not yet rated,NULL,$18
CYAN,$7.6,1440857752892,"2,172",100% bearish,of 1 rating,N/A
CYBE,$6.76,1440857752918,"22,725",100% bearish,of 1 rating,N/A
CYBX,$67,1440857752985,"196,566",50% bullish,of 4 ratings,$71.50
CYBR,$52.4,1440857753014,"680,705",75% bullish,of 8 ratings,$66
CYNA,$16.17,1440857753054,"27,144",50% bullish,of 2 ratings,$31.50
CYCCP,NULL,1440857753078,0,100% bearish,of 1 rating,N/A
CYCC,$0.55,1440857753210,"63,851",73% bullish,of 11 ratings,N/A
CBAY,$2.63,1440857753267,"56,866",100% bullish,of 1 rating,$4
CYNO,$31.41,1440857753292,"137,063",67% bearish,of 3 ratings,$45.50
CY,$10.09,1440857753345,"2,674,911",80% bullish,of 10 ratings,$15.50
CYRN,$1.7,1440857753478,"29,421",67% bullish,of 3 ratings,$4
CYTK,$7,1440857753648,"180,145",71% bullish,of 14 ratings,$13.50
CTSO,$6.89,1440857753674,"27,244",Not yet rated,NULL,$15.625
CYTX,$0.315,1440857753705,"2,360,173",83% bullish,of 12 ratings,$5.50
CONE,$32.3,1440857753733,"247,421",67% bearish,of 3 ratings,$35.50
CYTR,$2.39,1440857753754,"318,266",67% bullish,of 6 ratings,$10
DAEG,$0.35,1440857753801,"11,063",100% bearish,of 1 rating,N/A
TVIZ,$19.51,1440857753885,"3,315",100% bearish,of 1 rating,N/A
XIV,$27,1440857754021,"18,307,444",75% bearish,of 4 ratings,N/A
TVIX,$13.35,1440857754051,"14,107,659",81% bullish,of 16 ratings,N/A
DJCO,$191.42,1440857754095,502,Not yet rated,NULL,N/A
DAKT,$8.64,1440857754122,"421,544",50% bullish,of 2 ratings,$12
ZIV,$40.01,1440857754153,"153,112",Not yet rated,NULL,N/A
DARA,$0.86,1440857754258,"24,822",83% bullish,of 6 ratings,$1.50
DAIO,$2.49,1440857754405,"4,973",Not yet rated,NULL,N/A
DTLK,$5.85,1440857754467,"72,201",100% bearish,of 1 rating,$9
DWCH,$5.26,1440857754508,"21,471",75% bullish,of 4 ratings,$8.25
DRAM,$1.28,1440857754550,"16,449",78% bullish,of 9 ratings,N/A
PLAY,$34.43,1440857754599,"121,342",100% bullish,of 5 ratings,$42
DTEA,$13.15,1440857754697,"48,592",100% bearish,of 2 ratings,$24
TRAK,$62.85,1440857754774,"645,671",50% bullish,of 2 ratings,$62.50
DHRM,$1.48,1440857754802,"7,227",Not yet rated,NULL,N/A
DWSN,$4.54,1440857754843,"13,558",67% bullish,of 3 ratings,N/A
DBVT,$41.26,1440857754936,"32,497",100% bearish,of 1 rating,$53
DFRG,$14.59,1440857755003,"99,897",100% bearish,of 1 rating,$20
TACOW,$4.05,1440857755032,"18,932",100% bullish,of 1 rating,N/A
DCTH,$0.4003,1440857755166,"122,121",78% bullish,of 9 ratings,N/A
TACO,$13.1236,1440857755187,"97,042",75% bullish,of 4 ratings,$20
DGAS,$20.12,1440857755227,"3,626",67% bearish,of 3 ratings,N/A
DELT,$2.52,1440857755314,"6,000",Not yet rated,NULL,N/A
DENN,$11.48,1440857755408,"411,859",100% bullish,of 3 ratings,$15
DELTW,NULL,1440857755439,0,Not yet rated,NULL,N/A
XRAY,$53.26,1440857755514,"455,198",100% bullish,of 1 rating,$58
DEPO,$28.38,1440857755569,"492,842",60% bullish,of 5 ratings,$29
DSCI,$5.93,1440857755612,"30,721",50% bullish,of 2 ratings,$16
DERM,$27.24,1440857755655,"101,807",100% bearish,of 1 rating,$33.50
DXLG,$5.62,1440857755724,"88,393",100% bearish,of 1 rating,$8
DEST,$11.13,1440857755752,"20,183",50% bullish,of 2 ratings,N/A
DSWL,$1.71,1440857755895,"4,300",100% bullish,of 1 rating,N/A
DXM,$0.26,1440857755922,"140,456",50% bullish,of 2 ratings,N/A
DXCM,$94.3009,1440857756066,"601,324",57% bullish,of 7 ratings,$98
DHXM,$6.82,1440857756092,"1,035",Not yet rated,NULL,N/A
DHIL,$194.72,1440857756224,"3,494",Not yet rated,NULL,N/A
FANG,$66.56,1440857756251,"945,281",50% bullish,of 2 ratings,$86.50
DMND,$29.77,1440857756272,"137,181",75% bullish,of 12 ratings,$32
DCIX,$1.74,1440857756303,"50,106",50% bullish,of 4 ratings,$3.50
DGII,$10.06,1440857756433,"88,413",100% bearish,of 1 rating,$10
DRNA,$11.13,1440857756470,"76,464",67% bearish,of 3 ratings,$25
DMRC,$37.81,1440857756491,"119,126",100% bearish,of 1 rating,$44
DGLY,$8.6,1440857756573,"110,448",50% bullish,of 6 ratings,$20
DCOM,$17.01,1440857756595,"121,317",100% bearish,of 2 ratings,$16.50
APPS,$2.43,1440857756630,"110,613",100% bearish,of 1 rating,$10.25
DRAD,$3.7,1440857756661,"14,268",100% bullish,of 1 rating,$5.25
DIOD,$19.93,1440857756763,"100,117",75% bearish,of 4 ratings,$24
DPRX,$13.52,1440857756842,"8,669",100% bullish,of 2 ratings,$27.75
DISCA,$27.1127,1440857756867,"1,476,936",67% bullish,of 3 ratings,$34
DISCB,NULL,1440857757052,0,100% bearish,of 1 rating,$35
DISCK,$25.71,1440857757095,"1,450,570",100% bearish,of 1 rating,$32
DVCR,$10.8,1440857757143,"5,362",100% bullish,of 1 rating,N/A
DISH,$59.62,1440857757236,"664,919",69% bullish,of 13 ratings,$73
DLHC,$2.45,1440857757264,"2,228",100% bearish,of 1 rating,N/A
DNBF,$25.76,1440857757300,408,Not yet rated,NULL,$27.50
DSCO,$0.42,1440857757325,"233,070",83% bullish,of 6 ratings,$2.75
BAGR,$2.77,1440857757393,"10,502",100% bearish,of 1 rating,$6
DLTR,$76.7377,1440857757422,"1,695,005",82% bullish,of 11 ratings,$88
DGICA,$14.27,1440857757524,"10,088",100% bearish,of 1 rating,$17
DGICB,NULL,1440857757586,0,100% bearish,of 1 rating,N/A
DMLP,$14.39,1440857757657,"9,844",100% bearish,of 1 rating,N/A
DORM,$50.42,1440857757714,"213,968",100% bearish,of 1 rating,$56
HILL,$9.665,1440857757765,"1,225,949",60% bearish,of 5 ratings,$9.75
DRWI,$0.21,1440857757869,"608,108",60% bullish,of 5 ratings,$.45
DRWIW,$0.04,1440857757894,318,Not yet rated,NULL,N/A
DWA,$20.29,1440857757920,"780,239",63% bullish,of 8 ratings,$26
DSPG,$8.55,1440857758059,"86,341",100% bearish,of 1 rating,$13.50
DSKX,$3.25,1440857758090,"269,494",100% bullish,of 1 rating,N/A
DRYS,$0.44,1440857758111,"3,465,209",77% bullish,of 31 ratings,$.60
CADT,NULL,1440857758146,0,Not yet rated,NULL,N/A
CADTR,NULL,1440857758254,0,Not yet rated,NULL,N/A
CADTU,NULL,1440857758325,0,Not yet rated,NULL,N/A
CADTW,NULL,1440857758351,0,Not yet rated,NULL,N/A
DTSI,$27.07,1440857758416,"64,293",100% bearish,of 2 ratings,$39.50
DRRX,$2.1,1440857758520,"174,261",50% bullish,of 6 ratings,$3
DNKN,$51.69,1440857758547,"615,001",67% bullish,of 15 ratings,$56.50
DXPE,$28.01,1440857758678,"198,401",50% bullish,of 2 ratings,N/A
DYAX,$23.69,1440857758708,"450,638",89% bullish,of 9 ratings,$30
DYNT,$3,1440857758786,"2,521",75% bullish,of 4 ratings,N/A
BOOM,$10.64,1440857758820,"121,109",67% bullish,of 3 ratings,$12
DVAX,$29.76,1440857758846,"286,822",70% bullish,of 10 ratings,$40
DYSL,$1.44,1440857758871,"9,241",100% bullish,of 2 ratings,N/A
ETFC,$26.53,1440857758919,"1,656,489",57% bullish,of 14 ratings,$32.50
EBMT,$11.54,1440857759071,"1,076",Not yet rated,NULL,$13.50
EGLE,$6.51,1440857759127,"44,799",60% bullish,of 5 ratings,N/A
EGBN,$41.91,1440857759157,"45,548",Not yet rated,NULL,$48
EGRX,$83.67,1440857759213,"183,576",67% bullish,of 3 ratings,$97
ELNK,$8.45,1440857759263,"507,260",60% bullish,of 5 ratings,$9.50
EROC,$1.54,1440857759288,"321,569",50% bullish,of 2 ratings,$3
EML,$16.47,1440857759467,"7,046",Not yet rated,NULL,N/A
EWBC,$40.36,1440857759503,"524,091",100% bearish,of 1 rating,$50
EACQU,NULL,1440857759598,0,Not yet rated,NULL,N/A
EBIX,$28.21,1440857759627,"195,546",69% bullish,of 13 ratings,$40
EVBS,$6.6,1440857759655,"16,168",Not yet rated,NULL,$7
EBAY,$27.25,1440857759675,"6,618,106",81% bullish,of 117 ratings,$34
ELON,$0.5649,1440857759707,"28,406",50% bullish,of 2 ratings,N/A
ECTE,$1.46,1440857759866,"3,701",75% bullish,of 4 ratings,N/A
ECHO,$23.01,1440857759932,"541,539",67% bearish,of 3 ratings,$35.50
SATS,$44.59,1440857759965,"56,536",50% bullish,of 2 ratings,$60
EEI,$11.15,1440857759993,"3,106",67% bearish,of 3 ratings,N/A
ECACU,$10.1,1440857760033,"3,602",Not yet rated,NULL,N/A
ESES,$3.22,1440857760161,"2,164",100% bearish,of 1 rating,$7
EFUT,$4.63,1440857760247,700,Not yet rated,NULL,N/A
EDAP,$3.6,1440857760343,"25,350",60% bullish,of 5 ratings,$4.50
EGLT,$10.66,1440857760379,"20,932",50% bullish,of 2 ratings,$21
EDGW,$7.01,1440857760406,"10,591",100% bearish,of 1 rating,N/A
EDUC,$5.55,1440857760429,"21,651",100% bearish,of 1 rating,N/A
EGAN,$3.64,1440857760468,"7,806",50% bullish,of 2 ratings,$6.25
LOCO,$13.72,1440857760499,"1,206,901",77% bullish,of 13 ratings,$20
EHTH,$14.1,1440857760569,"168,301",50% bullish,of 4 ratings,$16.50
EMITF,$1.18,1440857760601,"3,474",75% bullish,of 4 ratings,N/A
ESLT,$76.65,1440857760784,"2,915",67% bullish,of 3 ratings,N/A
ERI,$9.7,1440857760918,"144,246",100% bearish,of 1 rating,$10
ESIO,$4.43,1440857760970,"140,353",50% bullish,of 2 ratings,$10
ELRC,$10.71,1440857761048,"16,406",100% bearish,of 1 rating,N/A
ELEC,NULL,1440857761076,0,Not yet rated,NULL,N/A
EA,$67.91,1440857761127,"2,056,941",77% bullish,of 35 ratings,$80
ELSE,$3.9999,1440857761162,500,60% bullish,of 5 ratings,N/A
EFII,$44.09,1440857761205,"127,147",80% bullish,of 5 ratings,$55
ELECW,NULL,1440857761260,0,Not yet rated,NULL,N/A
ELECU,NULL,1440857761286,0,Not yet rated,NULL,N/A
ESBK,$19.66,1440857761313,423,Not yet rated,NULL,N/A
EBIO,$3.55,1440857761442,"154,084",100% bearish,of 2 ratings,$8.35
CAPX,$22.93,1440857761472,"13,900",Not yet rated,NULL,N/A
RDEN,$10.95,1440857761506,"74,308",100% bearish,of 4 ratings,$15
LONG,$17.04,1440857761576,"9,996",67% bullish,of 3 ratings,$15.75
ELTK,$1.34,1440857761602,"144,213",67% bearish,of 3 ratings,N/A
EMCI,$23.2,1440857761807,"15,362",Not yet rated,NULL,N/A
EMCF,$23.06,1440857761863,100,100% bearish,of 1 rating,N/A
EMMSP,$3,1440857761987,200,100% bearish,of 1 rating,N/A
EMMS,$1.12,1440857762016,"136,017",83% bullish,of 6 ratings,N/A
EMKR,$7.06,1440857762045,"65,081",75% bullish,of 4 ratings,$8.50
NYNY,$4.37,1440857762077,"30,167",50% bullish,of 2 ratings,N/A
ERS,$2.83,1440857762116,"6,582",Not yet rated,NULL,N/A
ENDP,$78.7,1440857762178,"843,248",50% bullish,of 6 ratings,$104
ECPG,$40.13,1440857762205,"153,412",100% bullish,of 2 ratings,$52
ENTA,$41.18,1440857762375,"122,390",50% bullish,of 2 ratings,$42
WIRE,$31.67,1440857762401,"90,127",100% bearish,of 1 rating,$37
ECYT,$5.28,1440857762444,"159,581",83% bullish,of 6 ratings,$12
EIGI,$15.55,1440857762480,"197,582",67% bearish,of 3 ratings,$22.50
ELGX,$13.04,1440857762536,"310,868",75% bullish,of 4 ratings,$17
WATT,$6.99,1440857762670,"124,032",50% bullish,of 2 ratings,$13
ENOC,$9.35,1440857762799,"300,726",75% bullish,of 4 ratings,$18
EFOI,$22,1440857762824,"907,367",50% bullish,of 2 ratings,$20.50
EXXI,$1.83,1440857762852,"2,134,615",86% bullish,of 7 ratings,$3.50
ERII,$2.69,1440857762882,"49,581",80% bullish,of 5 ratings,$2.50
ENG,$1,1440857762910,"10,728",100% bullish,of 3 ratings,N/A
ENPH,$4.58,1440857762982,"408,795",75% bullish,of 4 ratings,$11
ENFC,$17.63,1440857763083,"14,896",Not yet rated,NULL,N/A
ESGR,$146.02,1440857763222,"29,141",100% bearish,of 1 rating,$185
ENTL,$22.19,1440857763269,"11,224",Not yet rated,NULL,$28
ENTG,$13.7,1440857763294,"498,237",100% bearish,of 1 rating,$18
EBTC,$21.14,1440857763323,"4,216",Not yet rated,NULL,N/A
ETRM,$0.27,1440857763351,"540,107",69% bearish,of 35 ratings,$1.625
EFSC,$23.84,1440857763429,"31,437",Not yet rated,NULL,$27
EGT,$2.14,1440857763562,"13,092",100% bullish,of 1 rating,N/A
ENVI,$1.85,1440857763637,"22,541",67% bullish,of 3 ratings,N/A
ENZY,$9.69,1440857763664,"20,091",67% bullish,of 3 ratings,$9.50
ENZN,$1.05,1440857763706,"191,259",100% bullish,of 9 ratings,N/A
EPIQ,$12.94,1440857763810,"95,473",100% bearish,of 1 rating,$18
EPRS,$5.3,1440857763845,"65,326",82% bullish,of 11 ratings,$15
EPZM,$20.1,1440857763869,"274,818",60% bullish,of 5 ratings,$34
PLUS,$76.75,1440857763894,"44,219",50% bullish,of 2 ratings,$88
EQIX,$268.78,1440857764131,"317,195",75% bullish,of 4 ratings,$312.50
EQFN,NULL,1440857764232,0,100% bearish,of 1 rating,N/A
EAC,$3.37,1440857764291,"4,106",100% bearish,of 1 rating,$8
ERIE,$82.6965,1440857764423,"23,830",Not yet rated,NULL,$73
ERIC,$9.95,1440857764452,"1,517,001",67% bullish,of 9 ratings,$12.20
ESCA,$18,1440857764530,"15,345",100% bearish,of 1 rating,$22
ESCR,$0.12,1440857764557,"313,269",50% bullish,of 2 ratings,N/A
ESCRP,$1.15,1440857764591,"3,261",100% bearish,of 1 rating,N/A
ESSA,$12.81,1440857764686,"2,219",100% bearish,of 1 rating,N/A
ESPR,$52.27,1440857764750,"597,174",70% bearish,of 10 ratings,$123
ESND,$34.46,1440857764781,"110,118",100% bearish,of 2 ratings,$40
ESMC,$1.31,1440857764833,"1,148",Not yet rated,NULL,N/A
EPIX,NULL,1440857764865,0,Not yet rated,NULL,N/A
ESSX,$0.4461,1440857764961,"121,833",50% bullish,of 2 ratings,N/A
ETSY,$14.82,1440857765059,"411,302",80% bullish,of 5 ratings,$16
CLWT,NULL,1440857765110,0,100% bullish,of 1 rating,N/A
EEFT,$65.62,1440857765205,"156,788",100% bearish,of 1 rating,$67.50
EVEP,$8.27,1440857765311,"378,682",50% bullish,of 2 ratings,$15
ESEA,$5.37,1440857765361,"3,809",100% bullish,of 1 rating,$15
EVK,$3.75,1440857765387,267,75% bearish,of 4 ratings,N/A
EVOK,$3.75,1440857765443,"45,220",100% bearish,of 1 rating,$13.375
EVLV,$2.68,1440857765516,"224,794",60% bullish,of 5 ratings,$5.125
EVOL,$5.98,1440857765543,"4,531",75% bullish,of 4 ratings,$10
EXAS,$22.34,1440857765598,"466,825",78% bullish,of 9 ratings,$31
EXA,$11.19,1440857765627,"12,872",100% bearish,of 1 rating,$13
EXAC,$18.64,1440857765737,"19,525",100% bearish,of 1 rating,$22.50
EXEL,$6.06,1440857765794,"3,042,838",81% bullish,of 16 ratings,$6
EXFO,$2.74,1440857765821,"3,109",67% bearish,of 3 ratings,$3.95
EXLS,$36.47,1440857765870,"100,676",50% bullish,of 2 ratings,$41
EXPE,$116.5217,1440857766014,"591,733",64% bullish,of 11 ratings,$130
EXTR,$2.85,1440857766147,"441,776",80% bullish,of 5 ratings,$3
EXPD,$49.66,1440857766178,"1,275,347",80% bullish,of 5 ratings,$52
EXPO,$42.71,1440857766205,"77,752",100% bearish,of 1 rating,$45.50
EYEG,$3.63,1440857766226,"8,530",Not yet rated,NULL,N/A
EXLP,$20.8232,1440857766278,"166,876",100% bearish,of 1 rating,$25
ESRX,$84.46,1440857766366,"2,106,762",67% bearish,of 6 ratings,$101
EZCH,$22.5819,1440857766392,"100,750",75% bullish,of 8 ratings,$19.50
EZPW,$5.83,1440857766464,"233,828",50% bullish,of 4 ratings,$7.50
EYEGW,NULL,1440857766621,0,Not yet rated,NULL,N/A
FFIV,$122.97,1440857766647,"535,549",63% bullish,of 8 ratings,$132
FCS,$13.71,1440857766776,"593,435",67% bearish,of 3 ratings,$17
FRP,$16.22,1440857766805,"95,097",100% bearish,of 1 rating,$18
FWM,$2.25,1440857766853,"117,046",100% bearish,of 2 ratings,$3.20
FB,$90.997,1440857766910,"21,405,623",73% bullish,of 1070 ratings,$111
FALC,$1.76,1440857766946,"108,050",63% bearish,of 8 ratings,N/A
FMNB,$8.27,1440857766983,"9,733",Not yet rated,NULL,N/A
DAVE,$15.36,1440857767042,"17,244",100% bearish,of 1 rating,$15.50
FFKT,$25.89,1440857767070,"7,909",Not yet rated,NULL,$29
FARM,$22.94,1440857767154,"20,353",100% bearish,of 1 rating,$35
FAST,$38.69,1440857767205,"1,512,410",80% bullish,of 5 ratings,$45.50
FARO,$38.01,1440857767232,"102,628",50% bullish,of 2 ratings,$48
FATE,$7.21,1440857767286,"24,853",50% bullish,of 2 ratings,$11
FBSS,$15.29,1440857767388,200,Not yet rated,NULL,N/A
FBRC,$22.28,1440857767416,"11,421",100% bearish,of 1 rating,$29
FNHC,$21.79,1440857767577,"82,959",100% bearish,of 1 rating,$35
FDML,$8.72,1440857767602,"236,899",50% bullish,of 4 ratings,$14
FEIC,$75.72,1440857767654,"219,243",50% bullish,of 2 ratings,$95.50
FENX,$9.97,1440857767760,"142,317",100% bullish,of 1 rating,$14.25
FCSC,$5.74,1440857767788,"84,641",100% bearish,of 1 rating,$8.125
FHCO,$1.37,1440857767820,"24,116",50% bullish,of 4 ratings,N/A
FDUS,$14.64,1440857767920,"23,047",50% bullish,of 2 ratings,$18
ONEQ,$189.9,1440857767940,"11,934",100% bullish,of 1 rating,N/A
LION,$19.23,1440857767972,"74,002",100% bullish,of 1 rating,$20
FGEN,$25,1440857768074,"155,438",100% bearish,of 1 rating,$39
FRGI,$52.21,1440857768109,"105,363",50% bullish,of 2 ratings,$70
FSC,$6.45,1440857768224,"607,315",60% bullish,of 5 ratings,$8
FSCFL,$24.65,1440857768255,"6,848",Not yet rated,NULL,N/A
FSAM,$8.19,1440857768277,"11,024",100% bearish,of 1 rating,$10.25
FSFR,$8.89,1440857768358,"67,547",100% bearish,of 1 rating,$11.50
FITB,$19.97,1440857768488,"3,708,357",54% bullish,of 13 ratings,$22
FNGN,$33.23,1440857768517,"176,570",67% bullish,of 3 ratings,$47
FNJN,$1.9,1440857768589,"33,173",100% bearish,of 1 rating,$5
FISI,$24.52,1440857768624,"15,149",100% bullish,of 2 ratings,$24.50
FITBI,$27.525,1440857768656,"34,706",Not yet rated,NULL,N/A
FNTCU,NULL,1440857768727,0,Not yet rated,NULL,N/A
FNSR,$15.77,1440857768753,"515,888",71% bullish,of 7 ratings,$24.50
FNTC,NULL,1440857768787,0,Not yet rated,NULL,N/A
FEYE,$39.23,1440857768831,"2,069,894",87% bullish,of 15 ratings,$55.50
FNTCW,NULL,1440857768858,0,Not yet rated,NULL,N/A
FBNC,$16.95,1440857769031,"17,226",100% bullish,of 1 rating,$20
FNLC,$18.73,1440857769063,"10,936",100% bullish,of 1 rating,N/A
FCFS,$39.83,1440857769235,"154,214",100% bearish,of 3 ratings,$48
FRBA,$6.08,1440857769271,"1,488",Not yet rated,NULL,$8
BUSE,$6.36,1440857769292,"86,619",Not yet rated,NULL,$6.875
FBIZ,$44.1,1440857769324,"28,261",100% bearish,of 2 ratings,$52
FCVA,$4.61,1440857769364,351,Not yet rated,NULL,N/A
FCNCA,$238.6,1440857769390,"15,051",Not yet rated,NULL,N/A
FCAP,$26.77,1440857769419,402,Not yet rated,NULL,N/A
FCLF,$9.05,1440857769551,"1,666",Not yet rated,NULL,N/A
FCCO,$12,1440857769637,"2,065",Not yet rated,NULL,$13.25
FCBC,$17.49,1440857769703,"17,432",Not yet rated,NULL,$18
FBNK,$17.21,1440857769775,"22,827",100% bearish,of 1 rating,$17.50
FCFP,$6.94,1440857769800,"3,000",Not yet rated,NULL,N/A
FFNM,$6.19,1440857769931,"1,344",Not yet rated,NULL,N/A
FDEF,$37.44,1440857769991,"34,556",Not yet rated,NULL,$38
FFBC,$18.28,1440857770066,"149,353",67% bearish,of 3 ratings,$20.25
FFBCW,NULL,1440857770122,0,100% bearish,of 1 rating,N/A
FFIN,$30.67,1440857770150,"141,387",50% bullish,of 2 ratings,$31.75
THFF,$32.94,1440857770171,"24,402",Not yet rated,NULL,$35
FFNW,$12.06,1440857770209,"10,423",Not yet rated,NULL,$14
FFWM,$21.37,1440857770306,"22,466",Not yet rated,NULL,$24
INBK,$30.15,1440857770335,"10,430",50% bullish,of 2 ratings,$37
FRME,$25.92,1440857770469,"130,285",Not yet rated,NULL,$26.50
FMBH,NULL,1440857770518,0,Not yet rated,NULL,N/A
FIBK,$26.22,1440857770543,"81,866",Not yet rated,NULL,$32
FMBI,$17.43,1440857770758,"263,235",Not yet rated,NULL,$20
FSFG,$30.07,1440857770801,71,Not yet rated,NULL,N/A
FNBC,$34.63,1440857770827,"63,076",Not yet rated,NULL,$40
FNWB,$11.85,1440857770857,"10,217",Not yet rated,NULL,N/A
FNFG,$9.1568,1440857770891,"1,157,000",80% bullish,of 5 ratings,$9
FSBK,$7.82,1440857770957,"5,412",100% bullish,of 1 rating,N/A
FSGI,$2.47,1440857770986,"12,130",Not yet rated,NULL,N/A
BICK,$19.69,1440857771093,"1,428",100% bullish,of 1 rating,N/A
FCAN,$24.6,1440857771225,"6,052",Not yet rated,NULL,N/A
FSLR,$47.8,1440857771254,"1,195,799",72% bullish,of 39 ratings,$65
FBZ,$10.144,1440857771281,600,Not yet rated,NULL,N/A
FTCS,$36.63,1440857771603,"18,232",100% bearish,of 1 rating,N/A
FCA,$20.44,1440857771637,"2,300",Not yet rated,NULL,N/A
IFV,$17.88,1440857771664,"555,778",100% bearish,of 1 rating,N/A
FEMB,NULL,1440857771692,0,Not yet rated,NULL,N/A
FV,$23.71,1440857771741,"1,935,175",100% bearish,of 1 rating,N/A
FTSM,$59.85,1440857771769,"7,169",100% bearish,of 1 rating,N/A
FEUZ,$31.5,1440857771794,"1,405",Not yet rated,NULL,N/A
TDIV,$24.9,1440857771882,"74,537",100% bearish,of 1 rating,N/A
FTGC,$22.39,1440857772043,"76,491",Not yet rated,NULL,N/A
FTHI,$19.5399,1440857772069,640,Not yet rated,NULL,N/A
MDIV,$19.23,1440857772103,"128,525",Not yet rated,NULL,N/A
FHK,$33.3,1440857772209,"2,363",Not yet rated,NULL,N/A
FPXI,$27.29,1440857772239,500,Not yet rated,NULL,N/A
HYLS,$49.53,1440857772259,"35,104",100% bearish,of 1 rating,N/A
FGM,$35.58,1440857772292,"2,324",Not yet rated,NULL,N/A
YDIV,$16.5742,1440857772392,"3,515",Not yet rated,NULL,N/A
PLTM,$6.38,1440857772618,"6,702",100% bearish,of 1 rating,N/A
SKYY,$29.18,1440857772647,"46,046",100% bullish,of 1 rating,N/A
LMBS,$49.77,1440857772667,"5,298",Not yet rated,NULL,N/A
FJP,$47.81,1440857772699,"59,841",Not yet rated,NULL,N/A
CU,$13.21,1440857772726,"7,015",100% bearish,of 1 rating,N/A
FTLB,$19.3188,1440857772802,"3,260",100% bearish,of 1 rating,N/A
FMB,$51.23,1440857772858,415,Not yet rated,NULL,N/A
QABA,$37.18,1440857772907,"8,586",100% bearish,of 1 rating,N/A
FONE,$35.29,1440857773039,950,Not yet rated,NULL,N/A
QCLN,$15.18,1440857773102,"16,517",Not yet rated,NULL,N/A
CIBR,$18.04,1440857773134,"51,388",Not yet rated,NULL,N/A
GRID,$33.09,1440857773166,705,100% bearish,of 1 rating,N/A
CARZ,$35.05,1440857773192,"1,904",100% bearish,of 1 rating,N/A
RDVY,$21.17,1440857773235,"2,849",Not yet rated,NULL,N/A
QQEW,$42.1,1440857773365,"52,287",Not yet rated,NULL,N/A
QQXT,$40.74,1440857773410,"18,704",Not yet rated,NULL,N/A
AIRR,$16.4,1440857773549,"2,252",100% bearish,of 1 rating,N/A
QTEC,$40.33,1440857773598,"26,311",Not yet rated,NULL,N/A
QINC,$20.2999,1440857773639,663,Not yet rated,NULL,N/A
FKO,NULL,1440857773678,0,Not yet rated,NULL,N/A
FTSL,$48.74,1440857773706,"110,156",100% bearish,of 1 rating,N/A
FTW,$31.91,1440857773772,230,Not yet rated,NULL,N/A
FDIV,$46.09,1440857773807,302,100% bearish,of 1 rating,N/A
FSZ,$39.19,1440857773939,"3,866",Not yet rated,NULL,N/A
TUSA,$25.08,1440857773976,300,Not yet rated,NULL,N/A
FUNC,$8.12,1440857774034,"2,091",Not yet rated,NULL,N/A
SVVC,$9.43,1440857774067,"11,779",50% bullish,of 2 ratings,$26
FKU,$41.82,1440857774096,"5,183",Not yet rated,NULL,N/A
FSV,$31.41,1440857774172,"12,183",Not yet rated,NULL,$33.60
FMER,$17.81,1440857774196,"731,124",50% bullish,of 2 ratings,$20
FISV,$86.78,1440857774423,"802,788",100% bearish,of 3 ratings,$90
FIVE,$38.5,1440857774449,"860,602",75% bearish,of 4 ratings,$44
FPRX,$19.37,1440857774540,"177,840",50% bullish,of 2 ratings,$35
FIVN,$4.03,1440857774566,"81,303",100% bullish,of 1 rating,$8.50
FLML,$21.9746,1440857774587,"90,829",50% bullish,of 2 ratings,$30
FLKS,$12.41,1440857774618,"26,992",50% bullish,of 2 ratings,$27
FLXN,$25.29,1440857774646,"49,036",100% bearish,of 1 rating,$40
MBSD,$25.02,1440857774790,"14,451",Not yet rated,NULL,N/A
FLEX,$10.6,1440857774923,"1,115,185",63% bullish,of 8 ratings,$12
FLXS,$32.15,1440857774953,"13,502",100% bearish,of 2 ratings,N/A
FLIR,$28.57,1440857774983,"1,032,100",100% bearish,of 1 rating,$38.50
SKOR,$50.3,1440857775003,"2,349",Not yet rated,NULL,N/A
FLDM,$11.7,1440857775032,"260,257",67% bearish,of 3 ratings,$15
FFIC,$19.73,1440857775081,"77,431",Not yet rated,NULL,$21
FOMX,$10.18,1440857775266,"82,757",50% bullish,of 2 ratings,$23.50
FOGO,$19.23,1440857775297,"34,672",50% bullish,of 2 ratings,$25.50
FONR,$9.7,1440857775318,"6,716",100% bullish,of 1 rating,N/A
FES,$0.9409,1440857775402,"94,182",50% bullish,of 2 ratings,$1
FORTY,$30.33,1440857775451,"1,000",100% bearish,of 1 rating,N/A
FORM,$6.53,1440857775477,"253,899",67% bullish,of 3 ratings,$10.50
FTNT,$42.96,1440857775508,"603,333",80% bullish,of 10 ratings,$52
FORR,$31.88,1440857775606,"18,396",Not yet rated,NULL,N/A
FBIO,$2.88,1440857775747,"79,815",83% bullish,of 6 ratings,N/A
FWRD,$45.16,1440857775796,"186,984",100% bearish,of 1 rating,$50
FMI,$23.8,1440857775889,"312,031",100% bearish,of 2 ratings,$27.50
FOSL,$61.6,1440857775921,"709,887",60% bearish,of 5 ratings,$80
FORD,$1.66,1440857775946,"1,753,015",67% bullish,of 3 ratings,N/A
FXCB,$17.02,1440857775983,"34,723",Not yet rated,NULL,$19
FWP,$27.02,1440857776018,"15,503",100% bearish,of 1 rating,$45
FRAN,$11.17,1440857776165,"366,392",50% bullish,of 4 ratings,$15
FOXF,$15.18,1440857776239,"24,155",100% bearish,of 1 rating,$19
FREE,$0.378,1440857776272,"370,595",92% bullish,of 12 ratings,N/A
FELE,$29.23,1440857776298,"216,658",50% bullish,of 4 ratings,$33
FRED,$13.06,1440857776323,"248,657",50% bullish,of 2 ratings,$16
RAIL,$20.73,1440857776378,"70,803",100% bearish,of 1 rating,$24.50
FRPT,$13.06,1440857776470,"298,368",67% bearish,of 3 ratings,$23.50
FEIM,$11,1440857776529,"3,049",100% bearish,of 1 rating,N/A
FRPH,$31.17,1440857776663,"5,010",100% bearish,of 1 rating,N/A
FTR,$5.08,1440857776690,"11,162,934",78% bullish,of 27 ratings,$6.25
FTRPR,$100.8,1440857776711,"53,474",100% bearish,of 1 rating,N/A
FSBW,$23.2,1440857776745,991,Not yet rated,NULL,N/A
FTD,$29.27,1440857776838,"102,153",100% bearish,of 1 rating,$40
FTEK,$2.04,1440857776874,"51,368",75% bullish,of 4 ratings,N/A
FSYS,$6.63,1440857777041,"30,772",67% bullish,of 3 ratings,$10
FULL,$3.1,1440857777071,"30,227",67% bearish,of 3 ratings,$4.25
FCEL,$0.8,1440857777101,"1,501,071",88% bullish,of 41 ratings,$2.65
FULLL,$24.9101,1440857777135,200,Not yet rated,NULL,N/A
FLL,$1.51,1440857777170,"10,264",75% bullish,of 4 ratings,$3.50
FSNN,$2.18,1440857777237,"1,562",67% bullish,of 3 ratings,$6
FULT,$12.08,1440857777265,"624,848",100% bearish,of 1 rating,$13
FFHL,$1.05,1440857777409,"18,397",50% bullish,of 4 ratings,N/A
FXEN,$0.87,1440857777467,"69,159",75% bullish,of 4 ratings,$1.10
FXENP,$15.76,1440857777545,"1,000",100% bearish,of 1 rating,N/A
GK,$67.55,1440857777617,"59,942",Not yet rated,NULL,$78
WILC,$4.97,1440857777644,"6,120",100% bullish,of 2 ratings,N/A
GAIA,$5.9,1440857777715,"7,898",50% bullish,of 2 ratings,$8.50
GALT,$1.96,1440857777741,"30,257",80% bullish,of 5 ratings,N/A
GLPG,$60.49,1440857777769,"13,297",100% bullish,of 1 rating,$75
GALE,$1.5,1440857777897,"789,696",89% bullish,of 47 ratings,$4
GLPI,$31.5863,1440857777953,"324,483",100% bearish,of 1 rating,$37.50
GALTU,NULL,1440857777982,0,100% bearish,of 1 rating,N/A
GALTW,NULL,1440857778010,0,100% bullish,of 1 rating,N/A
GLMD,$8.81,1440857778111,"11,506",67% bullish,of 3 ratings,$20.50
GGAC,$9.89,1440857778148,"10,419",100% bearish,of 1 rating,N/A
GPIC,$9.64,1440857778202,710,100% bearish,of 1 rating,N/A
GRMN,$37.99,1440857778279,"966,815",50% bullish,of 6 ratings,$46.50
GGACU,$10.27,1440857778442,"22,044",Not yet rated,NULL,N/A
GGACR,$0.3,1440857778471,"49,683",100% bullish,of 1 rating,N/A
GGACW,$0.14,1440857778552,"11,300",Not yet rated,NULL,N/A
GENC,$9.16,1440857778577,"11,573",100% bearish,of 1 rating,N/A
GARS,$14.21,1440857778608,"22,022",Not yet rated,NULL,$16
GNCMA,$16.99,1440857778634,"119,943",100% bearish,of 1 rating,$12
GFN,$3.95,1440857778714,"17,699",100% bearish,of 2 ratings,$8
GFNCP,$93.89,1440857778763,350,Not yet rated,NULL,N/A
GFNSL,$25.6,1440857778898,700,Not yet rated,NULL,N/A
GNMK,$10.02,1440857778939,"195,594",67% bullish,of 6 ratings,$14
GNCA,$12.21,1440857778968,"103,358",100% bearish,of 1 rating,$20
GENE,$2.29,1440857779001,"182,762",100% bullish,of 12 ratings,N/A
GHDX,$27.75,1440857779074,"193,234",50% bullish,of 2 ratings,$30
GNTX,$15.53,1440857779203,"1,032,543",Not yet rated,NULL,$20
GNVC,$2.51,1440857779294,"10,917",90% bullish,of 10 ratings,$8.50
GTWN,NULL,1440857779345,0,Not yet rated,NULL,N/A
GEOS,$16.71,1440857779370,"121,126",100% bearish,of 3 ratings,$21
THRM,$46.44,1440857779401,"366,550",75% bearish,of 4 ratings,$55.50
GABC,$29,1440857779422,"15,081",Not yet rated,NULL,$31
GERN,$3.23,1440857779453,"1,137,894",88% bullish,of 16 ratings,$5.25
GEVO,$2.33,1440857779595,"332,274",75% bullish,of 12 ratings,$5
ROCK,$16.51,1440857779668,"136,353",80% bullish,of 5 ratings,$24
GIGM,$0.5201,1440857779694,"76,762",100% bullish,of 2 ratings,N/A
GIGA,$1.42,1440857779826,"2,675",100% bearish,of 1 rating,N/A
GIII,$68.14,1440857779854,"175,109",67% bullish,of 3 ratings,$75
GILT,$4.3001,1440857779909,"1,700",50% bullish,of 2 ratings,N/A
GILD,$107.7,1440857779989,"5,969,671",91% bullish,of 87 ratings,$129
GLADO,$25.59,1440857780093,"1,700",Not yet rated,NULL,N/A
GLAD,$8.8,1440857780130,"171,130",50% bullish,of 2 ratings,$8.75
GOOD,$14.64,1440857780177,"72,029",Not yet rated,NULL,$19
GBCI,$25.66,1440857780234,"245,507",50% bullish,of 2 ratings,$31
GOODP,NULL,1440857780259,0,Not yet rated,NULL,N/A
GOODO,$25,1440857780285,30,Not yet rated,NULL,N/A
GAIN,$7.47,1440857780419,"107,125",100% bullish,of 2 ratings,$8.25
GAINN,$25.01,1440857780492,"56,593",Not yet rated,NULL,N/A
GAINP,$25.9,1440857780598,620,Not yet rated,NULL,N/A
GOODN,$25.407,1440857780646,400,Not yet rated,NULL,N/A
GAINO,$25.1728,1440857780731,490,Not yet rated,NULL,N/A
GLBZ,NULL,1440857780888,0,Not yet rated,NULL,N/A
GBT,$44,1440857780917,"73,758",100% bearish,of 1 rating,N/A
LAND,$9.16,1440857780943,"48,601",50% bullish,of 2 ratings,$13.75
GDEF,$10.53,1440857780968,600,Not yet rated,NULL,N/A
GBLI,$26.99,1440857781020,"11,669",Not yet rated,NULL,N/A
ENT,$11.77,1440857781121,"71,245",100% bearish,of 1 rating,$18
GSOL,$8.0275,1440857781147,"18,239",100% bearish,of 1 rating,N/A
GPACU,NULL,1440857781181,0,Not yet rated,NULL,N/A
ACTX,NULL,1440857781226,0,100% bullish,of 1 rating,N/A
QQQC,$19.67,1440857781317,"3,061",100% bearish,of 1 rating,N/A
SOCL,$17.82,1440857781367,"24,218",100% bullish,of 2 ratings,N/A
SRET,$13.25,1440857781524,"1,014",Not yet rated,NULL,N/A
ALTY,$14.44,1440857781552,600,Not yet rated,NULL,N/A
YLCO,$11.95,1440857781611,"1,396",Not yet rated,NULL,N/A
GSM,$13.47,1440857781655,"403,698",50% bullish,of 2 ratings,$22
GAI,$5.9,1440857781715,"1,400",50% bullish,of 2 ratings,N/A
GBIM,$2.29,1440857781864,"19,199",50% bullish,of 2 ratings,N/A
GLBS,NULL,1440857781885,0,67% bullish,of 3 ratings,N/A
GLUU,$4.53,1440857781921,"786,373",92% bullish,of 26 ratings,$9
GLRI,$1.01,1440857781963,"23,180",100% bearish,of 1 rating,$4.25
GLYC,$7.05,1440857782021,"16,674",50% bullish,of 2 ratings,$14
GOGO,$15.67,1440857782047,"431,299",80% bullish,of 5 ratings,$25
GMLP,$18.86,1440857782091,"223,814",50% bullish,of 4 ratings,$32.50
GLNG,$38.2739,1440857782185,"963,948",83% bullish,of 6 ratings,$58
GLDC,$4,1440857782219,"5,513",50% bullish,of 2 ratings,N/A
GDEN,$8.96,1440857782351,"13,852",50% bullish,of 2 ratings,N/A
GOGL,$3.14,1440857782379,"220,227",75% bullish,of 4 ratings,$5
GBDC,$16.66,1440857782509,"111,261",Not yet rated,NULL,$17.75
GOOG,$632.69,1440857782606,"1,043,468",89% bullish,of 70 ratings,$825
GOOGL,$659.9999,1440857782631,"1,027,271",88% bullish,of 1082 ratings,$749
GTIM,$7.03,1440857782657,"31,867",Not yet rated,NULL,$11.50
GPIAU,NULL,1440857782867,0,Not yet rated,NULL,N/A
GMAN,$3.73,1440857782943,"210,604",60% bullish,of 5 ratings,$8.50
GPRO,$48.18,1440857782996,"3,256,396",78% bullish,of 58 ratings,$72
GPIA,$9.84,1440857783028,190,Not yet rated,NULL,N/A
GPIAW,NULL,1440857783056,0,Not yet rated,NULL,N/A
LOPE,$37.48,1440857783083,"89,001",100% bearish,of 2 ratings,$50
GRVY,$3.16,1440857783112,125,50% bullish,of 2 ratings,N/A
GBSN,$0.38,1440857783137,"4,057,047",50% bullish,of 2 ratings,$8.25
GBSNU,NULL,1440857783269,0,NULL,NULL,NULL
GLDD,$5.42,1440857783431,"86,319",100% bearish,of 4 ratings,$7.75
GSBC,$39.87,1440857783456,"19,620",100% bullish,of 1 rating,$44
GNBC,$11.86,1440857783481,"12,906",100% bearish,of 1 rating,$16.50
GRBK,$11.95,1440857783510,"113,049",77% bullish,of 13 ratings,N/A
GPRE,$20.55,1440857783613,"1,091,427",67% bullish,of 6 ratings,$28.50
GPP,$13.7,1440857783712,"33,561",Not yet rated,NULL,$20.50
GCBC,NULL,1440857783739,0,100% bullish,of 1 rating,N/A
GRIF,$32.61,1440857783770,308,100% bearish,of 1 rating,N/A
GLRE,$24.99,1440857783800,"161,684",50% bullish,of 2 ratings,$41
GRPN,$4.6,1440857783868,"5,953,989",61% bullish,of 71 ratings,$6.75
OMAB,$40.81,1440857783902,"12,578",100% bullish,of 1 rating,$44
GRFS,$30.5748,1440857783964,"206,103",50% bullish,of 2 ratings,$35
GGAL,$19.4858,1440857783998,"118,461",80% bullish,of 5 ratings,$40
GSIG,$12.99,1440857784101,"26,470",100% bearish,of 2 ratings,N/A
GSIT,$4.62,1440857784151,"8,389",100% bearish,of 1 rating,N/A
GSVC,$8.72,1440857784390,"82,010",50% bullish,of 2 ratings,$14.50
GTXI,$0.874,1440857784421,"20,930",100% bullish,of 5 ratings,$.75
GFED,$14.67,1440857784521,779,Not yet rated,NULL,$17
GBNK,$15.79,1440857784553,"18,291",100% bearish,of 1 rating,$18
GULTU,$0.3001,1440857784579,"1,330,535",100% bearish,of 1 rating,N/A
GIFI,$12.46,1440857784605,"46,325",100% bearish,of 1 rating,$16
GPOR,$35.04,1440857784654,"1,494,164",75% bullish,of 4 ratings,$55
GUID,$7.28,1440857784679,"42,026",100% bearish,of 3 ratings,$10
GWPH,$109.33,1440857784842,"112,738",78% bullish,of 9 ratings,$148.50
GWGH,$7.74,1440857784876,"1,171",100% bearish,of 1 rating,$15.05
GYRO,$2.84,1440857784977,"6,150",100% bearish,of 1 rating,N/A
HEES,$18.69,1440857785004,"314,064",67% bearish,of 3 ratings,$31
HLG,$9.5,1440857785030,"2,247",100% bearish,of 1 rating,N/A
GURE,$1.67,1440857785050,"85,776",88% bullish,of 8 ratings,N/A
HNRG,$7.69,1440857785230,"67,708",100% bearish,of 1 rating,$10
HALL,$11.41,1440857785262,"17,778",Not yet rated,NULL,N/A
HBHCL,$24.39,1440857785392,"26,203",Not yet rated,NULL,N/A
HALO,$18.41,1440857785418,"771,518",67% bullish,of 3 ratings,$22.50
HBHC,$27.4,1440857785451,"558,474",50% bullish,of 2 ratings,$30
HNH,$25.45,1440857785472,"17,110",100% bullish,of 1 rating,N/A
HMPR,$1.87,1440857785505,"27,659",100% bullish,of 1 rating,N/A
HBK,$13.67,1440857785526,713,50% bullish,of 2 ratings,N/A
HAFC,$23.98,1440857785662,"109,880",100% bullish,of 2 ratings,$28.50
HNSN,$0.56,1440857785694,"56,801",88% bullish,of 8 ratings,$.40
HQCL,$12.9,1440857785798,"30,828",67% bullish,of 3 ratings,$14
HDNG,$10.04,1440857785865,"11,625",50% bullish,of 4 ratings,N/A
HRMNU,NULL,1440857786062,0,Not yet rated,NULL,N/A
HRMNW,NULL,1440857786092,0,Not yet rated,NULL,N/A
HLIT,$5.79,1440857786126,"246,263",100% bearish,of 1 rating,$6.50
HRMN,NULL,1440857786190,0,Not yet rated,NULL,N/A
HBIO,$4.28,1440857786218,"35,954",100% bearish,of 1 rating,$10
TINY,$2.48,1440857786246,"19,385",50% bullish,of 2 ratings,$5.26
HART,$1.04,1440857786279,"103,690",100% bearish,of 1 rating,N/A
HCAP,$12.15,1440857786373,"4,513",50% bullish,of 2 ratings,$15
HCAPL,$25.7399,1440857786442,400,Not yet rated,NULL,N/A
HA,$22.91,1440857786515,"540,918",67% bullish,of 9 ratings,$27
HCOM,$21.82,1440857786656,"31,985",100% bearish,of 1 rating,$28
HAS,$75.51,1440857786713,"715,928",63% bullish,of 8 ratings,$84.50
HWBK,$13.24,1440857786808,100,100% bearish,of 1 rating,N/A
HCSG,$33.32,1440857786865,"191,852",50% bullish,of 4 ratings,$35
HWKN,$37.33,1440857786891,"28,446",Not yet rated,NULL,N/A
HDS,$33.233,1440857786912,"1,196,925",100% bearish,of 2 ratings,$39.50
HIIQ,$5.17,1440857786945,"32,371",50% bullish,of 2 ratings,$7
HAYN,$38.31,1440857786970,"42,900",100% bearish,of 1 rating,$59
HSTM,$25.36,1440857787158,"85,370",50% bullish,of 2 ratings,$33.75
HQY,$29.51,1440857787218,"115,451",67% bullish,of 3 ratings,$32
HWAY,$11.95,1440857787246,"278,697",100% bearish,of 1 rating,$15
HTLF,$35.88,1440857787267,"18,551",100% bullish,of 1 rating,$39.50
HTLD,$20.55,1440857787297,"341,001",Not yet rated,NULL,$22.50
HTWR,$86.25,1440857787325,"147,034",50% bullish,of 2 ratings,$103
HTBX,$5.16,1440857787539,"3,070",50% bullish,of 2 ratings,$15.50
HMNY,$2.19,1440857787703,300,100% bearish,of 1 rating,N/A
HSII,$19.62,1440857787733,"52,553",100% bullish,of 3 ratings,$25
HNNA,$24.865,1440857787754,"10,548",Not yet rated,NULL,N/A
HELE,$85.56,1440857787790,"103,241",67% bearish,of 3 ratings,$100
HMTV,$13.72,1440857787811,"12,932",100% bearish,of 1 rating,$16
HCACU,$9.98,1440857787889,"100,000",Not yet rated,NULL,N/A
HSIC,$139.4,1440857788035,"342,416",83% bullish,of 6 ratings,$146
HERO,NULL,1440857788058,0,NULL,NULL,NULL
HTBK,$10.63,1440857788079,"33,812",Not yet rated,NULL,$12
HEOP,$7.66,1440857788120,"15,820",Not yet rated,NULL,$8.50
HFWA,$17.59,1440857788220,"71,544",100% bullish,of 1 rating,$20
HCCI,$11.25,1440857788278,"42,055",100% bearish,of 1 rating,$16.50
HRTX,$35.46,1440857788470,"219,447",67% bullish,of 6 ratings,$41
HSKA,$33.74,1440857788535,"20,659",100% bearish,of 1 rating,$38
MLHR,$26.99,1440857788564,"310,038",50% bullish,of 2 ratings,$33.50
HIBB,$38.87,1440857788639,"223,423",100% bearish,of 1 rating,$46.50
HPJ,$2.21,1440857788664,"29,621",75% bullish,of 4 ratings,$12.43
HFFC,$15.77,1440857788690,"5,478",Not yet rated,NULL,N/A
HIHO,$3.81,1440857788942,"6,096",Not yet rated,NULL,N/A
HIMX,$6.906,1440857788970,"915,996",86% bullish,of 21 ratings,$8.50
HSGX,$6.05,1440857789007,"3,574",100% bearish,of 1 rating,$17
HIFS,$115.91,1440857789033,"1,151",Not yet rated,NULL,N/A
HMSY,$10.47,1440857789098,"809,768",67% bullish,of 3 ratings,$19.35
HMNF,$11.32,1440857789132,"2,016",Not yet rated,NULL,N/A
HOLI,$17.78,1440857789204,"94,603",50% bullish,of 4 ratings,$27
HOLX,$39.76,1440857789231,"1,449,945",67% bullish,of 3 ratings,$42
HOMB,$37.97,1440857789430,"222,036",Not yet rated,NULL,$42
HBCP,$24.71,1440857789494,"2,436",Not yet rated,NULL,$29
HMIN,$26.7,1440857789575,"59,584",100% bearish,of 2 ratings,$35
HFBL,$21.62,1440857789608,536,Not yet rated,NULL,N/A
HTBI,$18.18,1440857789704,"26,626",67% bullish,of 3 ratings,$18.625
AWAY,$29.19,1440857789729,"431,994",67% bullish,of 3 ratings,$36
HKTV,$4.76,1440857789802,200,100% bearish,of 1 rating,N/A
CETC,$0.76,1440857789869,"165,443",86% bullish,of 7 ratings,N/A
HBNC,$23.57,1440857789896,"12,027",100% bullish,of 1 rating,$27
HOFT,$23.78,1440857789941,"18,879",100% bearish,of 1 rating,N/A
HMST,$21.84,1440857790029,"74,855",100% bullish,of 2 ratings,$27
HFBC,$11.22,1440857790072,"3,150",Not yet rated,NULL,N/A
HRZN,$10.33,1440857790127,"33,944",50% bullish,of 2 ratings,$14.25
HZNP,$30.48,1440857790155,"1,069,487",85% bullish,of 20 ratings,$40
ZINC,$7.85,1440857790289,"597,280",100% bearish,of 1 rating,$17
HDP,$24.18,1440857790314,"194,225",67% bearish,of 3 ratings,$30.50
HMHC,$22.7,1440857790449,"467,940",Not yet rated,NULL,$27
HOVNP,$4.54,1440857790474,"1,000",100% bearish,of 1 rating,N/A
HSNI,$62.38,1440857790504,"170,632",Not yet rated,NULL,$80
HBMD,$14.24,1440857790540,809,100% bearish,of 1 rating,N/A
HUBG,$37.06,1440857790681,"387,683",100% bearish,of 1 rating,$43
HWCC,$7.5,1440857790717,"82,097",100% bearish,of 1 rating,$9
HTGM,$5.69,1440857790812,"4,024",100% bearish,of 1 rating,$19.50
HSON,$2.55,1440857790841,"22,082",100% bearish,of 1 rating,$5
HCBK,$9.36,1440857790863,"1,263,712",83% bullish,of 6 ratings,$8.61
HDSN,$3.11,1440857790946,"27,087",100% bullish,of 1 rating,$6.25
HBAN,$10.91,1440857791074,"5,203,375",76% bullish,of 17 ratings,$12.29
HURC,$30.35,1440857791377,"11,794",100% bearish,of 1 rating,N/A
HBANP,NULL,1440857791403,0,100% bearish,of 1 rating,N/A
HTCH,$1.56,1440857791555,"94,983",100% bearish,of 1 rating,$3.50
HURN,$73.36,1440857791581,"75,680",50% bullish,of 2 ratings,$80
HBP,$3.11,1440857791733,"3,775",100% bullish,of 1 rating,N/A
HDRA,NULL,1440857791761,0,Not yet rated,NULL,N/A
HDRAU,NULL,1440857791805,0,Not yet rated,NULL,N/A
HDRAR,NULL,1440857791890,0,Not yet rated,NULL,N/A
HDRAW,NULL,1440857791937,0,Not yet rated,NULL,N/A
HYGS,$9.55,1440857792069,"29,871",50% bullish,of 2 ratings,$13
IACI,$71.44,1440857792098,"445,254",75% bullish,of 4 ratings,$90
IDSY,$3.91,1440857792154,"6,108",100% bearish,of 1 rating,$7
IKGH,$1.8,1440857792227,"10,231",75% bullish,of 4 ratings,N/A
IEP,$74.24,1440857792288,"59,662",75% bullish,of 4 ratings,$99
ICAD,$3.9,1440857792313,"83,344",100% bullish,of 2 ratings,$7.25
IBKC,$60.36,1440857792356,"111,938",100% bullish,of 1 rating,$70
ICLR,$77.9507,1440857792526,"266,641",100% bearish,of 3 ratings,$85
ICFI,$34.04,1440857792554,"48,356",50% bullish,of 2 ratings,$48.50
ICON,$13.52,1440857792684,"466,663",50% bullish,of 2 ratings,$18.50
ICUI,$113.92,1440857792717,"46,176",Not yet rated,NULL,$122
IPWR,$7.28,1440857792815,"4,444",100% bullish,of 1 rating,$15
INVE,$4.4,1440857792841,"78,490",75% bullish,of 4 ratings,$4
IDRA,$2.94,1440857792874,"601,938",89% bullish,of 9 ratings,$6.50
IDXX,$73.21,1440857792969,"346,348",100% bearish,of 1 rating,$77
DSKY,$10.9914,1440857792996,"128,718",67% bullish,of 6 ratings,$11.50
IRG,$4.78,1440857793059,"23,310",100% bearish,of 1 rating,$4.25
RXDX,$13.82,1440857793199,"155,513",100% bullish,of 1 rating,$20
IIVI,$16.89,1440857793359,"155,141",100% bearish,of 1 rating,$22
IKAN,$2.72,1440857793403,"4,738",83% bullish,of 6 ratings,$5
IROQ,$16.7,1440857793431,300,100% bullish,of 1 rating,N/A
KANG,$15.8182,1440857793488,"226,303",50% bullish,of 2 ratings,$22.55
IKNX,NULL,1440857793533,0,100% bearish,of 1 rating,N/A
ISNS,$4,1440857793621,"15,572",50% bullish,of 2 ratings,N/A
ILMN,$201.49,1440857793666,"782,267",80% bullish,of 5 ratings,$245
IMMR,$11.81,1440857793796,"72,756",80% bullish,of 5 ratings,$15.50
IMNP,$1.36,1440857793825,"30,681",50% bullish,of 2 ratings,$6
ICCC,$7.21,1440857793925,"13,479",100% bullish,of 1 rating,N/A
IMMU,$2.16,1440857793952,"704,998",86% bullish,of 7 ratings,$2
IPXL,$42.4,1440857794016,"457,825",67% bullish,of 3 ratings,$46.50
IMDZ,$16.61,1440857794086,"27,500",100% bearish,of 1 rating,$33
IMGN,$14.28,1440857794147,"955,380",75% bullish,of 4 ratings,$17.50
IMMY,$7.69,1440857794218,"4,471",100% bearish,of 1 rating,$11
INCR,$42.01,1440857794278,"221,716",50% bullish,of 2 ratings,$53
SAAS,$7.64,1440857794357,"242,260",50% bullish,of 2 ratings,$15
INDB,$44.5,1440857794451,"202,363",Not yet rated,NULL,$44
INCY,$120.44,1440857794476,"1,092,792",50% bullish,of 6 ratings,$125.50
IBCP,$14.16,1440857794607,"93,148",100% bullish,of 1 rating,$14.50
IBTX,$41.49,1440857794635,"14,876",100% bullish,of 2 ratings,$47.25
INFN,$22.29,1440857794668,"1,022,680",71% bullish,of 7 ratings,$28
IDSA,$3.6,1440857794689,"2,730",Not yet rated,NULL,N/A
INFI,$9.28,1440857794720,"337,361",50% bullish,of 4 ratings,$18
IPCC,$77.31,1440857794777,"22,807",Not yet rated,NULL,$77.50
III,$3.89,1440857794927,"95,856",57% bullish,of 7 ratings,$6
IFON,$1.21,1440857794952,"24,493",75% bullish,of 4 ratings,N/A
IMKTA,$50.28,1440857795030,"51,886",100% bearish,of 1 rating,N/A
INWK,$7.09,1440857795121,"56,331",50% bullish,of 2 ratings,$10
INNL,$12.78,1440857795222,"1,348",100% bearish,of 1 rating,$16.50
INOD,$2.38,1440857795311,"4,694",100% bearish,of 1 rating,N/A
IOSP,$48.17,1440857795337,"185,737",100% bearish,of 1 rating,N/A
INGN,$49.78,1440857795365,"219,266",100% bearish,of 1 rating,$50.50
IPHS,$48.24,1440857795392,"75,518",100% bearish,of 1 rating,$60
ISSC,$2.78,1440857795413,"4,200",67% bearish,of 3 ratings,N/A
INO,$7.75,1440857795542,"1,636,416",89% bullish,of 18 ratings,$20
INOV,$21.73,1440857795611,"735,420",100% bearish,of 1 rating,$33
NSIT,$25.8,1440857795743,"111,626",50% bullish,of 2 ratings,N/A
ITEK,$12.15,1440857795791,"249,011",100% bearish,of 3 ratings,$20
ISIG,$2.71,1440857795818,"10,879",100% bearish,of 1 rating,N/A
INSM,$25.69,1440857795879,"271,347",71% bullish,of 7 ratings,$31.50
IIIN,$17.07,1440857795987,"16,380",100% bearish,of 2 ratings,N/A
PODD,$29.71,1440857796016,"209,947",67% bearish,of 3 ratings,$35
INSY,$33.83,1440857796116,"270,702",75% bullish,of 4 ratings,$48
NTEC,$5.75,1440857796167,"8,105",100% bearish,of 1 rating,N/A
IDTI,$19.09,1440857796192,"1,457,438",60% bullish,of 5 ratings,$25
INTC,$28.41,1440857796325,"25,692,266",82% bullish,of 238 ratings,$36
IART,$60.79,1440857796355,"177,967",100% bearish,of 2 ratings,$71.50
IESC,$7.02,1440857796380,"2,580",100% bearish,of 1 rating,N/A
ISSI,$21.94,1440857796401,"133,663",67% bullish,of 3 ratings,$19.75
IQNT,$18.59,1440857796587,"151,264",86% bullish,of 7 ratings,$20
IPCI,$2.31,1440857796619,"76,615",67% bullish,of 6 ratings,$8
IPAR,$25.63,1440857796652,"79,920",67% bullish,of 3 ratings,$38
IBKR,$40.2881,1440857796786,"605,394",100% bullish,of 1 rating,N/A
ICPT,$189.4643,1440857796813,"96,157",70% bullish,of 10 ratings,$359.50
ICLD,$1.85,1440857796840,"103,348",75% bullish,of 4 ratings,N/A
ININ,$36.15,1440857796861,"85,150",67% bearish,of 3 ratings,$57
ICLDW,NULL,1440857796991,0,100% bearish,of 1 rating,N/A
IDCC,$48,1440857797023,"175,555",80% bullish,of 5 ratings,$63
INAP,$8.05,1440857797118,"239,819",75% bullish,of 4 ratings,$11
TILE,$23.94,1440857797149,"431,058",100% bearish,of 3 ratings,$27
IMI,$2.13,1440857797218,"10,493",67% bullish,of 3 ratings,$2.22
IBOC,$25.15,1440857797285,"154,160",100% bearish,of 1 rating,N/A
ISCA,$31.97,1440857797309,"101,605",100% bearish,of 1 rating,N/A
IIJI,$10,1440857797423,40,50% bullish,of 2 ratings,$11.50
IGLD,$6.97,1440857797450,400,50% bullish,of 2 ratings,N/A
INPH,$0.32,1440857797582,"162,928",50% bullish,of 2 ratings,N/A
PTNT,$2.91,1440857797651,"2,723",Not yet rated,NULL,N/A
ISIL,$10.61,1440857797712,"483,071",50% bullish,of 6 ratings,$15
IILG,$19.97,1440857797741,"103,268",100% bearish,of 1 rating,$29
XENT,$25.35,1440857797762,"141,556",50% bullish,of 2 ratings,$36.50
INTX,$2.03,1440857797891,"97,223",67% bullish,of 3 ratings,N/A
IVAC,$4.86,1440857797918,"23,655",100% bearish,of 1 rating,$6.625
INTL,$25.81,1440857797960,"62,769",67% bearish,of 3 ratings,N/A
INTLL,$26.09,1440857797989,850,Not yet rated,NULL,N/A
IIN,$6.39,1440857798097,"2,100",100% bearish,of 1 rating,$12
ITCI,$26.96,1440857798123,"275,633",75% bearish,of 4 ratings,$40
INTU,$86.21,1440857798154,"1,895,063",86% bullish,of 7 ratings,$107.50
ISRG,$514.24,1440857798280,"95,903",67% bullish,of 3 ratings,$600
INVT,$0.303,1440857798358,"213,959",67% bullish,of 3 ratings,N/A
SNAK,$8.68,1440857798440,"102,749",50% bullish,of 2 ratings,$14
ITIC,$71.15,1440857798578,"1,300",100% bearish,of 2 ratings,N/A
ISTR,$15.6,1440857798602,841,100% bearish,of 1 rating,$18.50
NVIV,$9.66,1440857798635,"133,271",50% bullish,of 4 ratings,$24.50
IVTY,$14.61,1440857798656,"17,056",Not yet rated,NULL,$18
ISBC,$11.75,1440857798688,"972,204",100% bullish,of 1 rating,$13.25
IPAS,$1.09,1440857798739,"49,183",67% bullish,of 3 ratings,N/A
DTUL,NULL,1440857798820,0,Not yet rated,NULL,N/A
IRIX,$6.89,1440857799078,"7,546",100% bearish,of 1 rating,N/A
IPGP,$85.88,1440857799108,"250,042",100% bearish,of 2 ratings,$109.50
IRMD,$25.04,1440857799129,"11,245",67% bearish,of 3 ratings,$25
IRDM,$7.18,1440857799160,"400,499",60% bullish,of 5 ratings,$11.50
IPCM,$79.44,1440857799181,"119,808",50% bullish,of 2 ratings,$80.125
DFVL,NULL,1440857799201,0,Not yet rated,NULL,N/A
IRBT,$29.29,1440857799339,"166,490",67% bullish,of 6 ratings,$37
FCHI,NULL,1440857799439,0,NULL,NULL,NULL
IRWD,$11.27,1440857799464,"1,082,384",100% bearish,of 1 rating,$13
COMT,$33.62,1440857799491,"23,140",100% bearish,of 1 rating,N/A
IRCP,NULL,1440857799512,0,100% bullish,of 2 ratings,N/A
IRDMB,$279.5,1440857799552,320,67% bearish,of 3 ratings,N/A
IFAS,NULL,1440857799640,0,NULL,NULL,NULL
GNMA,$50.32,1440857799666,"3,187",Not yet rated,NULL,N/A
IFGL,$28.61,1440857799822,"191,698",Not yet rated,NULL,N/A
IFEU,$37.74,1440857799852,"4,879",Not yet rated,NULL,N/A
IFNA,NULL,1440857799954,0,NULL,NULL,NULL
AAIT,NULL,1440857800054,0,NULL,NULL,NULL
EMDI,NULL,1440857800086,0,NULL,NULL,NULL
ACWI,$56.3,1440857800113,"1,578,362",Not yet rated,NULL,N/A
ACWX,$41.04,1440857800183,"692,879",100% bearish,of 1 rating,N/A
EEMA,$50.47,1440857800215,"37,087",Not yet rated,NULL,N/A
AAXJ,$53.8559,1440857800240,"3,183,887",Not yet rated,NULL,N/A
AXJS,NULL,1440857800312,0,NULL,NULL,NULL
EMEY,NULL,1440857800390,0,NULL,NULL,NULL
EGRW,NULL,1440857800419,0,NULL,NULL,NULL
EEML,$27.61,1440857800473,"9,700",Not yet rated,NULL,N/A
EEME,NULL,1440857800520,0,NULL,NULL,NULL
EVAL,NULL,1440857800575,0,NULL,NULL,NULL
IEUS,$45.4,1440857800782,"5,456",100% bearish,of 1 rating,N/A
EUFN,$21.85,1440857800807,"73,493",100% bearish,of 1 rating,N/A
UAE,$18.63,1440857800867,"11,900",Not yet rated,NULL,N/A
QAT,$21.6,1440857800897,600,Not yet rated,NULL,N/A
SOXX,$83.25,1440857800935,"380,264",50% bullish,of 2 ratings,N/A
IBB,$353.28,1440857800998,"853,689",63% bullish,of 8 ratings,N/A
ICLN,$9.6,1440857801023,"14,518",50% bullish,of 2 ratings,N/A
WOOD,$48.3,1440857801164,"23,260",50% bullish,of 2 ratings,N/A
INDY,$27.63,1440857801189,"140,732",50% bullish,of 2 ratings,N/A
IGOV,$90.85,1440857801268,"16,643",100% bearish,of 1 rating,N/A
EMIF,$28.87,1440857801326,"8,923",Not yet rated,NULL,N/A
ISHG,$79.35,1440857801351,"9,098",100% bearish,of 1 rating,N/A
ISIS,$51.5999,1440857801411,"782,005",53% bullish,of 15 ratings,$67
ISRL,$131.04,1440857801536,465,100% bearish,of 1 rating,N/A
ISLE,$17.63,1440857801568,"140,146",50% bullish,of 4 ratings,$16
ITRI,$30.03,1440857801630,"194,687",100% bearish,of 1 rating,$37
ITRN,$24.11,1440857801665,"1,416",50% bullish,of 2 ratings,N/A
ITUS,$4.03,1440857801718,"7,850",Not yet rated,NULL,N/A
XXIA,$15.17,1440857801795,"472,050",71% bullish,of 7 ratings,$14.625
IXYS,$11.14,1440857801850,"103,762",50% bullish,of 4 ratings,N/A
JJSF,$114.72,1440857802004,"29,311",100% bearish,of 1 rating,N/A
JASO,$7.9,1440857802058,"747,475",82% bullish,of 17 ratings,$10
JKHY,$68.7938,1440857802105,"214,469",50% bullish,of 2 ratings,$72
JBHT,$73.51,1440857802132,"554,190",50% bullish,of 4 ratings,$89.50
JCOM,$69.71,1440857802153,"185,842",100% bullish,of 2 ratings,$77
MAYS,$55.95,1440857802187,100,Not yet rated,NULL,N/A
JACK,$81.77,1440857802319,"189,732",83% bullish,of 6 ratings,$105
JXSB,NULL,1440857802347,0,Not yet rated,NULL,N/A
JAXB,$13.31,1440857802509,90,100% bullish,of 1 rating,N/A
JAGX,$3.44,1440857802607,"8,574",Not yet rated,NULL,N/A
ERW,NULL,1440857802696,0,Not yet rated,NULL,N/A
JMBA,$13.95,1440857802728,"91,223",75% bullish,of 4 ratings,$18
JAKK,$9.42,1440857802757,"492,606",60% bearish,of 5 ratings,$11
JRVR,$26.79,1440857802795,"37,791",Not yet rated,NULL,$32
JASNW,NULL,1440857802821,0,50% bullish,of 2 ratings,N/A
JD,$26.77,1440857802855,"4,905,314",75% bullish,of 16 ratings,$36
JAZZ,$171.501,1440857802993,"167,566",80% bullish,of 15 ratings,$206.50
JASN,$4.93,1440857803044,"23,503",50% bullish,of 2 ratings,$9.50
JBLU,$22.25,1440857803098,"2,629,199",94% bullish,of 18 ratings,$27
DATE,$5.92,1440857803175,"93,636",75% bullish,of 4 ratings,$9
JTPY,$2.95,1440857803245,100,100% bearish,of 1 rating,N/A
JCTCF,NULL,1440857803275,0,100% bullish,of 1 rating,N/A
JST,$3.98,1440857803344,"7,252",75% bullish,of 4 ratings,N/A
JIVE,$4.51,1440857803370,"258,687",75% bullish,of 4 ratings,$5
WYIGU,$10.2,1440857803446,6,Not yet rated,NULL,N/A
JBSS,$54.48,1440857803497,"71,680",67% bearish,of 3 ratings,N/A
JOEZ,$0.17,1440857803602,"97,593",92% bullish,of 12 ratings,N/A
JNP,$10.93,1440857803632,"25,559",100% bullish,of 3 ratings,$15
JOUT,$23.41,1440857803700,"5,196",100% bearish,of 1 rating,$34
JUNO,$38.06,1440857803725,"681,045",73% bullish,of 11 ratings,$71.50
KTWO,$21.65,1440857803859,"84,969",100% bearish,of 1 rating,$28.50
KALU,$83.24,1440857803914,"129,573",67% bearish,of 3 ratings,$91
KBIO,$2.01,1440857803988,"19,373",50% bullish,of 4 ratings,N/A
KMDA,$3.48,1440857804054,"19,288",50% bullish,of 2 ratings,$8
KNDI,$6.72,1440857804142,"254,671",86% bullish,of 22 ratings,N/A
KPTI,$14.14,1440857804184,"190,554",67% bearish,of 3 ratings,$39
