Symbol,Price,Date,Volume,Rating,RatingVoteCount,OneYearEstimate
VNET,$17.95,1440771002951,"84,670",60% bullish,of 5 ratings,$35
FCCY,NULL,1440771002977,0,100% bullish,of 1 rating,$13
FCTY,NULL,1440771003055,0,100% bullish,of 1 rating,$8.50
SRCE,$29.17,1440771003319,"4,940",100% bullish,of 3 ratings,$33
TWOU,$35.01,1440771003448,"12,589",50% bullish,of 2 ratings,$39
FLWS,$8.52,1440771003536,"72,630",80% bullish,of 5 ratings,$15
DSLV,$69.5,1440771003775,"3,856",100% bearish,of 1 rating,N/A
UGLD,$9.32,1440771003870,"156,879",100% bearish,of 1 rating,N/A
DGLD,$80.733,1440771004003,"11,051",100% bullish,of 1 rating,N/A
USLV,$12.45,1440771004170,"48,357",86% bullish,of 7 ratings,N/A
JOBS,$27.025,1440771004352,"3,454",50% bullish,of 4 ratings,$36
CAFD,$14.5,1440771004863,"16,083",Not yet rated,NULL,$25
SIXD,$2.63,1440771004888,"19,221",Not yet rated,NULL,N/A
EGHT,$7.96,1440771004944,"41,028",82% bullish,of 17 ratings,$11
AVHI,$13.73,1440771005286,"5,641",100% bearish,of 1 rating,$19
SHLM,$34.13,1440771005322,"8,858",100% bearish,of 1 rating,$47
ABAX,$47.125,1440771005429,"19,059",100% bearish,of 1 rating,$60
AAON,$20.58,1440771005647,"17,944",100% bearish,of 1 rating,$24
ABY,$22.63,1440771005791,"92,047",100% bearish,of 2 ratings,$46
ABGB,$5.86,1440771005873,"11,194",67% bullish,of 3 ratings,$5.50
ABEO,$4.773,1440771006055,"8,528",50% bullish,of 4 ratings,$15.50
ABEOW,$1.86,1440771006440,"1,861",100% bullish,of 1 rating,N/A
ABMD,$97.04,1440771006630,"51,570",75% bullish,of 4 ratings,$100.50
AXAS,$1.87,1440771006812,"145,692",78% bullish,of 9 ratings,$3.50
ACTG,$9.41,1440771006956,"31,902",67% bullish,of 3 ratings,$18.50
ACHC,$73.78,1440771007054,"24,742",50% bullish,of 2 ratings,$92
ACAD,$38.05,1440771007316,"65,753",80% bullish,of 20 ratings,$48
ACST,$0.3588,1440771007485,856,100% bullish,of 2 ratings,N/A
AXDX,$18.22,1440771007542,"10,533",100% bearish,of 1 rating,N/A
ANCX,$19.67,1440771007589,"7,273",Not yet rated,NULL,$20
XLRN,$29.02,1440771007618,"13,886",50% bullish,of 2 ratings,$57
ARAY,$6.64,1440771007719,"57,165",100% bearish,of 1 rating,$10.50
TFSCU,NULL,1440771007750,0,Not yet rated,NULL,N/A
TFSCW,NULL,1440771007805,0,100% bearish,of 1 rating,N/A
PIH,$7.63,1440771007853,"2,200",100% bearish,of 1 rating,N/A
TFSCR,NULL,1440771007985,0,Not yet rated,NULL,N/A
VXUP,$1.57,1440771008014,"9,142",100% bearish,of 1 rating,N/A
VXDN,$1.915,1440771008035,"1,100",100% bearish,of 1 rating,N/A
TFSC,NULL,1440771008056,0,100% bearish,of 1 rating,N/A
ACRX,$4.37,1440771008194,"77,148",67% bearish,of 6 ratings,$5.50
AKAO,$6.61,1440771008226,"1,573",75% bullish,of 4 ratings,$15
ACET,$22.2335,1440771008247,"12,102",75% bullish,of 4 ratings,$30
ACHN,$7.58,1440771008327,"152,148",90% bullish,of 21 ratings,$16
ACIW,$21.01,1440771008459,"54,832",67% bearish,of 3 ratings,$24
ACOR,$32.48,1440771008562,"154,982",67% bearish,of 3 ratings,$38.50
ACNB,$19.76,1440771008634,200,Not yet rated,NULL,N/A
ATVI,$28.995,1440771008665,"8,721,275",68% bullish,of 84 ratings,$31.50
ACTA,$13.12,1440771008691,"21,929",67% bearish,of 3 ratings,$25
ACTS,$1.6,1440771008718,"1,750",100% bearish,of 1 rating,N/A
ACUR,$2.6011,1440771008770,"3,100",100% bullish,of 5 ratings,$1
ACPW,$1.81,1440771008872,"2,194",100% bullish,of 4 ratings,$3.50
ADMP,$3.87,1440771008945,"1,409",50% bullish,of 2 ratings,$10
ACXM,$20.84,1440771008973,"30,748",67% bullish,of 3 ratings,N/A
ADMS,$19.945,1440771009001,"5,719",100% bearish,of 2 ratings,$36
ADAP,$11.52,1440771009038,"3,724",67% bullish,of 3 ratings,$22
AEY,$2.3702,1440771009200,"2,753",100% bearish,of 2 ratings,N/A
ADUS,$28.62,1440771009227,"3,015",100% bearish,of 1 rating,$31
ADEP,$6.81,1440771009252,"2,432",50% bullish,of 2 ratings,$10.75
ADTN,$15.56,1440771009399,"40,466",67% bullish,of 3 ratings,$17.125
ADBE,$77.93,1440771009453,"233,314",65% bullish,of 17 ratings,$90
ADRO,$22,1440771009493,"15,821",80% bullish,of 5 ratings,$45.50
ADMA,$9.27,1440771009518,"5,100",Not yet rated,NULL,$19
AEIS,$24.565,1440771009584,"12,850",50% bullish,of 2 ratings,$32.50
ADXS,$15.4262,1440771009653,"134,729",64% bullish,of 14 ratings,$27
AMD,$1.795,1440771009712,"734,142",83% bullish,of 103 ratings,$2
YPRO,$22.91,1440771009808,1,100% bearish,of 1 rating,N/A
ADXSW,$10.75,1440771009893,"1,150",100% bullish,of 1 rating,N/A
MULT,NULL,1440771009925,0,100% bearish,of 1 rating,N/A
AEGR,$17.743,1440771010027,"41,477",50% bullish,of 6 ratings,$26
AEGN,$18.19,1440771010057,"14,793",100% bearish,of 2 ratings,$21
AEHR,NULL,1440771010083,0,50% bullish,of 2 ratings,N/A
AMTX,$2.714,1440771010158,"1,840",50% bullish,of 2 ratings,$26.11
AEPI,$54.25,1440771010217,755,100% bearish,of 1 rating,N/A
AERI,$16.4601,1440771010354,"75,081",75% bullish,of 4 ratings,$31.50
AEMD,$7.3,1440771010382,"7,000",Not yet rated,NULL,$27.50
AVAV,$23.9,1440771010409,"10,117",50% bullish,of 4 ratings,$31
AFMD,$10.14,1440771010492,"11,420",50% bullish,of 4 ratings,$15
AFFX,$9.4842,1440771010543,"39,851",80% bullish,of 5 ratings,$12.50
AGEN,$7.08,1440771010597,"129,077",85% bullish,of 13 ratings,$14
AGRX,$8.47,1440771010625,"7,350",100% bearish,of 1 rating,$17.50
AGIO,$91.34,1440771010783,"15,375",88% bullish,of 8 ratings,$114
AGYS,$9.68,1440771010808,"3,988",100% bearish,of 1 rating,N/A
AEZS,$0.0891,1440771010835,"2,873,447",90% bullish,of 21 ratings,$1.50
AIMT,$21.495,1440771010987,"102,623",Not yet rated,NULL,N/A
AGFSW,$2.19,1440771011014,100,100% bearish,of 2 ratings,N/A
AGFS,$10.18,1440771011041,"14,530",100% bearish,of 1 rating,N/A
AIRM,$36.98,1440771011070,"16,383",80% bearish,of 5 ratings,$53
ATSG,$8.85,1440771011172,"21,899",67% bullish,of 3 ratings,$13
AIRT,$21.67,1440771011255,100,100% bullish,of 1 rating,N/A
AMCN,$4.56,1440771011303,"22,541",83% bullish,of 6 ratings,N/A
AKAM,$70.505,1440771011354,"127,713",63% bullish,of 8 ratings,$77
AIXG,$6.27,1440771011390,"11,630",67% bearish,of 3 ratings,$5.25
AKBA,$6.49,1440771011454,"12,647",100% bearish,of 1 rating,$18
AKRX,$41.58,1440771011586,"49,012",78% bullish,of 9 ratings,$56
AKER,$2.64,1440771011613,"1,300",Not yet rated,NULL,N/A
ALRM,$16.56,1440771011743,"3,139",100% bearish,of 1 rating,$22
ALSK,$2.0302,1440771011773,"3,172",78% bullish,of 18 ratings,$2
AMRI,$19.875,1440771011796,"19,497",75% bearish,of 4 ratings,$24
ABDC,$12.24,1440771011825,"4,353",Not yet rated,NULL,$15
ALDR,$38.24,1440771011960,"26,865",67% bearish,of 3 ratings,$62
ADHD,$7.95,1440771011987,"35,724",50% bullish,of 4 ratings,$18
ALDX,$7,1440771012134,"5,285",100% bearish,of 1 rating,$14.50
ALXA,$1.1804,1440771012210,700,83% bullish,of 6 ratings,$2.125
ALCO,$42.01,1440771012269,"1,055",50% bullish,of 2 ratings,N/A
ALGN,$56.535,1440771012299,"36,504",100% bearish,of 2 ratings,$73
ALXN,$178.17,1440771012339,"110,774",88% bullish,of 8 ratings,$223
ALIM,$3.47,1440771012401,"7,914",80% bullish,of 5 ratings,$10
ALKS,$61.18,1440771012536,"22,169",67% bullish,of 3 ratings,$75
ALLB,$22.6,1440771012563,23,Not yet rated,NULL,N/A
AFOP,$18.84,1440771012822,"8,181",75% bullish,of 8 ratings,$21
ARLP,$25.06,1440771012855,"15,337",67% bearish,of 3 ratings,$32
AHGP,$36.21,1440771012876,"1,104",67% bullish,of 3 ratings,N/A
ALGT,$208.65,1440771012907,"8,933",100% bearish,of 2 ratings,$235
AIQ,$13.47,1440771012938,"1,225",67% bullish,of 3 ratings,N/A
AHPI,$1.5,1440771012963,1,50% bullish,of 2 ratings,N/A
ALQA,$4.36,1440771013039,"5,764",75% bullish,of 4 ratings,$8.50
AMOT,$18.94,1440771013171,"4,703",100% bearish,of 1 rating,N/A
ALLT,$5.15,1440771013325,"13,948",75% bullish,of 4 ratings,$6.25
ALNY,$105.57,1440771013357,"27,368",67% bullish,of 3 ratings,$148.50
AFAM,$44.77,1440771013462,"2,772",50% bullish,of 2 ratings,$44
MDRX,$13.7,1440771013488,"52,477",60% bullish,of 5 ratings,$16
SMCP,NULL,1440771013515,0,Not yet rated,NULL,N/A
AOSL,$7.39,1440771013536,"10,247",67% bullish,of 3 ratings,$9
ATEC,NULL,1440771013558,0,100% bullish,of 1 rating,$2
ALTR,$48.51,1440771013811,"147,364",80% bearish,of 5 ratings,$54
ASPS,$26.395,1440771013835,"18,415",67% bullish,of 3 ratings,$46.50
AMRK,$10,1440771013887,450,50% bullish,of 2 ratings,$14
AMRN,$2.09,1440771013917,"58,091",85% bullish,of 39 ratings,$8
AYA,$20.74,1440771013992,"1,534",100% bearish,of 1 rating,$40
AMAG,$65.13,1440771014020,"39,887",100% bullish,of 2 ratings,$77.50
AIMC,$24.77,1440771014052,"27,286",100% bearish,of 2 ratings,$28.50
AMZN,$513.292,1440771014096,"292,247",81% bullish,of 264 ratings,$646
AMBC,$16,1440771014277,"15,498",100% bearish,of 1 rating,$16.50
AMBA,$92.104,1440771014321,"296,837",83% bullish,of 12 ratings,$102.50
AMBCW,NULL,1440771014353,0,100% bearish,of 1 rating,N/A
EPAX,$2.69,1440771014452,"3,451",100% bearish,of 1 rating,N/A
AMDA,$0.4749,1440771014500,"121,061",90% bullish,of 10 ratings,$1
DOX,$57.63,1440771014524,"19,770",67% bearish,of 3 ratings,$60
AMCX,$72.05,1440771014584,"44,208",67% bullish,of 3 ratings,$87.50
AMED,$38.74,1440771014683,"16,936",100% bearish,of 1 rating,$42
UHAL,$374.7,1440771014818,358,100% bullish,of 2 ratings,$393.50
ATAX,$5.2,1440771014880,"9,913",100% bullish,of 1 rating,$6.50
ASBI,$22.58,1440771014971,100,Not yet rated,NULL,N/A
AGNC,$19.5,1440771014999,"188,209",71% bullish,of 28 ratings,$22
AGNCB,$24.241,1440771015020,"2,900",Not yet rated,NULL,N/A
AAL,$38.5112,1440771015146,"1,408,913",93% bullish,of 88 ratings,$57
AMOV,$18.32,1440771015213,"1,874",100% bearish,of 1 rating,N/A
MTGEP,$24.57,1440771015243,3,Not yet rated,NULL,N/A
AGNCP,$25.25,1440771015344,996,Not yet rated,NULL,N/A
MTGE,$15.33,1440771015374,"137,234",75% bullish,of 4 ratings,$19.50
ACSF,$12.32,1440771015399,"2,667",100% bearish,of 1 rating,$15
ACAS,$13.675,1440771015475,"85,961",60% bullish,of 5 ratings,$16.75
ANCI,$1.55,1440771015533,122,100% bearish,of 1 rating,N/A
AMIC,NULL,1440771015757,0,Not yet rated,NULL,N/A
AMNB,$23.1,1440771015778,"1,925",Not yet rated,NULL,$25.50
AETI,NULL,1440771015799,0,67% bearish,of 3 ratings,N/A
ANAT,$100.4,1440771015839,"1,395",100% bullish,of 1 rating,N/A
APEI,$21.995,1440771015865,"6,589",100% bearish,of 1 rating,$25.50
ASEI,$38.48,1440771015931,"2,701",100% bearish,of 1 rating,$52.50
AMRB,$10.06,1440771016087,207,Not yet rated,NULL,$11
ARII,$39.89,1440771016135,"21,947",67% bearish,of 3 ratings,$45
AMSC,$4.43,1440771016215,"9,491",50% bullish,of 4 ratings,N/A
AMSWA,$8.9865,1440771016313,"15,615",100% bearish,of 2 ratings,$10.75
AMWD,$66.47,1440771016347,"5,964",50% bullish,of 2 ratings,$70
AMSF,$46.74,1440771016379,"5,911",Not yet rated,NULL,$57.50
ABCB,$26.45,1440771016447,"10,699",Not yet rated,NULL,$31
CRMT,$36.01,1440771016474,"3,059",100% bearish,of 1 rating,$39
ASRVP,NULL,1440771016608,0,Not yet rated,NULL,N/A
ASRV,NULL,1440771016666,0,100% bullish,of 2 ratings,N/A
FOLD,$14.77,1440771016692,"93,720",56% bullish,of 9 ratings,$21
AMGN,$157.92,1440771016713,"595,202",89% bullish,of 19 ratings,$185
ATLO,$24.13,1440771016838,"1,981",Not yet rated,NULL,N/A
AMSGP,NULL,1440771017131,0,Not yet rated,NULL,N/A
AMRS,$1.7176,1440771017270,"3,793",70% bullish,of 10 ratings,N/A
AMKR,$5.07,1440771017339,"148,731",100% bearish,of 2 ratings,$5
AMPH,$13.63,1440771017365,"14,859",50% bullish,of 2 ratings,$20
AMSG,$79.71,1440771017390,"27,960",100% bearish,of 1 rating,$85.50
ANAD,$0.3402,1440771017424,"19,444",100% bullish,of 2 ratings,$.50
ASYS,$5.475,1440771017445,"4,120",67% bullish,of 3 ratings,$12
ANAC,$133.8,1440771017531,"26,322",80% bullish,of 5 ratings,$180.50
ALOG,$78.63,1440771017557,"6,479",100% bearish,of 2 ratings,$100.50
ADI,$56.13,1440771017686,"289,938",67% bullish,of 3 ratings,$69
ABCW,$41.35,1440771017755,"3,502",67% bullish,of 3 ratings,N/A
AFSI,$58.48,1440771017814,"14,108",60% bullish,of 5 ratings,$72
ANCB,NULL,1440771017884,0,Not yet rated,NULL,$23
AMCF,$0.2483,1440771017911,"1,142",100% bullish,of 7 ratings,N/A
ANGI,$5.21,1440771017983,"73,901",64% bullish,of 11 ratings,$5.50
ANGO,$14.44,1440771018118,"6,990",67% bullish,of 3 ratings,$19
ANIP,$51.07,1440771018172,"28,776",89% bullish,of 19 ratings,$66
ANSS,$88.65,1440771018223,"21,985",100% bearish,of 1 rating,$100
ANIK,$35.585,1440771018249,"17,144",60% bullish,of 5 ratings,$51.25
ANTH,$7.3973,1440771018276,"183,430",80% bullish,of 10 ratings,$13
ATRS,$1.74,1440771018297,"52,982",92% bullish,of 12 ratings,$4.50
ATNY,NULL,1440771018432,0,50% bullish,of 2 ratings,$3.75
ABAC,$0.7167,1440771018457,"4,585",100% bearish,of 1 rating,N/A
APIC,$7.07,1440771018594,"8,912",100% bearish,of 1 rating,$19
APOG,$50.68,1440771018621,"13,267",50% bullish,of 2 ratings,$67
APOL,$11.31,1440771018663,"63,563",87% bearish,of 68 ratings,$14
AINV,$6.47,1440771018751,"113,255",50% bullish,of 4 ratings,$8
APPF,$17.1,1440771018882,"1,700",50% bullish,of 2 ratings,$22
AAPL,$111.7011,1440771018934,"6,292,121",86% bullish,of 2351 ratings,$150
AGTC,$15.7,1440771018961,"6,705",50% bullish,of 2 ratings,$33
APDN,$3.297,1440771018989,"9,160",Not yet rated,NULL,$9
ARCI,NULL,1440771019009,0,Not yet rated,NULL,N/A
APDNW,NULL,1440771019047,0,Not yet rated,NULL,N/A
AMCC,$5.715,1440771019146,"44,894",80% bullish,of 5 ratings,$8
AMAT,$16.05,1440771019180,"1,395,725",82% bullish,of 11 ratings,$23
AAOI,$20.73,1440771019279,"29,901",50% bullish,of 4 ratings,$26
APRI,$1.24,1440771019411,"3,068",83% bullish,of 6 ratings,$4.86
AREX,$2.1,1440771019443,"145,148",100% bearish,of 1 rating,$3
APTO,$5.02,1440771019477,239,Not yet rated,NULL,$17
AQMS,$4.9263,1440771019650,"5,574",Not yet rated,NULL,N/A
AUMAU,NULL,1440771019675,0,Not yet rated,NULL,N/A
AUMA,$9.89,1440771019707,115,Not yet rated,NULL,N/A
AUMAW,NULL,1440771019808,0,Not yet rated,NULL,N/A
ARDM,NULL,1440771019834,0,100% bullish,of 1 rating,$26
PETX,$17.51,1440771019862,"18,612",100% bearish,of 2 ratings,$26
ABUS,$7.35,1440771019890,"23,260",86% bullish,of 14 ratings,$23
AQXP,$17.3601,1440771020025,"36,059",50% bullish,of 2 ratings,$2
ARCW,$3.52,1440771020051,192,100% bearish,of 2 ratings,$10.50
ABIO,$0.8551,1440771020076,"14,820",50% bullish,of 2 ratings,$3.75
RKDA,$5.99,1440771020215,"3,969",100% bearish,of 2 ratings,$10
ARCB,$29.01,1440771020293,"16,494",67% bearish,of 3 ratings,$39.50
ACGL,$67.58,1440771020435,"22,866",50% bullish,of 2 ratings,$72
ACAT,$26.08,1440771020463,"17,004",100% bearish,of 3 ratings,$33
ARDX,$17.61,1440771020509,"16,374",50% bullish,of 2 ratings,$24.50
ARNA,$2.675,1440771020539,"370,204",90% bullish,of 78 ratings,$5.50
ARCC,$15.385,1440771020568,"324,202",67% bearish,of 3 ratings,$17.875
AGII,$55.01,1440771020608,"11,213",Not yet rated,NULL,$59.50
AGIIL,$25.34,1440771020670,"1,067",Not yet rated,NULL,N/A
ARGS,$6.17,1440771020820,"6,600",50% bullish,of 2 ratings,$19.50
ARIS,$3.9101,1440771020852,"11,762",Not yet rated,NULL,$4.50
ARIA,$7.035,1440771020879,"294,557",87% bullish,of 46 ratings,$9
ARKR,$25.19,1440771020951,2,50% bullish,of 2 ratings,N/A
ARTX,$1.49,1440771021013,"32,110",88% bullish,of 16 ratings,$4.50
ARMH,$42.92,1440771021040,"133,262",54% bearish,of 13 ratings,$60
ARWA,NULL,1440771021171,0,Not yet rated,NULL,N/A
ARWAR,NULL,1440771021249,0,Not yet rated,NULL,N/A
ARWAU,NULL,1440771021305,0,100% bullish,of 1 rating,N/A
ARQL,$1.76,1440771021380,"4,600",75% bullish,of 4 ratings,$5
ARRY,$5.89,1440771021411,"83,479",100% bullish,of 7 ratings,$10
ARWAW,NULL,1440771021517,0,Not yet rated,NULL,N/A
AROW,$27.06,1440771021614,"2,724",Not yet rated,NULL,N/A
DWAT,NULL,1440771021742,0,100% bearish,of 1 rating,N/A
ARWR,$5.731,1440771021769,"75,931",75% bullish,of 4 ratings,$10.50
ARRS,$26.49,1440771021790,"43,819",50% bullish,of 2 ratings,$38
ARTNA,$22.06,1440771021822,"1,650",100% bearish,of 1 rating,$29
ARTW,$4.37,1440771021919,"1,165",75% bearish,of 4 ratings,N/A
ASBB,NULL,1440771022058,0,Not yet rated,NULL,N/A
ASND,$19.44,1440771022162,"5,300",100% bullish,of 1 rating,$30
ASNA,$11.775,1440771022193,"283,117",50% bullish,of 2 ratings,$18
ASCMA,$27.1099,1440771022219,"10,924",100% bearish,of 1 rating,$45
APWC,$1.805,1440771022248,529,100% bearish,of 1 rating,N/A
ASMI,NULL,1440771022292,0,NULL,NULL,NULL
ASTI,$0.1114,1440771022319,"268,007",83% bullish,of 6 ratings,$3
ASML,$91.91,1440771022449,"134,998",50% bullish,of 4 ratings,$127
AZPN,$37.63,1440771022583,"58,072",50% bullish,of 2 ratings,$42
ASMB,$12.78,1440771022613,"8,175",67% bullish,of 3 ratings,N/A
ASTE,$37.09,1440771022642,"7,358",100% bearish,of 1 rating,$48
ASFI,$8.9,1440771022663,"1,800",100% bullish,of 1 rating,N/A
ALOT,NULL,1440771022715,0,100% bearish,of 1 rating,N/A
ATRO,$53.354,1440771022806,"6,825",100% bearish,of 2 ratings,$80
ASTC,$1.998,1440771022845,"1,850",100% bullish,of 5 ratings,N/A
ASUR,NULL,1440771023002,0,50% bullish,of 2 ratings,$8
ATHN,$133.5,1440771023147,"6,066",67% bearish,of 3 ratings,$153
ATRA,$39.5101,1440771023180,"9,498",50% bullish,of 2 ratings,$68
ATAI,$2.47,1440771023223,100,100% bearish,of 1 rating,N/A
AFCB,NULL,1440771023247,0,Not yet rated,NULL,N/A
AAME,$3.43,1440771023280,300,Not yet rated,NULL,N/A
AAPC,$10.1,1440771023305,16,Not yet rated,NULL,N/A
ACFC,$5.46,1440771023467,"7,624",100% bearish,of 1 rating,$6.50
ATHX,$1.165,1440771023525,"17,655",89% bullish,of 9 ratings,$5
ATLC,NULL,1440771023620,0,67% bullish,of 3 ratings,N/A
ATNI,$71.42,1440771023677,"4,522",100% bearish,of 1 rating,$69.50
AAWW,$41.22,1440771023705,"45,247",50% bullish,of 2 ratings,$65
ATML,$8.0599,1440771023732,"365,085",78% bullish,of 9 ratings,$9.50
AFH,$16.36,1440771023782,"27,204",Not yet rated,NULL,$21.50
ATOS,$0.7745,1440771023863,"16,053",100% bullish,of 7 ratings,$7
ATRC,$25.875,1440771024078,"9,126",100% bullish,of 1 rating,$30
LIFE,$15.19,1440771024125,"5,096",86% bullish,of 7 ratings,$43
ATTU,$13.379,1440771024207,245,100% bearish,of 1 rating,$20.50
ATRI,$386.3,1440771024236,325,Not yet rated,NULL,N/A
ATRM,$2.8201,1440771024264,100,50% bullish,of 2 ratings,N/A
AUBN,$26.65,1440771024290,200,Not yet rated,NULL,N/A
AUDC,$3.33,1440771024341,"11,688",80% bullish,of 5 ratings,$5
EARS,$4.7601,1440771024510,326,100% bearish,of 2 ratings,$11.50
AUPH,$3.0599,1440771024546,"1,204",100% bearish,of 1 rating,$8
ADAT,$0.3103,1440771024678,"97,204",100% bullish,of 2 ratings,N/A
ABTL,$17.41,1440771024739,"11,035",100% bullish,of 4 ratings,$20.25
ADSK,$47.93,1440771024769,"2,049,948",67% bullish,of 6 ratings,$69.50
ADP,$78.05,1440771024806,"322,497",100% bearish,of 1 rating,$88
AVGO,$125.27,1440771024871,"381,327",88% bullish,of 8 ratings,$165
AVNU,NULL,1440771025120,0,Not yet rated,NULL,$14
AVEO,$1.41,1440771025146,"87,008",75% bullish,of 8 ratings,$3
AAVL,$10.66,1440771025276,"28,666",100% bearish,of 1 rating,$20
AVNW,$1.11,1440771025302,"10,520",50% bullish,of 2 ratings,$2.20
AVID,$8.4,1440771025323,"55,217",100% bearish,of 1 rating,$20
AVGR,$14.25,1440771025351,"1,864",100% bearish,of 1 rating,$20
CAR,$43.76,1440771025490,"63,816",80% bullish,of 5 ratings,$60
ACLS,$3.16,1440771025567,"47,626",67% bullish,of 6 ratings,$4.75
AWRE,$3.17,1440771025627,168,67% bullish,of 3 ratings,N/A
AXPW,$1.06,1440771025666,"5,268",83% bullish,of 6 ratings,N/A
AXPWW,NULL,1440771025821,0,Not yet rated,NULL,N/A
AXTI,$2.17,1440771025848,"6,889",50% bullish,of 2 ratings,$2.75
AXGN,$4.54,1440771025868,"76,484",Not yet rated,NULL,$5
BCOM,$18.86,1440771025896,40,100% bearish,of 1 rating,N/A
RILY,NULL,1440771026033,0,Not yet rated,NULL,N/A
BEAV,$48.96,1440771026064,"39,354",67% bearish,of 3 ratings,$59
BOSC,$2.26,1440771026089,850,50% bullish,of 2 ratings,N/A
BIDU,$151.88,1440771026231,"328,183",81% bullish,of 88 ratings,$210
BWINB,$22.82,1440771026264,"2,000",Not yet rated,NULL,N/A
BCPC,$57.09,1440771026295,"11,509",100% bearish,of 1 rating,$75
BWINA,NULL,1440771026360,0,Not yet rated,NULL,N/A
BLDP,$1.215,1440771026430,"42,624",91% bullish,of 22 ratings,$2.50
BANF,$59.63,1440771026568,"2,102",Not yet rated,NULL,$68
BANFP,NULL,1440771026623,0,Not yet rated,NULL,N/A
BOCH,$5.7,1440771026649,"4,348",Not yet rated,NULL,$6.50
BKSC,$16.4999,1440771026781,435,Not yet rated,NULL,N/A
OZRK,$41.48,1440771026839,"32,967",67% bullish,of 3 ratings,$49.50
BOTJ,NULL,1440771026866,0,Not yet rated,NULL,N/A
BKMU,$7,1440771026896,"19,823",Not yet rated,NULL,$8
BMRC,$47.8,1440771026998,"1,304",Not yet rated,NULL,$52
BFIN,$12,1440771027126,"4,533",Not yet rated,NULL,$13
BANR,$43.25,1440771027155,"5,706",100% bullish,of 3 ratings,$50
BWFG,NULL,1440771027234,0,100% bearish,of 1 rating,N/A
BZUN,$5.36,1440771027301,"137,371",50% bullish,of 2 ratings,$11.50
BHACU,NULL,1440771027472,0,Not yet rated,NULL,N/A
BHAC,$9.81,1440771027497,400,Not yet rated,NULL,N/A
BHACR,NULL,1440771027549,0,Not yet rated,NULL,N/A
TAPR,$31.3201,1440771027575,550,100% bearish,of 1 rating,N/A
BHACW,NULL,1440771027655,0,Not yet rated,NULL,N/A
BBSI,$34.23,1440771027739,"11,160",67% bearish,of 3 ratings,$62.50
BYBK,$4.85,1440771027888,"7,264",100% bearish,of 1 rating,N/A
BSET,$28.172,1440771027944,"9,502",100% bearish,of 1 rating,$35
BYLK,NULL,1440771027974,0,Not yet rated,NULL,$14
BBCN,$14.295,1440771028001,"35,243",100% bearish,of 1 rating,$16
BV,$5.1,1440771028025,"26,915",67% bullish,of 6 ratings,$9
BCBP,NULL,1440771028075,0,Not yet rated,NULL,N/A
BDCV,NULL,1440771028291,0,100% bearish,of 1 rating,$10.19
BEBE,$1.35,1440771028361,"664,108",75% bullish,of 4 ratings,$3.075
BSF,$8.688,1440771028392,"4,774",Not yet rated,NULL,N/A
BBBY,$62.73,1440771028417,"178,526",71% bullish,of 7 ratings,$75
BBGI,NULL,1440771028442,0,100% bullish,of 1 rating,N/A
BECN,$35.14,1440771028469,"22,281",50% bullish,of 2 ratings,$40
BELFA,$14.87,1440771028496,12,100% bearish,of 1 rating,N/A
BELFB,$17.68,1440771028670,"4,434",100% bearish,of 1 rating,N/A
BLPH,$5.01,1440771028799,23,100% bearish,of 1 rating,$12.50
BNTC,$8.1487,1440771028827,"4,464",100% bullish,of 1 rating,N/A
BLCM,$17.31,1440771028854,"15,984",50% bullish,of 4 ratings,$40
BNFT,$34.27,1440771028890,"8,693",67% bullish,of 3 ratings,$46
BGMD,$0.75,1440771029035,"31,444",100% bullish,of 10 ratings,N/A
BNCL,$12.34,1440771029062,"24,783",100% bullish,of 3 ratings,$12.50
BGCP,$8.8,1440771029097,"109,869",88% bullish,of 8 ratings,$14
BGFV,$10.79,1440771029192,"11,003",57% bullish,of 7 ratings,$12
ORPN,$5.84,1440771029225,"12,236",100% bullish,of 1 rating,$28.50
BIND,$4.4699,1440771029256,"2,000",75% bullish,of 4 ratings,$13.50
BASI,NULL,1440771029322,0,Not yet rated,NULL,N/A
BCDA,NULL,1440771029351,0,Not yet rated,NULL,N/A
BIOC,$1.9299,1440771029424,"40,281",83% bullish,of 6 ratings,$3.85
BCRX,$11.1842,1440771029557,"39,374",63% bullish,of 8 ratings,$18
BDSI,$6.72,1440771029584,"44,318",88% bullish,of 8 ratings,$17
BIOD,$0.6474,1440771029610,"1,500",80% bullish,of 5 ratings,$4
BLFS,$1.98,1440771029792,280,100% bearish,of 1 rating,$4.75
BIIB,$304,1440771029820,"110,243",88% bullish,of 16 ratings,$400
BIOL,$1.45,1440771029845,"3,080",Not yet rated,NULL,N/A
BLRX,$1.38,1440771029871,"12,800",100% bullish,of 12 ratings,$5
BMRN,$131.34,1440771030026,"53,567",80% bullish,of 5 ratings,$160
BVXV,NULL,1440771030054,0,Not yet rated,NULL,N/A
BPTH,$1.08,1440771030128,"2,465",100% bullish,of 2 ratings,$5
BRLI,NULL,1440771030150,0,NULL,NULL,NULL
BVXVW,$0.7,1440771030191,300,100% bearish,of 1 rating,N/A
BIOS,$2.315,1440771030277,"95,487",71% bullish,of 7 ratings,$4
BBC,$31.4715,1440771030321,"3,035",Not yet rated,NULL,N/A
BSTC,$50.58,1440771030378,"5,068",100% bearish,of 1 rating,$76
BBP,$33.2,1440771030403,"13,784",Not yet rated,NULL,N/A
BSPM,$0.6524,1440771030558,"8,661",50% bullish,of 2 ratings,N/A
BOTA,$2.11,1440771030615,"4,500",88% bullish,of 8 ratings,N/A
TECH,$95.78,1440771030715,"26,042",100% bullish,of 1 rating,$117
BEAT,$14.4701,1440771030807,"58,378",67% bearish,of 3 ratings,$15
BITI,$17.12,1440771030855,"6,487",100% bullish,of 1 rating,$28
BDMS,NULL,1440771030892,0,100% bearish,of 1 rating,N/A
BBOX,$14.89,1440771030941,"5,475",100% bearish,of 1 rating,N/A
BJRI,$43.91,1440771030966,"15,294",50% bullish,of 2 ratings,$55
BDE,$7.4,1440771031026,"23,049",50% bullish,of 2 ratings,$9
BBRY,$7.4163,1440771031158,"677,991",61% bullish,of 330 ratings,$9
BLKB,$57.44,1440771031194,"26,000",100% bearish,of 2 ratings,$66
HAWK,$40.24,1440771031252,"48,812",91% bullish,of 11 ratings,$49
ADRD,$22.0601,1440771031333,"1,887",100% bearish,of 1 rating,N/A
ADRA,NULL,1440771031411,0,100% bearish,of 1 rating,N/A
BKCC,$9.2132,1440771031465,"87,446",50% bullish,of 2 ratings,$10
ADRE,$30.21,1440771031492,"4,100",100% bearish,of 1 rating,N/A
BLBD,$11.712,1440771031645,"2,392",Not yet rated,NULL,N/A
BCOR,$13.59,1440771031700,"13,746",57% bullish,of 7 ratings,$15
ADRU,NULL,1440771031726,0,100% bearish,of 1 rating,N/A
BUFF,$26.205,1440771031777,"39,721",83% bullish,of 12 ratings,$31.50
BLMN,$20.24,1440771031805,"129,617",83% bullish,of 6 ratings,$27.50
BBLU,$0.8,1440771031865,5,100% bullish,of 2 ratings,$4.43
BHBK,$13.78,1440771031954,"6,725",100% bullish,of 1 rating,$14.50
NILE,$33.47,1440771032023,"27,407",50% bullish,of 2 ratings,$34
BLUE,$132.1859,1440771032060,"20,963",71% bullish,of 7 ratings,$217.50
BKEPP,NULL,1440771032165,0,100% bearish,of 1 rating,N/A
BKEP,$6.28,1440771032219,"1,648",100% bearish,of 1 rating,$8.50
BPMC,$27.04,1440771032309,"5,618",50% bullish,of 2 ratings,$47.50
BNCN,$20.24,1440771032349,"49,373",Not yet rated,NULL,$24
BOFI,$118.36,1440771032480,"40,339",100% bullish,of 6 ratings,$144
WIFI,$7.53,1440771032511,"15,720",50% bullish,of 2 ratings,$13.50
BOJA,$21.49,1440771032538,"9,880",100% bullish,of 1 rating,$30
BOBE,$43.51,1440771032610,"10,915",75% bullish,of 4 ratings,$57
BONA,$11.78,1440771032700,"4,595",75% bullish,of 4 ratings,$8.50
BOKF,$61.46,1440771032738,"4,330",100% bearish,of 1 rating,$69
BNSO,$1.31,1440771032763,190,100% bearish,of 1 rating,N/A
BAMM,$3.14,1440771032894,"2,906",60% bullish,of 5 ratings,N/A
BPFH,$11.72,1440771032919,"37,181",100% bearish,of 1 rating,$14
BPFHP,$24.9999,1440771032982,"1,150",100% bearish,of 1 rating,N/A
BPFHW,$5.5,1440771033172,"3,130",100% bearish,of 1 rating,N/A
BCLI,$2.93,1440771033262,"5,904",80% bullish,of 5 ratings,$12
BDBD,$8.1,1440771033287,"67,897",60% bullish,of 5 ratings,$10
BBEP,$2.76,1440771033320,"291,801",69% bullish,of 13 ratings,$5.625
EPAY,$26.4608,1440771033349,"18,327",100% bearish,of 2 ratings,$30
BBEPP,$14.32,1440771033375,"12,702",100% bearish,of 1 rating,N/A
BLIN,NULL,1440771033415,0,100% bullish,of 2 ratings,$2.20
BBRG,$12.55,1440771033447,"11,733",67% bullish,of 3 ratings,$14.50
BDGE,$26.08,1440771033660,"3,229",Not yet rated,NULL,$31.75
BRID,NULL,1440771033687,0,100% bearish,of 1 rating,N/A
BRCM,$51.53,1440771033717,"189,884",75% bullish,of 12 ratings,$56
BCOV,$5.22,1440771033822,"12,700",67% bullish,of 3 ratings,$10.20
BSFT,$31.05,1440771033971,"14,765",57% bullish,of 7 ratings,$40.50
BYFC,NULL,1440771034006,0,50% bullish,of 2 ratings,N/A
BVSN,$6.01,1440771034052,"12,339",60% bearish,of 5 ratings,N/A
BRCD,$10.6,1440771034105,"383,567",92% bullish,of 13 ratings,$11.50
BWEN,$3.1475,1440771034126,"8,388",100% bullish,of 3 ratings,$8
BRKL,$10.47,1440771034160,"24,209",100% bearish,of 1 rating,$10.75
BMTC,$29.02,1440771034206,"8,149",Not yet rated,NULL,$34
BRKS,$10.37,1440771034265,"26,658",67% bullish,of 3 ratings,$15.25
BRKR,$18.42,1440771034370,"33,462",100% bearish,of 2 ratings,$22
BLMT,$20.58,1440771034466,"2,075",Not yet rated,NULL,N/A
BWLD,$194.33,1440771034557,"13,368",82% bullish,of 11 ratings,$205
BSQR,$6.3,1440771034685,"12,516",67% bullish,of 3 ratings,N/A
BLDR,$14.21,1440771034710,"80,925",67% bullish,of 3 ratings,$22
CFFI,$36,1440771034784,"4,104",100% bearish,of 1 rating,N/A
BUR,NULL,1440771034861,0,100% bearish,of 1 rating,$8
CHRW,$67.37,1440771034891,"85,622",Not yet rated,NULL,$72
CDNS,$20.115,1440771034921,"137,794",75% bullish,of 4 ratings,$22.50
CCMP,$42.97,1440771034947,"8,032",50% bullish,of 2 ratings,$59
CA,$27.081,1440771035023,"217,896",50% bullish,of 4 ratings,$33
CDZI,$7.88,1440771035098,"1,200",100% bearish,of 1 rating,N/A
CACQ,$7.09,1440771035158,"14,425",100% bearish,of 1 rating,$12.25
CZR,$8.93,1440771035263,"72,380",60% bearish,of 5 ratings,$10.50
CSTE,$40.2401,1440771035323,"14,493",50% bullish,of 2 ratings,$65
PRSS,$4.45,1440771035394,382,80% bullish,of 5 ratings,$4.50
CLBS,$1.4,1440771035425,"16,464",79% bullish,of 14 ratings,$4
CHY,$11.38,1440771035530,"47,399",Not yet rated,NULL,N/A
CLMS,$10.48,1440771035556,"12,672",Not yet rated,NULL,$10.50
CHI,$10.567,1440771035611,"30,219",100% bearish,of 1 rating,N/A
CCD,$19.055,1440771035636,"15,457",Not yet rated,NULL,N/A
CFGE,NULL,1440771035686,0,Not yet rated,NULL,N/A
CHW,$7.6,1440771035765,"75,435",100% bearish,of 1 rating,N/A
CAMP,$16.37,1440771035865,"40,601",88% bullish,of 8 ratings,$25
CGO,$12.0699,1440771035900,"4,220",100% bearish,of 1 rating,N/A
CVGW,$61.52,1440771035995,"23,581",50% bullish,of 2 ratings,$58.50
CSQ,$9.9245,1440771036020,"76,924",Not yet rated,NULL,N/A
CFNB,NULL,1440771036047,0,100% bearish,of 1 rating,N/A
CALA,$5.62,1440771036208,"116,840",100% bullish,of 3 ratings,$19.50
CALD,$15.58,1440771036258,"37,071",100% bearish,of 1 rating,$21
CALM,$49.89,1440771036307,"55,266",80% bullish,of 5 ratings,$65
ABCD,$5.38,1440771036384,"48,718",83% bullish,of 6 ratings,N/A
CAMBU,NULL,1440771036438,0,100% bearish,of 1 rating,N/A
CLMT,$26.1142,1440771036467,"32,625",75% bullish,of 8 ratings,$31
CAMB,$9.95,1440771036490,"2,000",Not yet rated,NULL,N/A
CAMBW,NULL,1440771036569,0,Not yet rated,NULL,N/A
CAC,$40.37,1440771036678,"1,625",Not yet rated,NULL,N/A
CAMT,$2.67,1440771036706,995,73% bullish,of 11 ratings,$4
CSIQ,$18.77,1440771036837,"242,476",86% bullish,of 28 ratings,$42.50
CGIX,$9.964,1440771036864,"6,184",67% bullish,of 3 ratings,$14.375
CPHC,NULL,1440771036895,0,100% bearish,of 1 rating,N/A
CBNJ,$10.83,1440771036992,800,100% bullish,of 1 rating,N/A
CPLP,$7.0155,1440771037151,"14,744",71% bullish,of 7 ratings,$11
CBF,$29,1440771037172,"16,278",Not yet rated,NULL,$32
CPLA,$48.105,1440771037208,"19,822",67% bearish,of 3 ratings,$65
CCBG,$14.63,1440771037235,"3,652",Not yet rated,NULL,$17.25
CPTA,$13.7,1440771037264,"10,339",100% bearish,of 1 rating,$18.50
CSWC,$45.7,1440771037301,373,Not yet rated,NULL,N/A
CFFN,$11.99,1440771037364,"54,776",Not yet rated,NULL,$12.75
CAPN,$2.01,1440771037495,"64,323",100% bullish,of 1 rating,$10.85
CAPNW,NULL,1440771037562,0,Not yet rated,NULL,N/A
CPST,$0.3834,1440771037627,"184,560",95% bullish,of 22 ratings,$1.25
CAPR,$4.3,1440771037665,258,Not yet rated,NULL,$12
CARA,$19.06,1440771037695,"24,014",50% bullish,of 4 ratings,$25
CRDC,$0.342,1440771037866,"32,720",100% bullish,of 1 rating,$1.25
CBYL,$5.47,1440771037892,"5,708",100% bearish,of 1 rating,$20
CARB,$11.2,1440771037918,"6,825",75% bullish,of 4 ratings,$12
CRME,$9.14,1440771037966,900,89% bullish,of 9 ratings,$11.25
CFNL,$21.77,1440771038048,"10,331",Not yet rated,NULL,$24
CSII,$23.85,1440771038098,"17,114",100% bearish,of 2 ratings,$42.125
CDNA,$6.9597,1440771038123,554,100% bearish,of 1 rating,$9
CATM,$34.39,1440771038152,"19,915",100% bearish,of 1 rating,$44
CKEC,$23.59,1440771038396,"12,641",50% bullish,of 2 ratings,$35.915
CECO,$3.54,1440771038422,"32,001",67% bearish,of 3 ratings,$6
CLBH,NULL,1440771038551,0,Not yet rated,NULL,$16.50
CTRE,$11.41,1440771038580,"39,797",50% bullish,of 2 ratings,$13.50
CART,$5.35,1440771038645,"1,000",100% bearish,of 1 rating,N/A
CARO,NULL,1440771038680,0,100% bearish,of 1 rating,$19
CRZO,$33.68,1440771038729,"121,082",67% bearish,of 3 ratings,$55
TAST,$12.56,1440771038778,"20,092",Not yet rated,NULL,$14.25
CARV,$7.07,1440771038806,8,50% bullish,of 2 ratings,N/A
CRTN,$2.59,1440771038907,"1,326",100% bearish,of 1 rating,N/A
CACB,$5.315,1440771039062,"8,208",Not yet rated,NULL,$5.50
CWST,$6.16,1440771039094,"11,043",50% bullish,of 2 ratings,$7.25
CASM,NULL,1440771039115,0,100% bullish,of 1 rating,$3.50
CASY,$104.35,1440771039149,"21,584",50% bullish,of 2 ratings,$99.50
CSCD,$14.98,1440771039170,"7,125",100% bullish,of 2 ratings,$17
CASI,$1.3793,1440771039198,"1,968",100% bullish,of 1 rating,$3.50
CATB,NULL,1440771039435,0,100% bearish,of 1 rating,$28
CPRX,$3.655,1440771039505,"69,702",71% bullish,of 7 ratings,$7
CASS,$47.74,1440771039561,"2,550",100% bearish,of 1 rating,N/A
CATYW,NULL,1440771039591,0,100% bearish,of 1 rating,N/A
CVCO,$69.74,1440771039612,"2,527",100% bearish,of 1 rating,N/A
CATY,$29.25,1440771039692,"46,798",100% bearish,of 1 rating,$33.50
CAVM,$68.15,1440771039743,"33,850",67% bearish,of 3 ratings,$72
CNLM,NULL,1440771039822,0,Not yet rated,NULL,N/A
CBFV,$21.4169,1440771039870,602,Not yet rated,NULL,$25
CNLMR,NULL,1440771039955,0,Not yet rated,NULL,N/A
CNLMW,NULL,1440771039979,0,Not yet rated,NULL,N/A
CNLMU,NULL,1440771040018,0,100% bullish,of 1 rating,N/A
CBOE,$63.75,1440771040042,"18,204",Not yet rated,NULL,$60
CDK,$48.9225,1440771040211,"24,953",67% bearish,of 3 ratings,$50
CECE,$9.52,1440771040255,"7,092",50% bullish,of 2 ratings,$16
CPXX,$2.06,1440771040339,"7,349",100% bullish,of 2 ratings,$7
CDW,$40.15,1440771040365,"66,811",75% bullish,of 4 ratings,$44
CELG,$122.7401,1440771040447,"346,113",92% bullish,of 13 ratings,$155.50
CELGZ,$1.84,1440771040501,15,80% bullish,of 5 ratings,N/A
CLDX,$15.32,1440771040531,"131,542",89% bullish,of 9 ratings,$36
CLDN,$1.0999,1440771040552,"29,667",71% bullish,of 7 ratings,$3
CBMG,$22.63,1440771040904,"2,225",50% bullish,of 2 ratings,N/A
CLRB,NULL,1440771040935,0,100% bearish,of 1 rating,N/A
CLRBW,NULL,1440771040964,0,Not yet rated,NULL,N/A
CLSN,$2.0255,1440771040990,"18,037",80% bullish,of 10 ratings,$7.50
CLLS,$33.17,1440771041014,"7,698",75% bullish,of 4 ratings,$51.50
CLTX,$2.2804,1440771041067,"45,844",100% bullish,of 2 ratings,N/A
CSFL,$13.58,1440771041205,"18,786",Not yet rated,NULL,$15
CEMP,$35.3938,1440771041306,"74,234",71% bullish,of 7 ratings,$52
CETV,$2.083,1440771041337,"23,198",67% bullish,of 3 ratings,$2.80
CYAD,NULL,1440771041385,0,100% bullish,of 1 rating,$87.50
CETX,NULL,1440771041411,0,Not yet rated,NULL,$5.60
CFBK,NULL,1440771041479,0,Not yet rated,NULL,N/A
CENT,$11.98,1440771041540,"3,064",Not yet rated,NULL,$10
CVCY,$11.21,1440771041583,100,Not yet rated,NULL,$12
CENTA,$12.45,1440771041608,"17,375",Not yet rated,NULL,N/A
CENX,$5.48,1440771041860,"323,172",67% bullish,of 6 ratings,$9
CNTY,$5.76,1440771041923,"1,426",80% bullish,of 5 ratings,$7.75
CRNT,$1.4,1440771041991,"15,196",50% bullish,of 2 ratings,$2
CNBKA,$41.07,1440771042017,800,50% bullish,of 2 ratings,N/A
CPHD,$49.975,1440771042048,"62,866",67% bearish,of 3 ratings,$66.50
CERU,$3.75,1440771042080,"11,882",75% bullish,of 4 ratings,$15
CERS,$4.95,1440771042100,"50,177",75% bullish,of 4 ratings,$7
CERE,$1.1301,1440771042121,"78,946",88% bullish,of 8 ratings,N/A
CERN,$61.5764,1440771042181,"115,545",67% bullish,of 3 ratings,$79
KOOL,$0.7061,1440771042369,"5,350",100% bullish,of 5 ratings,$7
CEVA,$18.43,1440771042396,"7,229",100% bearish,of 1 rating,$25
HOTR,$1.51,1440771042421,"15,472",100% bullish,of 2 ratings,$5
CYOU,$20.86,1440771042461,"13,539",50% bullish,of 6 ratings,$24
CTHR,$1.26,1440771042569,100,50% bullish,of 2 ratings,$2.50
HOTRW,NULL,1440771042596,0,Not yet rated,NULL,N/A
CHFN,$12.35,1440771042779,"5,041",Not yet rated,NULL,$14
CHEK,$2.12,1440771042814,553,Not yet rated,NULL,$7.75
GTLS,$23.69,1440771042841,"28,387",50% bullish,of 4 ratings,$40
CHKP,$78.84,1440771042881,"76,395",50% bullish,of 4 ratings,$92
CHTR,$178.91,1440771042906,"62,186",100% bearish,of 2 ratings,$196
CHEKW,NULL,1440771042930,0,Not yet rated,NULL,N/A
CEMI,$3.9502,1440771043137,"2,500",50% bullish,of 2 ratings,$7.50
CCXI,$6.59,1440771043179,"15,671",67% bullish,of 3 ratings,$14
CHMG,NULL,1440771043215,0,Not yet rated,NULL,$30
CHFC,$30.95,1440771043240,"22,177",100% bearish,of 1 rating,$36
CHKE,$25.8,1440771043374,"3,316",100% bearish,of 1 rating,$32.50
CHEV,$14.2801,1440771043408,710,Not yet rated,NULL,N/A
CHMA,$25.9,1440771043546,"8,342",Not yet rated,NULL,$40
CBNK,$16.29,1440771043571,"6,637",100% bearish,of 1 rating,N/A
PLCE,$59.16,1440771043605,"13,459",100% bearish,of 1 rating,$69
CMRX,$49.905,1440771043626,"28,919",50% bullish,of 2 ratings,$57
CALI,$0.9,1440771043703,"10,001",67% bullish,of 3 ratings,N/A
CBAK,$1.9899,1440771043759,"11,946",67% bullish,of 9 ratings,N/A
CADC,NULL,1440771043792,0,78% bullish,of 9 ratings,N/A
CBPO,$98.92,1440771043953,"42,197",75% bullish,of 8 ratings,$140.50
CCCL,$0.79,1440771044047,"3,010",100% bullish,of 6 ratings,N/A
CAAS,$6.39,1440771044117,"5,500",93% bullish,of 14 ratings,$11.50
CCCR,NULL,1440771044215,0,67% bearish,of 3 ratings,N/A
JRJC,$3.5028,1440771044249,"13,540",82% bullish,of 11 ratings,N/A
CHLN,$2,1440771044273,24,67% bullish,of 3 ratings,N/A
CHOP,$1.29,1440771044298,100,50% bullish,of 2 ratings,N/A
HGSH,$1.7001,1440771044323,"1,921",67% bullish,of 3 ratings,N/A
CNIT,$1.45,1440771044354,"4,500",67% bullish,of 6 ratings,N/A
CJJD,$1.8,1440771044537,"2,523",100% bullish,of 1 rating,N/A
CHNR,$1.7487,1440771044578,600,100% bearish,of 1 rating,N/A
CREG,$0.7,1440771044606,"6,628",100% bullish,of 3 ratings,N/A
HTHT,$25.82,1440771044631,"5,848",50% bullish,of 2 ratings,$28.40
CPGI,NULL,1440771044758,0,Not yet rated,NULL,N/A
CSUN,$1.4711,1440771044860,"3,201",80% bullish,of 5 ratings,N/A
CNTF,$0.8001,1440771044910,"25,389",Not yet rated,NULL,N/A
CXDC,$5.63,1440771044960,"2,200",67% bearish,of 3 ratings,N/A
CNYD,$3.5,1440771045066,"8,698",67% bullish,of 3 ratings,N/A
CCIH,$6.62,1440771045100,"18,261",67% bullish,of 6 ratings,$12.65
CNET,$0.82,1440771045126,"15,650",50% bullish,of 2 ratings,N/A
IMOS,$17.731,1440771045171,"28,712",60% bullish,of 5 ratings,$21.50
CHSCL,$26.9,1440771045258,105,Not yet rated,NULL,N/A
CHSCM,$26.23,1440771045301,"1,736",Not yet rated,NULL,N/A
CHSCN,$27.01,1440771045392,735,Not yet rated,NULL,N/A
CHSCP,NULL,1440771045462,0,Not yet rated,NULL,N/A
CHSCO,NULL,1440771045593,0,Not yet rated,NULL,N/A
CHDN,$133.18,1440771045618,"13,342",Not yet rated,NULL,$165
CDTX,$14.4,1440771045647,"1,778",Not yet rated,NULL,$22
CHUY,$30.725,1440771045667,"16,331",50% bullish,of 2 ratings,$34
CIFC,$7.15,1440771045802,"1,525",100% bearish,of 1 rating,N/A
CMCT,NULL,1440771045837,0,100% bearish,of 1 rating,N/A
CMPR,$70.94,1440771045862,"27,057",50% bullish,of 2 ratings,$72.50
CINF,$52.71,1440771045933,"36,082",50% bullish,of 4 ratings,$50.50
CIDM,$0.5798,1440771046015,"5,251",50% bullish,of 2 ratings,$2.10
CPHR,$5.57,1440771046075,"5,792",100% bearish,of 1 rating,$17
CTAS,$85.38,1440771046100,"28,923",100% bearish,of 1 rating,$91
CRUS,$29.71,1440771046236,"70,382",75% bullish,of 12 ratings,$44.50
CZNC,$19.67,1440771046291,"2,825",Not yet rated,NULL,N/A
CSCO,$25.87,1440771046363,"2,749,631",84% bullish,of 209 ratings,$32
CZWI,NULL,1440771046420,0,Not yet rated,NULL,N/A
CZFC,NULL,1440771046445,0,Not yet rated,NULL,N/A
CTRN,$26.72,1440771046474,"7,888",100% bearish,of 1 rating,$31.50
CIZN,$19.325,1440771046502,738,Not yet rated,NULL,N/A
CTXS,$68.85,1440771046527,"84,297",86% bullish,of 7 ratings,$80
CHCO,$46.96,1440771046710,"5,081",Not yet rated,NULL,$46
CDTI,$1.5811,1440771046892,"3,247",75% bullish,of 4 ratings,$3.20
CLNE,$5.17,1440771046917,"213,954",80% bullish,of 15 ratings,$9
CLNT,$1.38,1440771046954,100,75% bullish,of 8 ratings,N/A
CIVB,$10.25,1440771046980,50,Not yet rated,NULL,$11
CIVBP,NULL,1440771047046,0,Not yet rated,NULL,N/A
CLFD,$16.918,1440771047072,"10,511",67% bullish,of 3 ratings,$18
CLRO,$11.43,1440771047093,145,50% bullish,of 2 ratings,$14.25
CLIR,$4.47,1440771047231,"18,593",100% bullish,of 3 ratings,N/A
CSBK,$13.54,1440771047263,"11,027",Not yet rated,NULL,N/A
CLVS,$76.65,1440771047362,"26,629",60% bullish,of 5 ratings,$101.50
CMFN,$11.3,1440771047390,"12,512",100% bearish,of 1 rating,$15.50
CME,$94.4,1440771047419,"106,316",67% bullish,of 3 ratings,$102
CCNE,$16.75,1440771047440,"4,400",50% bullish,of 2 ratings,$21.50
CBLI,$3.7699,1440771047461,"1,404",60% bullish,of 5 ratings,N/A
CISG,$7.79,1440771047599,"16,096",100% bullish,of 5 ratings,$10
COBZ,$12.74,1440771047757,"10,833",100% bullish,of 1 rating,$14
CNV,$4.4,1440771047782,"10,402",50% bullish,of 2 ratings,$7.15
COKE,$152.56,1440771047807,"2,630",79% bullish,of 19 ratings,N/A
CWAY,$11.19,1440771047969,202,Not yet rated,NULL,N/A
CDRB,$13.05,1440771047994,"1,239",67% bullish,of 3 ratings,N/A
CDXS,$3.616,1440771048136,"2,884",64% bullish,of 11 ratings,$6
JVA,$4.57,1440771048163,750,83% bullish,of 6 ratings,$7
CGNX,$35.47,1440771048189,"38,685",50% bullish,of 2 ratings,$47
CVLY,NULL,1440771048233,0,Not yet rated,NULL,N/A
CGNT,$1.47,1440771048261,"1,231",100% bullish,of 2 ratings,$2
CCOI,$27.6075,1440771048319,"48,989",50% bullish,of 4 ratings,$35
CTSH,$63.3461,1440771048346,"356,487",90% bullish,of 10 ratings,$75
CHRS,$28.74,1440771048480,"20,706",67% bearish,of 3 ratings,$37
COHU,$9.57,1440771048523,"25,438",100% bearish,of 1 rating,$14.25
COHR,$57.25,1440771048581,"10,215",50% bullish,of 2 ratings,$72
CLCT,$18.167,1440771048748,"15,177",100% bearish,of 1 rating,N/A
CLRX,$0.5549,1440771048780,500,50% bullish,of 2 ratings,N/A
CBAN,$8.9,1440771048832,652,Not yet rated,NULL,N/A
COLL,$14.97,1440771048915,"2,750",100% bearish,of 1 rating,$26
CIGI,$43.07,1440771048935,653,100% bearish,of 1 rating,$52
CLCD,$6.31,1440771048966,"20,853",100% bearish,of 1 rating,$20.50
COLB,$29.925,1440771048987,"19,764",Not yet rated,NULL,$36
COLM,$61.07,1440771049026,"10,801",100% bearish,of 1 rating,$71
CBMX,$1.1075,1440771049121,"4,275",83% bullish,of 6 ratings,$3.15
CMCO,$18.39,1440771049154,"7,281",60% bullish,of 5 ratings,$28
CMCSA,$56.36,1440771049185,"815,322",66% bullish,of 35 ratings,$69.50
CMCSK,$57.13,1440771049291,"229,044",Not yet rated,NULL,$84
CBSH,$44.6,1440771049317,"22,894",50% bullish,of 2 ratings,$46
CBSHP,$25.36,1440771049544,299,100% bearish,of 1 rating,N/A
CUBN,NULL,1440771049576,0,Not yet rated,NULL,N/A
COMM,$31.08,1440771049602,"58,750",67% bearish,of 3 ratings,$35
CVGI,$4.855,1440771049682,"10,746",50% bullish,of 2 ratings,$6
ESXB,$5.0701,1440771049703,500,Not yet rated,NULL,N/A
JCS,NULL,1440771049757,0,67% bullish,of 3 ratings,N/A
CYHHZ,$0.011,1440771049784,"14,500",100% bullish,of 1 rating,N/A
CSAL,$20.62,1440771049835,"48,962",75% bullish,of 4 ratings,$30
COB,$10.25,1440771049939,"5,865",100% bullish,of 1 rating,$11.75
CTBI,$34.51,1440771049966,"5,132",Not yet rated,NULL,$36
CWBC,NULL,1440771049995,0,Not yet rated,NULL,N/A
CIL,NULL,1440771050125,0,Not yet rated,NULL,N/A
CIZ,NULL,1440771050202,0,100% bearish,of 1 rating,N/A
CVLT,$35.89,1440771050228,"28,481",75% bullish,of 4 ratings,$44.50
CSA,NULL,1440771050362,0,Not yet rated,NULL,N/A
CID,NULL,1440771050391,0,Not yet rated,NULL,N/A
CDC,$34.77,1440771050470,"1,530",Not yet rated,NULL,N/A
CSF,NULL,1440771050498,0,100% bearish,of 1 rating,N/A
CFO,$35.53,1440771050527,"1,406",100% bearish,of 1 rating,N/A
CFA,NULL,1440771050557,0,100% bearish,of 1 rating,N/A
CDL,NULL,1440771050582,0,Not yet rated,NULL,N/A
CPSI,$45.02,1440771050632,"11,014",100% bearish,of 1 rating,$45.50
CGEN,$4.87,1440771050734,"4,564",50% bullish,of 2 ratings,$11
CSB,NULL,1440771050759,0,Not yet rated,NULL,N/A
CTG,$6.73,1440771050910,"4,193",100% bearish,of 1 rating,$8.50
SCOR,$52.3325,1440771050959,"22,176",100% bearish,of 1 rating,$66
CHCI,$0.77,1440771051042,"3,000",50% bullish,of 2 ratings,N/A
CXRX,$72.64,1440771051201,100,100% bearish,of 1 rating,$90
CNCE,$15.58,1440771051230,"11,300",75% bullish,of 4 ratings,$22
CMTL,$25.29,1440771051278,"11,682",100% bearish,of 2 ratings,$37
CNSI,$18.88,1440771051332,"11,347",100% bearish,of 2 ratings,$29
CDOR,$1.35,1440771051427,350,100% bullish,of 1 rating,N/A
CDORO,$18.95,1440771051464,600,100% bearish,of 1 rating,N/A
CCUR,$4.62,1440771051557,900,75% bullish,of 4 ratings,N/A
CNAT,$3.84,1440771051587,"2,736",83% bullish,of 6 ratings,$13
CDORP,NULL,1440771051608,0,100% bearish,of 1 rating,N/A
CFMS,$19.4056,1440771051640,"17,437",Not yet rated,NULL,$27
CNFR,$10.16,1440771051668,750,Not yet rated,NULL,N/A
CTWS,$34.61,1440771051912,"5,313",100% bearish,of 1 rating,$44
CNOB,$19.47,1440771052040,"7,130",100% bullish,of 1 rating,$23.50
CNXR,$6.825,1440771052070,"53,804",100% bearish,of 1 rating,$12
CONN,$30.14,1440771052091,"27,790",67% bullish,of 3 ratings,$48.50
CNMD,$53.13,1440771052127,"9,168",Not yet rated,NULL,$59
CWCO,$10.42,1440771052171,"6,938",67% bullish,of 3 ratings,$14.50
CPSS,$5.595,1440771052225,"1,820",100% bullish,of 1 rating,$10
CNSL,$19.34,1440771052276,"19,464",100% bearish,of 1 rating,$23
CTCT,$24.3101,1440771052304,"24,215",67% bullish,of 3 ratings,$37
CFRXZ,NULL,1440771052432,0,Not yet rated,NULL,N/A
CFRX,$5.05,1440771052458,"1,700",Not yet rated,NULL,$14
CTRV,$3.9699,1440771052513,119,Not yet rated,NULL,$6.40
CPRT,$34.73,1440771052541,"26,148",67% bearish,of 3 ratings,$40
CFRXW,$1.8,1440771052586,400,100% bearish,of 1 rating,N/A
CTRL,$8.69,1440771052615,"21,962",50% bullish,of 2 ratings,$11
CRBP,$1.97,1440771052881,"36,485",100% bullish,of 2 ratings,$6.25
BVA,NULL,1440771052986,0,50% bullish,of 2 ratings,N/A
CSOD,$35.76,1440771053017,"25,373",50% bullish,of 2 ratings,$42
CORT,$5.11,1440771053061,"23,944",67% bullish,of 3 ratings,$12
CRVL,$31.03,1440771053145,"3,175",100% bearish,of 1 rating,N/A
CORI,$10.56,1440771053171,"5,167",100% bearish,of 1 rating,$18
CORE,$59.21,1440771053197,"11,930",100% bearish,of 1 rating,$72
COSI,$1.17,1440771053227,"51,510",100% bullish,of 1 rating,N/A
CSGP,$179.51,1440771053330,"1,607",50% bullish,of 2 ratings,$235
COST,$139.3,1440771053361,"187,700",79% bullish,of 24 ratings,$154.50
ICBK,NULL,1440771053401,0,Not yet rated,NULL,$21
CPAH,NULL,1440771053461,0,50% bullish,of 2 ratings,N/A
CVTI,$23.19,1440771053538,"10,014",67% bearish,of 3 ratings,$39
COWN,$5.1,1440771053564,"92,650",75% bullish,of 4 ratings,$7
COVS,$2.685,1440771053590,"8,952",67% bullish,of 3 ratings,N/A
COWNL,NULL,1440771053767,0,Not yet rated,NULL,N/A
CRAI,$21.67,1440771053924,"3,075",100% bearish,of 1 rating,$36
CBRL,$145.6834,1440771053955,"12,561",50% bullish,of 2 ratings,$155
BREW,$7.617,1440771053983,"5,394",67% bullish,of 6 ratings,$15
CPSH,$2.1601,1440771054012,800,Not yet rated,NULL,N/A
CACC,$196.22,1440771054086,"3,062",50% bullish,of 2 ratings,$158.50
GLDI,$11.05,1440771054112,"1,200",100% bearish,of 1 rating,N/A
SLVO,NULL,1440771054142,0,100% bearish,of 1 rating,N/A
CRAY,$20.49,1440771054240,"36,490",83% bullish,of 6 ratings,$38.50
CRESY,$10.31,1440771054344,"2,864",100% bearish,of 1 rating,$19
CREE,$27.72,1440771054371,"106,445",65% bullish,of 17 ratings,$29.50
CRTO,$42.75,1440771054396,"48,598",67% bullish,of 6 ratings,$64
CROX,$14.35,1440771054581,"67,047",63% bullish,of 8 ratings,$16.50
CRWS,NULL,1440771054652,0,Not yet rated,NULL,$10
CRDS,$1.0099,1440771054681,"5,176",75% bullish,of 4 ratings,$4.50
CCRN,$13.714,1440771054710,"16,734",100% bearish,of 1 rating,$14.25
CRWN,$4.48,1440771054812,"9,345",75% bullish,of 4 ratings,N/A
CYRX,$2.86,1440771054842,28,Not yet rated,NULL,$9
CSGS,$30.29,1440771054869,"12,530",Not yet rated,NULL,$40
CYRXW,NULL,1440771054942,0,Not yet rated,NULL,N/A
CCLP,$14.535,1440771055001,"4,004",67% bearish,of 3 ratings,$20
CSPI,$5.88,1440771055081,200,67% bullish,of 3 ratings,N/A
CTIC,$1.58,1440771055134,"210,147",84% bullish,of 76 ratings,$5.75
CTCM,$1.775,1440771055217,"20,579",80% bearish,of 5 ratings,$3.90
CTIB,NULL,1440771055242,0,100% bearish,of 1 rating,N/A
CUNB,$20.87,1440771055374,"4,853",Not yet rated,NULL,$24.50
CTRP,$70.075,1440771055399,"331,958",75% bullish,of 8 ratings,$93
CMLS,$1.445,1440771055530,"74,414",50% bullish,of 4 ratings,$6
CPIX,NULL,1440771055581,0,Not yet rated,NULL,N/A
CUI,$4.9,1440771055629,"5,200",50% bullish,of 2 ratings,$10
CRIS,$2.57,1440771055687,"51,331",100% bullish,of 8 ratings,$6
CVBF,$15.94,1440771055712,"40,280",Not yet rated,NULL,$18
CUTR,$14.35,1440771055770,"5,196",67% bearish,of 3 ratings,$18
CVV,$10.74,1440771055800,41,100% bullish,of 5 ratings,N/A
CYAN,$7.19,1440771055905,46,100% bearish,of 1 rating,N/A
CYBR,$51.56,1440771056037,"210,781",75% bullish,of 8 ratings,$66
CYBX,$66.005,1440771056062,"23,466",50% bullish,of 4 ratings,$71.50
CYCC,$0.5599,1440771056114,"3,143",73% bullish,of 11 ratings,N/A
CBAY,$2.568,1440771056249,"6,300",100% bullish,of 1 rating,$4
CYBE,$6.35,1440771056277,"2,776",100% bearish,of 1 rating,N/A
CYCCP,NULL,1440771056298,0,100% bearish,of 1 rating,N/A
CY,$9.97,1440771056428,"372,516",80% bullish,of 10 ratings,$15.50
CYRN,$1.7,1440771056456,"2,600",67% bullish,of 3 ratings,$4
CYNO,$31.35,1440771056477,"27,918",67% bearish,of 3 ratings,$45.50
CYNA,$15.7699,1440771056498,"1,654",100% bullish,of 1 rating,$31.50
CONE,$31.85,1440771056632,"37,427",67% bearish,of 3 ratings,$35.50
CYTK,$6.8175,1440771056661,"19,400",71% bullish,of 14 ratings,$13.50
CYTX,$0.2961,1440771056682,"945,049",83% bullish,of 12 ratings,$5.50
CTSO,$6.31,1440771056837,454,Not yet rated,NULL,$15.625
CYTR,$2.3497,1440771056870,"55,844",67% bullish,of 6 ratings,$10
TVIZ,$18.24,1440771056891,203,100% bearish,of 1 rating,N/A
DAEG,NULL,1440771056919,0,100% bearish,of 1 rating,N/A
TVIX,$13.57,1440771056970,"2,296,708",81% bullish,of 16 ratings,N/A
ZIV,$40.6899,1440771057116,"15,687",Not yet rated,NULL,N/A
XIV,$26.62,1440771057174,"2,999,631",75% bearish,of 4 ratings,N/A
DTLK,$5.84,1440771057279,"15,005",100% bearish,of 1 rating,$9
DJCO,$194.51,1440771057304,300,Not yet rated,NULL,N/A
DAIO,NULL,1440771057330,0,Not yet rated,NULL,N/A
DARA,$0.849,1440771057359,"6,612",83% bullish,of 6 ratings,$1.50
DAKT,$8.73,1440771057385,"69,577",50% bullish,of 2 ratings,$12
DRAM,NULL,1440771057406,0,78% bullish,of 9 ratings,N/A
DWCH,$5.12,1440771057656,606,75% bullish,of 4 ratings,$8.25
PLAY,$34.752,1440771057681,"19,565",100% bullish,of 5 ratings,$42
DWSN,$4.21,1440771057707,372,67% bullish,of 3 ratings,N/A
DBVT,$40.97,1440771057740,"3,445",100% bearish,of 1 rating,$53
DTEA,$12.55,1440771057836,"1,151",100% bearish,of 2 ratings,$24
DHRM,NULL,1440771057864,0,Not yet rated,NULL,N/A
TRAK,$62.81,1440771057889,"85,148",50% bullish,of 2 ratings,$62.50
DGAS,$20.0501,1440771058111,"2,080",67% bearish,of 3 ratings,N/A
TACOW,$3.97,1440771058137,"8,032",100% bullish,of 1 rating,N/A
DCTH,$0.4033,1440771058158,"19,245",78% bullish,of 9 ratings,N/A
DFRG,$14.45,1440771058192,"12,275",100% bearish,of 1 rating,$20
TACO,$13.01,1440771058216,"14,522",75% bullish,of 4 ratings,$20
DELT,NULL,1440771058323,0,Not yet rated,NULL,N/A
DELTW,NULL,1440771058398,0,Not yet rated,NULL,N/A
DENN,$11.485,1440771058458,"73,435",100% bullish,of 3 ratings,$15
XRAY,$53.05,1440771058503,"24,887",100% bullish,of 1 rating,$58
DEPO,$28.79,1440771058529,"64,008",60% bullish,of 5 ratings,$29
DSCI,$5.85,1440771058590,"6,004",50% bullish,of 2 ratings,$16
DERM,$26.36,1440771058659,"11,406",100% bearish,of 1 rating,$33.50
DXLG,$5.38,1440771058748,"14,429",100% bearish,of 1 rating,$8
DEST,$11.225,1440771058891,814,50% bullish,of 2 ratings,N/A
DXM,$0.2679,1440771058922,"44,096",50% bullish,of 2 ratings,N/A
DSWL,$1.79,1440771058943,"1,000",100% bullish,of 1 rating,N/A
DXCM,$93.32,1440771058964,"40,115",57% bullish,of 7 ratings,$98
DHXM,NULL,1440771059003,0,Not yet rated,NULL,N/A
DMND,$29.11,1440771059101,"15,174",75% bullish,of 12 ratings,$32
DHIL,$192.84,1440771059139,852,Not yet rated,NULL,N/A
FANG,$66.902,1440771059169,"61,155",50% bullish,of 2 ratings,$86.50
DCIX,$1.6888,1440771059266,"28,607",50% bullish,of 4 ratings,$3.50
DRNA,$10.25,1440771059294,"10,048",67% bearish,of 3 ratings,$25
DGII,$9.9825,1440771059464,"9,435",100% bearish,of 1 rating,$10
DMRC,$34.83,1440771059523,"4,845",100% bearish,of 1 rating,$44
APPS,$2.31,1440771059622,"18,979",100% bearish,of 1 rating,$10.25
DGLY,$8.06,1440771059651,"17,222",50% bullish,of 6 ratings,$20
DIOD,$19.95,1440771059678,"17,298",75% bearish,of 4 ratings,$24
DCOM,$16.825,1440771059703,"32,116",100% bearish,of 2 ratings,$16.50
DRAD,$3.669,1440771059753,700,100% bullish,of 1 rating,$5.25
DPRX,$13.03,1440771059839,600,100% bullish,of 2 ratings,$27.75
DISCB,NULL,1440771059967,0,100% bearish,of 1 rating,$35
DISCA,$26.99,1440771060054,"171,563",67% bullish,of 3 ratings,$34
DISCK,$25.56,1440771060189,"118,944",100% bearish,of 1 rating,$32
DISH,$59.03,1440771060217,"81,294",69% bullish,of 13 ratings,$73
DVCR,$10.6541,1440771060251,962,100% bullish,of 1 rating,N/A
DSCO,$0.3908,1440771060354,"24,200",83% bullish,of 6 ratings,$2.75
DLHC,NULL,1440771060383,0,100% bearish,of 1 rating,N/A
BAGR,NULL,1440771060408,0,100% bearish,of 1 rating,$6
DNBF,NULL,1440771060487,0,Not yet rated,NULL,$27.50
DLTR,$76.5,1440771060554,"110,923",82% bullish,of 11 ratings,$88
DGICA,$14.35,1440771060622,"2,207",100% bearish,of 1 rating,$17
DGICB,NULL,1440771060656,0,100% bearish,of 1 rating,N/A
DORM,$50.1,1440771060727,"25,316",100% bearish,of 1 rating,$56
DMLP,$14.74,1440771060762,"2,100",100% bearish,of 1 rating,N/A
HILL,$9.67,1440771060859,"150,457",60% bearish,of 5 ratings,$9.75
DRWI,$0.22,1440771060886,"45,633",60% bullish,of 5 ratings,$.45
DWA,$20.5,1440771061160,"48,221",63% bullish,of 8 ratings,$26
DRWIW,NULL,1440771061188,0,Not yet rated,NULL,N/A
DSPG,$8.5711,1440771061209,"14,871",100% bearish,of 1 rating,$13.50
DRYS,$0.4642,1440771061247,"1,532,933",77% bullish,of 31 ratings,$.60
DSKX,$3.0705,1440771061269,"18,097",100% bullish,of 1 rating,N/A
CADTR,NULL,1440771061297,0,Not yet rated,NULL,N/A
CADT,NULL,1440771061340,0,Not yet rated,NULL,N/A
CADTU,NULL,1440771061473,0,Not yet rated,NULL,N/A
CADTW,NULL,1440771061578,0,Not yet rated,NULL,N/A
DNKN,$51.27,1440771061628,"127,162",67% bullish,of 15 ratings,$56.50
DTSI,$26.465,1440771061652,"8,159",100% bearish,of 2 ratings,$39.50
DRRX,$2.0402,1440771061722,"32,001",50% bullish,of 6 ratings,$3
DYAX,$23.64,1440771061864,"57,523",89% bullish,of 9 ratings,$30
DXPE,$27.98,1440771061893,"26,139",50% bullish,of 2 ratings,N/A
BOOM,$9.77,1440771061925,"3,930",67% bullish,of 3 ratings,$12
ETFC,$26.38,1440771062056,"103,611",57% bullish,of 14 ratings,$32.50
DVAX,$28.925,1440771062088,"47,009",70% bullish,of 10 ratings,$40
DYNT,$2.98,1440771062142,24,75% bullish,of 4 ratings,N/A
DYSL,$1.4795,1440771062170,810,100% bullish,of 2 ratings,N/A
EBMT,$11.41,1440771062201,200,Not yet rated,NULL,$13.50
EGLE,$6.39,1440771062299,"9,025",60% bullish,of 5 ratings,N/A
EGBN,$41.78,1440771062332,"8,285",Not yet rated,NULL,$48
EGRX,$81.6862,1440771062431,"24,600",67% bullish,of 3 ratings,$97
ELNK,$8.34,1440771062574,"58,948",60% bullish,of 5 ratings,$9.50
EROC,$1.4799,1440771062704,"35,892",50% bullish,of 2 ratings,$3
EWBC,$39.9101,1440771062729,"41,819",100% bearish,of 1 rating,$50
EACQU,NULL,1440771062782,0,Not yet rated,NULL,N/A
EML,NULL,1440771062811,0,Not yet rated,NULL,N/A
EBAY,$26.92,1440771062888,"562,602",81% bullish,of 117 ratings,$34
EVBS,$6.53,1440771062913,"1,531",Not yet rated,NULL,$7
ECHO,$23.29,1440771063087,"15,803",67% bearish,of 3 ratings,$35.50
ELON,$0.5449,1440771063120,"1,050",50% bullish,of 2 ratings,N/A
EBIX,$27.85,1440771063150,"18,783",69% bullish,of 13 ratings,$40
ECTE,NULL,1440771063176,0,75% bullish,of 4 ratings,N/A
SATS,$44.72,1440771063197,"2,258",50% bullish,of 2 ratings,$60
EEI,$11.27,1440771063229,"1,500",67% bearish,of 3 ratings,N/A
ECACU,$10.1,1440771063478,700,Not yet rated,NULL,N/A
ESES,$3.44,1440771063545,132,100% bearish,of 1 rating,$7
EDAP,$3.5401,1440771063576,"4,000",60% bullish,of 5 ratings,$4.50
EFUT,NULL,1440771063825,0,Not yet rated,NULL,N/A
EDUC,$5.3501,1440771063886,912,100% bearish,of 1 rating,N/A
EDGW,$7,1440771063951,"3,245",100% bearish,of 1 rating,N/A
EMITF,$1.2228,1440771064019,"1,300",75% bullish,of 4 ratings,N/A
EHTH,$13.99,1440771064049,"18,914",50% bullish,of 4 ratings,$16.50
EGAN,$3.5835,1440771064076,"3,870",50% bullish,of 2 ratings,$6.25
LOCO,$13.26,1440771064147,"363,875",69% bullish,of 13 ratings,$20
EGLT,$10.4499,1440771064314,595,50% bullish,of 2 ratings,$21
ESIO,$4.43,1440771064340,"7,180",50% bullish,of 2 ratings,$10
ESLT,$77.12,1440771064379,978,67% bullish,of 3 ratings,N/A
ELRC,$10.36,1440771064403,"4,814",100% bearish,of 1 rating,N/A
EA,$67.05,1440771064483,"195,210",77% bullish,of 35 ratings,$80
ERI,$9.485,1440771064552,"20,192",100% bearish,of 1 rating,$10
EFII,$44.09,1440771064682,"15,441",80% bullish,of 5 ratings,$55
ELEC,NULL,1440771064765,0,Not yet rated,NULL,N/A
ELECU,NULL,1440771064867,0,Not yet rated,NULL,N/A
ELECW,NULL,1440771064895,0,Not yet rated,NULL,N/A
ELSE,NULL,1440771064998,0,60% bullish,of 5 ratings,N/A
RDEN,$10.82,1440771065074,"13,114",100% bearish,of 4 ratings,$15
CAPX,NULL,1440771065130,0,Not yet rated,NULL,N/A
EBIO,$3.48,1440771065262,"25,661",100% bearish,of 2 ratings,$8.35
LONG,$17.008,1440771065294,700,67% bullish,of 3 ratings,$15.75
ESBK,NULL,1440771065422,0,Not yet rated,NULL,N/A
EMCI,$22.51,1440771065452,"3,012",Not yet rated,NULL,N/A
ELTK,$1.2501,1440771065506,"42,739",67% bearish,of 3 ratings,N/A
EMKR,$6.82,1440771065553,"7,975",75% bullish,of 4 ratings,$8.50
EMCF,NULL,1440771065580,0,100% bearish,of 1 rating,N/A
EMMS,$1.13,1440771065636,"9,463",83% bullish,of 6 ratings,N/A
EMMSP,NULL,1440771065660,0,100% bearish,of 1 rating,N/A
ERS,$2.84,1440771065791,"1,100",Not yet rated,NULL,N/A
NYNY,$4.2569,1440771065863,"9,257",50% bullish,of 2 ratings,N/A
ENTA,$41.38,1440771065889,"13,754",50% bullish,of 2 ratings,$42
ECPG,$39.115,1440771065934,"24,065",100% bullish,of 2 ratings,$52
WIRE,$31.49,1440771066018,"13,448",100% bearish,of 1 rating,$37
ENDP,$78.654,1440771066045,"123,243",50% bullish,of 6 ratings,$104
ECYT,$5.29,1440771066070,"51,731",83% bullish,of 6 ratings,$12
ELGX,$12.79,1440771066256,"38,086",75% bullish,of 4 ratings,$17
EFOI,$20.25,1440771066324,"158,929",50% bullish,of 2 ratings,$20.50
WATT,$6.8,1440771066357,"23,096",50% bullish,of 2 ratings,$13
ERII,$2.69,1440771066403,"10,402",80% bullish,of 5 ratings,$2.50
EIGI,$15.45,1440771066429,"47,146",67% bearish,of 3 ratings,$22.50
EXXI,$1.8,1440771066459,"418,272",86% bullish,of 7 ratings,$3.50
ENOC,$8.53,1440771066557,"33,863",75% bullish,of 4 ratings,$18
ENPH,$4.51,1440771066614,"86,966",75% bullish,of 4 ratings,$11
ENG,$0.98,1440771066652,500,100% bullish,of 3 ratings,N/A
ESGR,$145.4,1440771066761,"1,400",100% bearish,of 1 rating,$185
ENTG,$13.66,1440771066892,"91,977",100% bearish,of 1 rating,$18
ENFC,$17.84,1440771066919,100,Not yet rated,NULL,N/A
ENTL,$22.24,1440771066945,"1,650",Not yet rated,NULL,$28
ETRM,$0.2758,1440771066975,"13,280",69% bearish,of 35 ratings,$1.625
EBTC,$21.77,1440771067106,"1,625",Not yet rated,NULL,N/A
EFSC,$23.51,1440771067139,"9,050",Not yet rated,NULL,$27
EGT,$2.11,1440771067177,130,100% bullish,of 1 rating,N/A
ENVI,$1.8001,1440771067237,350,67% bullish,of 3 ratings,N/A
ENZN,$1.04,1440771067321,"45,411",100% bullish,of 9 ratings,N/A
EPIQ,$12.89,1440771067399,"42,986",100% bearish,of 1 rating,$18
EPRS,$5.08,1440771067426,"8,320",82% bullish,of 11 ratings,$15
ENZY,$9.469,1440771067452,"3,400",67% bullish,of 3 ratings,$9.50
EPZM,$18,1440771067477,"45,720",60% bullish,of 5 ratings,$34
EQIX,$267.35,1440771067697,"33,041",75% bullish,of 4 ratings,$312.50
EQFN,NULL,1440771067764,0,100% bearish,of 1 rating,N/A
EAC,$3.3,1440771067790,814,100% bearish,of 1 rating,$8
PLUS,$75.35,1440771067825,"3,981",50% bullish,of 2 ratings,$88
ERIC,$9.795,1440771067857,"202,203",67% bullish,of 9 ratings,$12.20
ESCA,$17.21,1440771067878,"3,838",100% bearish,of 1 rating,$22
ERIE,$82.765,1440771067913,"1,540",Not yet rated,NULL,$73
ESCR,$0.0676,1440771067960,"82,186",50% bullish,of 2 ratings,N/A
ESCRP,$1.55,1440771068173,30,100% bearish,of 1 rating,N/A
ESPR,$54.0484,1440771068241,"150,775",70% bearish,of 10 ratings,$123
ESMC,$1.28,1440771068309,50,Not yet rated,NULL,N/A
ESSA,NULL,1440771068341,0,100% bearish,of 1 rating,N/A
EPIX,NULL,1440771068375,0,Not yet rated,NULL,N/A
ETSY,$14.52,1440771068550,"84,777",80% bullish,of 5 ratings,$16
CLWT,NULL,1440771068575,0,100% bullish,of 1 rating,N/A
ESND,$34.22,1440771068602,"11,209",100% bearish,of 2 ratings,$40
ESSX,$0.44,1440771068640,"2,089",50% bullish,of 2 ratings,N/A
EVEP,$8.2,1440771068736,"52,665",50% bullish,of 2 ratings,$15
ESEA,$5.45,1440771068766,909,100% bullish,of 1 rating,$15
EVLV,$2.58,1440771068789,"59,662",60% bullish,of 5 ratings,$5.125
EEFT,$65.02,1440771068822,"25,046",100% bearish,of 1 rating,$67.50
EVOK,$4.0399,1440771068924,"2,449",100% bearish,of 1 rating,$13.375
EVOL,$6.1,1440771069004,980,75% bullish,of 4 ratings,$10
EVK,NULL,1440771069029,0,75% bearish,of 4 ratings,N/A
EXA,$11.25,1440771069210,"5,182",100% bearish,of 1 rating,$13
EXEL,$6.08,1440771069270,"665,446",81% bullish,of 16 ratings,$6
EXPE,$115.635,1440771069349,"62,388",64% bullish,of 11 ratings,$130
EXAS,$22.0985,1440771069380,"75,646",78% bullish,of 9 ratings,$31
EXPD,$49.2,1440771069408,"129,267",80% bullish,of 5 ratings,$52
EXAC,$18.25,1440771069429,"2,978",100% bearish,of 1 rating,$22.50
EXFO,$2.8032,1440771069484,"2,000",67% bearish,of 3 ratings,$3.95
EXLS,$36.61,1440771069560,"22,416",50% bullish,of 2 ratings,$41
EXPO,$42.27,1440771069614,"9,180",100% bearish,of 1 rating,$45.50
ESRX,$84.615,1440771069651,"235,361",67% bearish,of 6 ratings,$101
EXTR,$2.8,1440771069782,"38,569",80% bullish,of 5 ratings,$3
EYEG,NULL,1440771069864,0,Not yet rated,NULL,N/A
EXLP,$19.4,1440771069893,"10,759",100% bearish,of 1 rating,$25
EZCH,$22.7299,1440771069968,"26,054",75% bullish,of 8 ratings,$19.50
EYEGW,NULL,1440771070003,0,Not yet rated,NULL,N/A
EZPW,$5.795,1440771070101,"24,616",50% bullish,of 4 ratings,$7.50
FFIV,$122.1,1440771070131,"42,552",63% bullish,of 8 ratings,$132
FB,$90.813,1440771070154,"6,240,839",73% bullish,of 1069 ratings,$111
FCS,$13.6,1440771070232,"75,980",67% bearish,of 3 ratings,$17
FRP,$15.77,1440771070307,"19,492",100% bearish,of 1 rating,$18
FWM,$2.34,1440771070328,"15,318",100% bearish,of 2 ratings,$3.20
FALC,$1.7099,1440771070411,"21,996",63% bearish,of 8 ratings,N/A
DAVE,$14.77,1440771070462,"2,721",100% bearish,of 1 rating,$15.50
FFKT,$25.6,1440771070487,"2,139",Not yet rated,NULL,$29
FARM,$21.67,1440771070543,"4,350",100% bearish,of 1 rating,$35
FMNB,$8.04,1440771070722,357,Not yet rated,NULL,N/A
FARO,$37.33,1440771070859,"7,808",50% bullish,of 2 ratings,$48
FATE,$6.859,1440771070889,"4,242",50% bullish,of 2 ratings,$11
FDML,$8.378,1440771070957,"32,492",50% bullish,of 4 ratings,$14
FAST,$38.8988,1440771070983,"127,037",80% bullish,of 5 ratings,$45.50
FBRC,$21.84,1440771071008,"2,514",100% bearish,of 1 rating,$29
FBSS,NULL,1440771071039,0,Not yet rated,NULL,N/A
FEIC,$75.63,1440771071064,"18,195",50% bullish,of 2 ratings,$95.50
FNHC,$21.381,1440771071229,"8,992",100% bearish,of 1 rating,$35
FHCO,$1.38,1440771071303,"6,655",50% bullish,of 4 ratings,N/A
FCSC,$5.585,1440771071327,"16,344",100% bearish,of 1 rating,$8.125
FGEN,$23.95,1440771071384,"17,920",100% bearish,of 1 rating,$39
FENX,$9.61,1440771071456,"6,109",100% bullish,of 1 rating,$14.25
LION,$18.8,1440771071548,"5,286",100% bullish,of 1 rating,$20
ONEQ,$189.3099,1440771071622,"3,160",100% bullish,of 1 rating,N/A
FDUS,$14.419,1440771071702,"3,116",50% bullish,of 2 ratings,$18
FRGI,$52.305,1440771071732,"10,067",50% bullish,of 2 ratings,$70
FSAM,$8.2,1440771071757,"1,475",100% bearish,of 1 rating,$10.25
FSC,$6.33,1440771071782,"94,117",60% bullish,of 5 ratings,$8
FSCFL,$24.65,1440771071820,1,Not yet rated,NULL,N/A
FSFR,$8.85,1440771071918,"4,908",100% bearish,of 1 rating,$11.50
FITB,$19.883,1440771071943,"520,591",54% bullish,of 13 ratings,$22
FITBI,$27.58,1440771072074,"1,836",Not yet rated,NULL,N/A
FISI,$24.79,1440771072160,"4,675",100% bullish,of 2 ratings,$24.50
FNGN,$32.82,1440771072189,"19,717",67% bullish,of 3 ratings,$47
FNSR,$15.77,1440771072292,"76,646",71% bullish,of 7 ratings,$24.50
FNJN,$1.85,1440771072381,"3,301",100% bearish,of 1 rating,$5
FNTCU,NULL,1440771072408,0,Not yet rated,NULL,N/A
FNTC,NULL,1440771072441,0,Not yet rated,NULL,N/A
FEYE,$38.485,1440771072465,"334,054",87% bullish,of 15 ratings,$55.50
FNTCW,NULL,1440771072730,0,Not yet rated,NULL,N/A
FRBA,$6.05,1440771072767,400,Not yet rated,NULL,$8
FBNC,$17.04,1440771072821,"4,650",100% bullish,of 1 rating,$20
FNLC,$18.35,1440771072867,"2,675",100% bullish,of 1 rating,N/A
FBIZ,$43.96,1440771072895,"1,452",100% bearish,of 2 ratings,$52
FCVA,NULL,1440771072923,0,Not yet rated,NULL,N/A
FCAP,$26.5,1440771072944,202,Not yet rated,NULL,N/A
BUSE,$6.31,1440771072974,"27,878",Not yet rated,NULL,$6.875
FCFS,$38.93,1440771073289,"16,225",100% bearish,of 3 ratings,$48
FCLF,$9.04,1440771073315,204,Not yet rated,NULL,N/A
FCBC,$17.34,1440771073352,"5,443",Not yet rated,NULL,$18
FCNCA,$234.64,1440771073378,"1,854",Not yet rated,NULL,N/A
FCCO,$11.53,1440771073447,700,Not yet rated,NULL,$13.25
FCFP,$6.94,1440771073473,"1,500",Not yet rated,NULL,N/A
FBNK,$17.01,1440771073496,"5,712",100% bearish,of 1 rating,$17.50
FDEF,$37.54,1440771073630,"3,529",Not yet rated,NULL,$38
FFNM,$6.33,1440771073732,811,Not yet rated,NULL,N/A
FFBC,$18.18,1440771073766,"25,935",67% bearish,of 3 ratings,$20.25
FFIN,$30.31,1440771073792,"28,409",50% bullish,of 2 ratings,$31.75
FFBCW,NULL,1440771073835,0,100% bearish,of 1 rating,N/A
THFF,$32.82,1440771073861,"3,699",Not yet rated,NULL,$35
FFNW,$11.93,1440771073926,105,Not yet rated,NULL,$14
INBK,$29.83,1440771074080,"4,028",50% bullish,of 2 ratings,$37
FFWM,$21.41,1440771074107,"1,216",Not yet rated,NULL,$24
FRME,$25.66,1440771074240,"11,819",Not yet rated,NULL,$26.50
FMBH,NULL,1440771074271,0,Not yet rated,NULL,N/A
FIBK,$26.21,1440771074317,"13,648",Not yet rated,NULL,$32
FNBC,$33.72,1440771074368,"9,223",Not yet rated,NULL,$40
FMBI,$17.38,1440771074396,"30,231",Not yet rated,NULL,$20
FNFG,$9.09,1440771074470,"128,620",80% bullish,of 5 ratings,$9
FNWB,$11.87,1440771074576,"1,500",Not yet rated,NULL,N/A
FSFG,NULL,1440771074640,0,Not yet rated,NULL,N/A
FSGI,$2.5,1440771074667,"2,850",Not yet rated,NULL,N/A
BICK,$19.69,1440771074802,952,100% bullish,of 1 rating,N/A
FSLR,$48.19,1440771074827,"223,109",72% bullish,of 39 ratings,$65
FSBK,NULL,1440771074855,0,100% bullish,of 1 rating,N/A
FBZ,NULL,1440771074875,0,Not yet rated,NULL,N/A
FCAN,NULL,1440771075055,0,Not yet rated,NULL,N/A
FTCS,$36.71,1440771075122,"4,197",100% bearish,of 1 rating,N/A
FV,$23.533,1440771075196,"197,913",100% bearish,of 1 rating,N/A
IFV,$17.8074,1440771075256,"46,833",100% bearish,of 1 rating,N/A
FCA,NULL,1440771075282,0,Not yet rated,NULL,N/A
FEUZ,$31.51,1440771075314,450,Not yet rated,NULL,N/A
FEMB,NULL,1440771075357,0,Not yet rated,NULL,N/A
TDIV,$24.6803,1440771075416,"7,723",100% bearish,of 1 rating,N/A
FTSM,$59.9,1440771075443,229,100% bearish,of 1 rating,N/A
MDIV,$19.2299,1440771075628,"14,666",Not yet rated,NULL,N/A
FGM,$35.72,1440771075723,114,Not yet rated,NULL,N/A
FTGC,$22.28,1440771075759,"38,583",Not yet rated,NULL,N/A
FTHI,$19.37,1440771075786,100,Not yet rated,NULL,N/A
HYLS,$49.25,1440771075815,"9,193",100% bearish,of 1 rating,N/A
FHK,$33.33,1440771075918,287,Not yet rated,NULL,N/A
FPXI,$27.24,1440771075973,300,Not yet rated,NULL,N/A
SKYY,$28.9843,1440771076073,"5,227",100% bullish,of 1 rating,N/A
YDIV,NULL,1440771076104,0,Not yet rated,NULL,N/A
CU,$13.05,1440771076175,"2,540",100% bearish,of 1 rating,N/A
PLTM,$6.37,1440771076195,400,100% bearish,of 1 rating,N/A
FJP,$47.735,1440771076252,"9,985",Not yet rated,NULL,N/A
FTLB,$19.5049,1440771076278,"1,500",100% bearish,of 1 rating,N/A
LMBS,$49.97,1440771076339,"4,211",Not yet rated,NULL,N/A
FMB,NULL,1440771076471,0,Not yet rated,NULL,N/A
QABA,$37.1368,1440771076600,"2,955",100% bearish,of 1 rating,N/A
FONE,NULL,1440771076635,0,Not yet rated,NULL,N/A
CIBR,$17.95,1440771076656,"6,481",Not yet rated,NULL,N/A
QCLN,$15.165,1440771076684,"8,142",Not yet rated,NULL,N/A
GRID,NULL,1440771076737,0,100% bearish,of 1 rating,N/A
CARZ,$34.8001,1440771076764,227,100% bearish,of 1 rating,N/A
RDVY,$21.1287,1440771076844,"1,945",Not yet rated,NULL,N/A
QQEW,$41.971,1440771076902,"1,413",Not yet rated,NULL,N/A
AIRR,NULL,1440771077050,0,100% bearish,of 1 rating,N/A
QQXT,$40.6925,1440771077083,"12,442",Not yet rated,NULL,N/A
QTEC,$40.2,1440771077110,"4,144",Not yet rated,NULL,N/A
QINC,NULL,1440771077189,0,Not yet rated,NULL,N/A
FTSL,$48.72,1440771077264,"36,015",100% bearish,of 1 rating,N/A
FDIV,$46.09,1440771077346,1,100% bearish,of 1 rating,N/A
FSZ,$39.035,1440771077410,605,Not yet rated,NULL,N/A
FKO,NULL,1440771077435,0,Not yet rated,NULL,N/A
FTW,$31.91,1440771077562,2,Not yet rated,NULL,N/A
SVVC,$9.39,1440771077642,"1,101",50% bullish,of 2 ratings,$26
FUNC,NULL,1440771077676,0,Not yet rated,NULL,N/A
TUSA,NULL,1440771077697,0,Not yet rated,NULL,N/A
FKU,NULL,1440771077726,0,Not yet rated,NULL,N/A
FMER,$17.8,1440771077780,"103,531",50% bullish,of 2 ratings,$20
FISV,$86.0087,1440771077855,"82,545",100% bearish,of 3 ratings,$90
FSV,NULL,1440771078042,0,Not yet rated,NULL,$33.60
FIVE,$37.7199,1440771078067,"79,639",75% bearish,of 4 ratings,$44
FIVN,$4.1,1440771078120,"18,782",100% bullish,of 1 rating,$8.50
FPRX,$19.14,1440771078227,"13,279",50% bullish,of 2 ratings,$35
FLML,$22.37,1440771078254,"13,584",50% bullish,of 2 ratings,$30
FLKS,$11.87,1440771078295,"5,975",50% bullish,of 2 ratings,$27
FLXN,$24.86,1440771078320,"6,387",100% bearish,of 1 rating,$40
MBSD,$25.27,1440771078457,"9,698",Not yet rated,NULL,N/A
SKOR,NULL,1440771078482,0,Not yet rated,NULL,N/A
FLXS,$31.49,1440771078523,"2,627",100% bearish,of 2 ratings,N/A
FLEX,$10.65,1440771078627,"112,779",63% bullish,of 8 ratings,$12
FFIC,$19.73,1440771078680,"7,125",Not yet rated,NULL,$21
FLIR,$28.53,1440771078705,"63,314",100% bearish,of 1 rating,$38.50
FLDM,$11.49,1440771078762,"36,472",67% bearish,of 3 ratings,$15
FOMX,$10.04,1440771078846,"9,045",50% bullish,of 2 ratings,$23.50
FOGO,$18.51,1440771078894,"3,189",50% bullish,of 2 ratings,$25.50
FONR,$9.79,1440771079027,862,100% bullish,of 1 rating,N/A
FES,$0.92,1440771079083,101,50% bullish,of 2 ratings,$1
FORTY,NULL,1440771079159,0,100% bearish,of 1 rating,N/A
FTNT,$42.24,1440771079188,"58,348",80% bullish,of 10 ratings,$52
FORM,$6.34,1440771079222,"18,015",67% bullish,of 3 ratings,$10.50
FORR,$31.76,1440771079285,"2,390",Not yet rated,NULL,N/A
FBIO,$2.68,1440771079323,"1,312",83% bullish,of 6 ratings,N/A
FORD,$2.13,1440771079387,"551,286",67% bullish,of 3 ratings,N/A
FWRD,$45.02,1440771079449,"11,088",100% bearish,of 1 rating,$50
FOSL,$61.605,1440771079554,"53,841",60% bearish,of 5 ratings,$80
FWP,$26.77,1440771079587,950,100% bearish,of 1 rating,$45
FXCB,$17.05,1440771079725,"3,503",Not yet rated,NULL,$19
FMI,$23.8,1440771079757,"34,190",100% bearish,of 2 ratings,$27.50
FRAN,$11.27,1440771079821,"37,631",50% bullish,of 4 ratings,$15
FOXF,$15.27,1440771079865,"4,170",100% bearish,of 1 rating,$19
FELE,$28.56,1440771079898,"27,592",50% bullish,of 4 ratings,$33
FRED,$12.67,1440771079994,"28,135",50% bullish,of 2 ratings,$16
FREE,$0.366,1440771080026,"84,405",92% bullish,of 12 ratings,N/A
FEIM,$10.79,1440771080096,1,100% bearish,of 1 rating,N/A
FTR,$4.97,1440771080166,"906,537",78% bullish,of 27 ratings,$6.25
RAIL,$20.31,1440771080195,"13,447",100% bearish,of 1 rating,$24.50
FRPT,$12.84,1440771080220,"27,649",67% bearish,of 3 ratings,$23.50
FTRPR,$99.2,1440771080355,331,100% bearish,of 1 rating,N/A
FRPH,$31.25,1440771080384,"2,114",100% bearish,of 1 rating,N/A
FSBW,$23.03,1440771080486,1,Not yet rated,NULL,N/A
FTEK,$2.03,1440771080628,"12,316",75% bullish,of 4 ratings,N/A
FTD,$29.44,1440771080658,"5,275",100% bearish,of 1 rating,$40
FSYS,$6.64,1440771080679,"1,566",67% bullish,of 3 ratings,$10
FCEL,$0.7468,1440771080757,"151,018",88% bullish,of 41 ratings,$2.65
FULL,$3.07,1440771080828,"3,448",67% bearish,of 3 ratings,$4.25
FLL,NULL,1440771080855,0,75% bullish,of 4 ratings,$3.50
FULLL,NULL,1440771080903,0,Not yet rated,NULL,N/A
FSNN,NULL,1440771080930,0,67% bullish,of 3 ratings,$6
FFHL,$0.96,1440771081068,"4,496",50% bullish,of 4 ratings,N/A
FULT,$12.09,1440771081096,"80,287",100% bearish,of 1 rating,$13
FXEN,$0.8525,1440771081149,"10,615",75% bullish,of 4 ratings,$1.10
GK,$66.72,1440771081232,"7,686",Not yet rated,NULL,$78
FXENP,NULL,1440771081279,0,100% bearish,of 1 rating,N/A
WILC,$4.84,1440771081414,"1,029",100% bullish,of 2 ratings,N/A
GLPG,$60.68,1440771081485,"2,940",100% bullish,of 1 rating,$75
GAIA,$5.97,1440771081545,100,50% bullish,of 2 ratings,$8.50
GALTW,NULL,1440771081621,0,100% bullish,of 1 rating,N/A
GALTU,NULL,1440771081724,0,100% bearish,of 1 rating,N/A
GALE,$1.5002,1440771081775,"157,398",89% bullish,of 47 ratings,$4
GALT,$1.91,1440771081806,"5,058",80% bullish,of 5 ratings,N/A
GLMD,$8.74,1440771081870,"1,050",67% bullish,of 3 ratings,$20.50
GRMN,$37.84,1440771081905,"79,537",50% bullish,of 6 ratings,$46.50
GLPI,$31.57,1440771081936,"31,225",100% bearish,of 1 rating,$37.50
GPIC,$9.64,1440771082034,410,100% bearish,of 1 rating,N/A
GGAC,NULL,1440771082110,0,100% bearish,of 1 rating,N/A
GGACR,$0.28,1440771082269,200,100% bullish,of 1 rating,N/A
GGACU,$10.29,1440771082294,100,Not yet rated,NULL,N/A
GGACW,$0.19,1440771082324,700,Not yet rated,NULL,N/A
GENC,$9.27,1440771082424,80,100% bearish,of 1 rating,N/A
GARS,$14.1601,1440771082450,"4,346",Not yet rated,NULL,$16
GFN,$4.01,1440771082477,"10,484",100% bearish,of 2 ratings,$8
GNCMA,$17.03,1440771082502,"16,557",100% bearish,of 1 rating,$12
GENE,$2.2199,1440771082639,"34,450",100% bullish,of 12 ratings,N/A
GFNCP,NULL,1440771082665,0,Not yet rated,NULL,N/A
GFNSL,$25.6,1440771082815,300,Not yet rated,NULL,N/A
GHDX,$27.09,1440771082843,"50,946",50% bullish,of 2 ratings,$30
GNMK,$9.53,1440771082871,"14,100",67% bullish,of 6 ratings,$14
GNCA,$12.24,1440771083011,"12,158",100% bearish,of 1 rating,$20
THRM,$44.75,1440771083049,"37,241",75% bearish,of 4 ratings,$55.50
GNTX,$15.495,1440771083092,"160,858",Not yet rated,NULL,$20
GTWN,NULL,1440771083154,0,Not yet rated,NULL,N/A
GNVC,$2.42,1440771083183,16,90% bullish,of 10 ratings,$8.50
GABC,$29.21,1440771083284,"3,600",Not yet rated,NULL,$31
GEOS,$16.27,1440771083359,"19,744",100% bearish,of 3 ratings,$21
GERN,$3.14,1440771083391,"205,725",88% bullish,of 16 ratings,$5.25
GEVO,$2.4,1440771083488,"71,761",75% bullish,of 12 ratings,$5
GIGM,$0.5515,1440771083622,200,100% bullish,of 2 ratings,N/A
GIII,$68.352,1440771083754,"26,372",67% bullish,of 3 ratings,$75
GIGA,$1.4301,1440771083782,"1,163",100% bearish,of 1 rating,N/A
ROCK,$16.485,1440771083810,"18,051",80% bullish,of 5 ratings,$24
GILT,NULL,1440771083831,0,50% bullish,of 2 ratings,N/A
GILD,$107.88,1440771083865,"1,013,906",91% bullish,of 87 ratings,$129
GBCI,$25.67,1440771083886,"30,854",50% bullish,of 2 ratings,$31
GLAD,$8.6758,1440771083973,"43,932",50% bullish,of 2 ratings,$8.75
GOOD,$14.515,1440771084128,"22,756",Not yet rated,NULL,$19
GLADO,$25.59,1440771084157,100,Not yet rated,NULL,N/A
GOODO,$25,1440771084186,15,Not yet rated,NULL,N/A
GOODN,NULL,1440771084265,0,Not yet rated,NULL,N/A
GOODP,NULL,1440771084322,0,Not yet rated,NULL,N/A
GAINN,$25.184,1440771084392,469,Not yet rated,NULL,N/A
GAINO,NULL,1440771084590,0,Not yet rated,NULL,N/A
LAND,$9.31,1440771084616,"3,402",50% bullish,of 2 ratings,$13.75
GAINP,$25.94,1440771084645,40,Not yet rated,NULL,N/A
GLBZ,NULL,1440771084676,0,Not yet rated,NULL,N/A
GBT,$41.2,1440771084750,"42,422",100% bearish,of 1 rating,N/A
GAIN,$7.38,1440771084780,"15,775",100% bullish,of 2 ratings,$8.25
GDEF,$10.53,1440771084879,400,Not yet rated,NULL,N/A
GBLI,$26.41,1440771084975,"1,906",Not yet rated,NULL,N/A
GPACU,NULL,1440771085003,0,Not yet rated,NULL,N/A
ENT,$11.62,1440771085033,"12,768",100% bearish,of 1 rating,$18
GSOL,$7.98,1440771085059,"5,495",100% bearish,of 1 rating,N/A
ACTX,NULL,1440771085206,0,100% bullish,of 1 rating,N/A
QQQC,$19.57,1440771085230,261,100% bearish,of 1 rating,N/A
ALTY,$14.44,1440771085386,600,Not yet rated,NULL,N/A
SOCL,$17.71,1440771085418,"2,150",100% bullish,of 2 ratings,N/A
SRET,$13.27,1440771085512,214,Not yet rated,NULL,N/A
GAI,$5.87,1440771085543,100,50% bullish,of 2 ratings,N/A
GSM,$13.69,1440771085578,"42,612",50% bullish,of 2 ratings,$22
GBIM,$2.3,1440771085609,"8,019",50% bullish,of 2 ratings,N/A
GLBS,NULL,1440771085640,0,67% bullish,of 3 ratings,N/A
GLUU,$4.345,1440771085908,"146,354",92% bullish,of 26 ratings,$9
GLYC,$7.055,1440771085938,"1,820",50% bullish,of 2 ratings,$14
GLRI,$1.06,1440771086010,121,100% bearish,of 1 rating,$4.25
GLNG,$36.93,1440771086035,"76,129",83% bullish,of 6 ratings,$58
GOGO,$15.5,1440771086065,"46,997",80% bullish,of 5 ratings,$25
GMLP,$18.04,1440771086092,"24,793",50% bullish,of 4 ratings,$32.50
YLCO,$11.71,1440771086166,600,Not yet rated,NULL,N/A
GLDC,$4.0399,1440771086226,"1,700",50% bullish,of 2 ratings,N/A
GDEN,$9.05,1440771086381,259,50% bullish,of 2 ratings,N/A
GOGL,$3.11,1440771086472,"48,729",75% bullish,of 4 ratings,$5
GTIM,$6.73,1440771086505,"1,269",Not yet rated,NULL,$11.50
GBDC,$16.56,1440771086604,"21,680",Not yet rated,NULL,$17.75
GOOG,$627,1440771086631,"196,981",89% bullish,of 70 ratings,$825
GPRO,$48.145,1440771086672,"554,107",78% bullish,of 58 ratings,$72
GOOGL,$656.15,1440771086697,"210,412",88% bullish,of 1081 ratings,$749
GPIA,NULL,1440771086842,0,Not yet rated,NULL,N/A
GPIAU,NULL,1440771086945,0,Not yet rated,NULL,N/A
GPIAW,NULL,1440771086972,0,Not yet rated,NULL,N/A
GMAN,$3.685,1440771087001,"26,628",60% bullish,of 5 ratings,$8.50
GBSNU,NULL,1440771087105,0,NULL,NULL,NULL
GBSN,$0.3449,1440771087140,"1,205,454",50% bullish,of 2 ratings,$8.25
GRVY,NULL,1440771087169,0,50% bullish,of 2 ratings,N/A
GLDD,$5.3,1440771087234,"22,390",100% bearish,of 4 ratings,$7.75
LOPE,$37.15,1440771087265,"18,131",100% bearish,of 2 ratings,$50
GSBC,$39.36,1440771087367,"2,875",100% bullish,of 1 rating,$44
GRBK,$12.02,1440771087439,"13,956",77% bullish,of 13 ratings,N/A
GNBC,$11.24,1440771087581,"2,850",100% bearish,of 1 rating,$16.50
GPRE,$20.62,1440771087608,"237,236",67% bullish,of 6 ratings,$28.50
GPP,$13.512,1440771087636,"13,194",Not yet rated,NULL,$20.50
GCBC,NULL,1440771087673,0,100% bullish,of 1 rating,N/A
GLRE,$25.25,1440771087810,"29,226",50% bullish,of 2 ratings,$41
GRIF,$30.62,1440771087840,54,100% bearish,of 1 rating,N/A
OMAB,$40.84,1440771087937,"3,250",100% bullish,of 1 rating,$44
GGAL,$19.34,1440771087966,"23,199",80% bullish,of 5 ratings,$40
GRFS,$30.49,1440771088042,"23,059",50% bullish,of 2 ratings,$35
GRPN,$4.35,1440771088115,"563,097",61% bullish,of 71 ratings,$6.75
GSVC,$8.85,1440771088184,"8,600",50% bullish,of 2 ratings,$14.50
GSIT,$4.67,1440771088211,202,100% bearish,of 1 rating,N/A
GSIG,$12.984,1440771088237,"10,241",100% bearish,of 2 ratings,N/A
GTXI,$0.94,1440771088374,601,100% bullish,of 5 ratings,$.75
GBNK,$15.52,1440771088404,"8,033",100% bearish,of 1 rating,$18
GFED,NULL,1440771088500,0,Not yet rated,NULL,$17
GUID,$7.14,1440771088579,"8,926",100% bearish,of 3 ratings,$10
GIFI,$11.79,1440771088606,"5,289",100% bearish,of 1 rating,$16
GULTU,$0.3,1440771088633,"2,037",100% bearish,of 1 rating,N/A
GURE,$1.71,1440771088762,"3,567",88% bullish,of 8 ratings,N/A
GWPH,$107.44,1440771088788,"14,324",78% bullish,of 9 ratings,$148.50
GPOR,$35.69,1440771088855,"113,621",75% bullish,of 4 ratings,$55
GYRO,NULL,1440771089014,0,100% bearish,of 1 rating,N/A
GWGH,NULL,1440771089065,0,100% bearish,of 1 rating,$15.05
HLG,$9,1440771089149,"2,225",100% bearish,of 1 rating,N/A
HEES,$18.58,1440771089180,"53,486",67% bearish,of 3 ratings,$31
HALL,$11.07,1440771089205,"4,359",Not yet rated,NULL,N/A
HNRG,$7.645,1440771089233,"6,453",100% bearish,of 1 rating,$10
HALO,$18.0185,1440771089258,"85,030",67% bullish,of 3 ratings,$22.50
HMPR,$1.894,1440771089538,"9,100",100% bullish,of 1 rating,N/A
HBHCL,$24.331,1440771089581,"4,740",Not yet rated,NULL,N/A
HBHC,$27.21,1440771089610,"39,587",50% bullish,of 2 ratings,$30
HBK,NULL,1440771089682,0,50% bullish,of 2 ratings,N/A
HAFC,$23.9,1440771089742,"11,375",100% bullish,of 2 ratings,$28.50
HNH,$25.2976,1440771089771,"2,311",100% bullish,of 1 rating,N/A
HNSN,$0.51,1440771089871,"1,277",88% bullish,of 8 ratings,$.40
HRMN,NULL,1440771089959,0,Not yet rated,NULL,N/A
HQCL,$11.95,1440771090001,"7,368",67% bullish,of 3 ratings,$14
HLIT,$5.6932,1440771090037,"33,572",100% bearish,of 1 rating,$6.50
TINY,$2.4601,1440771090137,950,50% bullish,of 2 ratings,$5.26
HRMNU,NULL,1440771090173,0,Not yet rated,NULL,N/A
HRMNW,NULL,1440771090194,0,Not yet rated,NULL,N/A
HDNG,$9.82,1440771090223,"2,105",50% bullish,of 4 ratings,N/A
HART,$0.968,1440771090267,"6,862",100% bearish,of 1 rating,N/A
HBIO,$4.36,1440771090404,"8,750",100% bearish,of 1 rating,$10
HCAP,$12.26,1440771090578,"2,100",50% bullish,of 2 ratings,$15
HCAPL,NULL,1440771090603,0,Not yet rated,NULL,N/A
HA,$22.42,1440771090668,"65,548",67% bullish,of 9 ratings,$27
HWBK,NULL,1440771090741,0,100% bearish,of 1 rating,N/A
HIIQ,$5,1440771090799,"2,138",50% bullish,of 2 ratings,$7
HAS,$75.65,1440771090828,"66,978",63% bullish,of 8 ratings,$84.50
HCOM,$21.75,1440771090849,"2,300",100% bearish,of 1 rating,$28
HWKN,$36.66,1440771090980,"3,449",Not yet rated,NULL,N/A
HCSG,$33.2,1440771091005,"28,664",50% bullish,of 4 ratings,$35
HAYN,$37.84,1440771091048,"10,025",100% bearish,of 1 rating,$59
HDS,$33.17,1440771091072,"89,607",100% bearish,of 2 ratings,$39.50
HQY,$29.25,1440771091260,"17,958",67% bullish,of 3 ratings,$32
HWAY,$11.907,1440771091314,"18,816",100% bearish,of 1 rating,$15
HSTM,$24.83,1440771091422,"6,740",50% bullish,of 2 ratings,$33.75
HTLD,$20.48,1440771091452,"28,437",Not yet rated,NULL,$22.50
HTLF,$35.46,1440771091555,"5,399",100% bullish,of 1 rating,$39.50
HTBX,$5.01,1440771091581,"1,508",50% bullish,of 2 ratings,$15.50
HTWR,$84.1,1440771091637,"28,631",50% bullish,of 2 ratings,$103
HSII,$19.52,1440771091709,"6,417",100% bullish,of 3 ratings,$25
HELE,$85.102,1440771091736,"8,719",67% bearish,of 3 ratings,$100
HMTV,$13.55,1440771091808,"2,445",100% bearish,of 1 rating,$16
HNNA,NULL,1440771091900,0,Not yet rated,NULL,N/A
HSIC,$138.06,1440771091972,"23,940",83% bullish,of 6 ratings,$146
HCACU,NULL,1440771092000,0,Not yet rated,NULL,N/A
HMNY,NULL,1440771092021,0,100% bearish,of 1 rating,N/A
HERO,NULL,1440771092188,0,NULL,NULL,NULL
HTBK,$10.596,1440771092252,"6,497",Not yet rated,NULL,$12
HEOP,$7.6,1440771092353,"6,352",Not yet rated,NULL,$8.50
HRTX,$35.325,1440771092382,"68,717",67% bullish,of 6 ratings,$41
HCCI,$11.07,1440771092413,"3,662",100% bearish,of 1 rating,$16.50
HFWA,$17.33,1440771092434,"8,500",100% bullish,of 1 rating,$20
MLHR,$27.26,1440771092515,"51,199",50% bullish,of 2 ratings,$33.50
HSKA,$33.49,1440771092581,"4,904",100% bearish,of 1 rating,$38
HIBB,$38.81,1440771092746,"40,209",100% bearish,of 1 rating,$46.50
HFFC,$16,1440771092799,450,Not yet rated,NULL,N/A
HIMX,$6.9018,1440771092827,"337,299",86% bullish,of 21 ratings,$8.50
HIHO,$3.93,1440771092847,5,Not yet rated,NULL,N/A
HPJ,$2.235,1440771092875,"1,700",75% bullish,of 4 ratings,$12.43
HIFS,$117.21,1440771093031,812,Not yet rated,NULL,N/A
HSGX,NULL,1440771093094,0,100% bearish,of 1 rating,$17
HMNF,NULL,1440771093120,0,Not yet rated,NULL,N/A
HMSY,$10.05,1440771093160,"62,060",67% bullish,of 3 ratings,$19.35
HOLI,$17.74,1440771093196,"39,288",50% bullish,of 4 ratings,$27
HBCP,$24.66,1440771093255,400,Not yet rated,NULL,$29
HOLX,$39.28,1440771093281,"109,346",67% bullish,of 3 ratings,$42
HFBL,$21.58,1440771093310,500,Not yet rated,NULL,N/A
HOMB,$37.905,1440771093512,"47,718",Not yet rated,NULL,$42
HMST,$21.85,1440771093641,"8,003",100% bullish,of 2 ratings,$27
HMIN,$27.415,1440771093683,"3,041",100% bearish,of 2 ratings,$35
AWAY,$28.84,1440771093733,"22,799",67% bullish,of 3 ratings,$36
HTBI,$18.08,1440771093771,"6,065",67% bullish,of 3 ratings,$18.625
HKTV,NULL,1440771093804,0,100% bearish,of 1 rating,N/A
HOFT,$23.29,1440771093825,"3,700",100% bearish,of 1 rating,N/A
CETC,$0.76,1440771093846,"50,556",86% bullish,of 7 ratings,N/A
HFBC,$11.2,1440771094111,312,Not yet rated,NULL,N/A
HZNP,$30.5,1440771094170,"126,626",85% bullish,of 20 ratings,$40
HBNC,$23.1,1440771094196,"3,050",100% bullish,of 1 rating,$27
HRZN,$10.2301,1440771094225,"2,766",50% bullish,of 2 ratings,$14.25
HDP,$23.99,1440771094325,"23,422",67% bearish,of 3 ratings,$30.50
HWCC,$7.425,1440771094353,"7,617",100% bearish,of 1 rating,$9
ZINC,$7.785,1440771094381,"104,428",100% bearish,of 1 rating,$17
HMHC,$22.59,1440771094430,"65,516",Not yet rated,NULL,$27
HOVNP,NULL,1440771094602,0,100% bearish,of 1 rating,N/A
HSNI,$62.03,1440771094636,"19,466",Not yet rated,NULL,$80
HBMD,$14.43,1440771094662,100,100% bearish,of 1 rating,N/A
HTGM,$5.48,1440771094691,524,100% bearish,of 1 rating,$19.50
HUBG,$37.73,1440771094792,"17,757",100% bearish,of 1 rating,$43
HDSN,$3.03,1440771094823,"2,900",100% bullish,of 1 rating,$6.25
HCBK,$9.33,1440771094894,"146,930",83% bullish,of 6 ratings,$8.61
HSON,NULL,1440771094921,0,100% bearish,of 1 rating,$5
HBANP,NULL,1440771095050,0,100% bearish,of 1 rating,N/A
HBAN,$10.8401,1440771095079,"794,258",76% bullish,of 17 ratings,$12.29
HURC,$30.39,1440771095180,"1,427",100% bearish,of 1 rating,N/A
HURN,$72.76,1440771095272,"8,389",50% bullish,of 2 ratings,$80
HBP,NULL,1440771095312,0,100% bullish,of 1 rating,N/A
HDRA,NULL,1440771095376,0,Not yet rated,NULL,N/A
HTCH,$1.465,1440771095402,"15,800",100% bearish,of 1 rating,$3.50
HDRAR,NULL,1440771095426,0,Not yet rated,NULL,N/A
HDRAU,NULL,1440771095480,0,Not yet rated,NULL,N/A
HDRAW,NULL,1440771095557,0,Not yet rated,NULL,N/A
HYGS,$9.16,1440771095636,"6,179",50% bullish,of 2 ratings,$13
IDSY,$3.81,1440771095664,"1,318",100% bearish,of 1 rating,$7
IACI,$70.75,1440771095693,"45,531",75% bullish,of 4 ratings,$90
IBKC,$59.86,1440771095825,"13,261",100% bullish,of 1 rating,$70
IKGH,$1.7,1440771095852,772,75% bullish,of 4 ratings,N/A
ICAD,$3.91,1440771095902,"5,000",100% bullish,of 2 ratings,$7.25
ICFI,$34,1440771096058,"17,185",50% bullish,of 2 ratings,$48.50
IEP,$73.23,1440771096089,"12,634",75% bullish,of 4 ratings,$99
ICLR,$78.35,1440771096118,"27,840",100% bearish,of 3 ratings,$85
ICON,$13.54,1440771096189,"47,608",50% bullish,of 2 ratings,$18.50
ICUI,$112.9,1440771096219,"5,356",Not yet rated,NULL,$122
INVE,$3.97,1440771096248,"7,587",75% bullish,of 4 ratings,$4
IDRA,$2.845,1440771096350,"85,606",89% bullish,of 9 ratings,$6.50
IDXX,$72.36,1440771096430,"45,006",100% bearish,of 1 rating,$77
DSKY,$11.13,1440771096457,"24,788",67% bullish,of 6 ratings,$11.50
IPWR,NULL,1440771096493,0,100% bullish,of 1 rating,$15
RXDX,$13.57,1440771096590,"16,799",100% bullish,of 1 rating,$20
IROQ,NULL,1440771096647,0,100% bullish,of 1 rating,N/A
IRG,$4.71,1440771096685,"4,989",100% bearish,of 1 rating,$4.25
IKAN,$2.72,1440771096859,801,83% bullish,of 6 ratings,$5
KANG,$15.87,1440771096890,"14,178",50% bullish,of 2 ratings,$22.55
IIVI,$16.95,1440771096911,"21,421",100% bearish,of 1 rating,$22
IKNX,NULL,1440771096946,0,100% bearish,of 1 rating,N/A
ILMN,$201.26,1440771096990,"189,692",80% bullish,of 5 ratings,$245
IMMR,$11.775,1440771097120,"9,417",80% bullish,of 5 ratings,$15.50
ICCC,$7.37,1440771097151,400,100% bullish,of 1 rating,N/A
IMDZ,$16.27,1440771097178,"4,925",100% bearish,of 1 rating,$33
IMNP,$1.2901,1440771097204,"1,101",50% bullish,of 2 ratings,$6
ISNS,$3.9296,1440771097338,100,50% bullish,of 2 ratings,N/A
IMMU,$2.04,1440771097391,"123,608",86% bullish,of 7 ratings,$2
IMGN,$14.28,1440771097417,"84,304",75% bullish,of 4 ratings,$17.50
IPXL,$43.46,1440771097521,"37,461",67% bullish,of 3 ratings,$46.50
INCR,$41.89,1440771097556,"15,473",50% bullish,of 2 ratings,$53
SAAS,$7.59,1440771097650,"27,436",50% bullish,of 2 ratings,$15
IMMY,$7.66,1440771097683,25,100% bearish,of 1 rating,$11
INCY,$116.96,1440771097778,"107,561",50% bullish,of 6 ratings,$125.50
INDB,$44.03,1440771097806,"7,009",Not yet rated,NULL,$44
IBTX,$40.31,1440771097875,"5,325",100% bullish,of 2 ratings,$47.25
IBCP,$13.98,1440771097902,"34,162",100% bullish,of 1 rating,$14.50
IDSA,NULL,1440771097958,0,Not yet rated,NULL,N/A
INFN,$21.9903,1440771098112,"248,659",71% bullish,of 7 ratings,$28
INFI,$9.08,1440771098138,"25,439",50% bullish,of 4 ratings,$18
IPCC,$77.1,1440771098182,"3,068",Not yet rated,NULL,$77.50
III,$3.915,1440771098217,"23,684",57% bullish,of 7 ratings,$6
INWK,$6.97,1440771098323,"12,132",50% bullish,of 2 ratings,$10
IFON,$1.2201,1440771098351,"14,464",75% bullish,of 4 ratings,N/A
IMKTA,$50.265,1440771098374,"6,200",100% bearish,of 1 rating,N/A
INNL,NULL,1440771098512,0,100% bearish,of 1 rating,$16.50
INOD,$2.43,1440771098611,200,100% bearish,of 1 rating,N/A
IOSP,$47.73,1440771098708,"26,480",100% bearish,of 1 rating,N/A
ISSC,NULL,1440771098736,0,67% bearish,of 3 ratings,N/A
INOV,$21.18,1440771098771,"12,935",100% bearish,of 1 rating,$33
IPHS,$47.86,1440771098793,"9,310",100% bearish,of 1 rating,$60
INGN,$48.27,1440771098822,"33,114",100% bearish,of 1 rating,$50.50
ITEK,$12.015,1440771098867,"70,890",100% bearish,of 3 ratings,$20
INO,$7.56,1440771098894,"583,402",89% bullish,of 18 ratings,$20
INSM,$25.15,1440771099093,"41,970",71% bullish,of 7 ratings,$31.50
NSIT,$25.42,1440771099124,"13,669",50% bullish,of 2 ratings,N/A
ISIG,$2.72,1440771099154,200,100% bearish,of 1 rating,N/A
PODD,$29.3,1440771099222,"26,370",67% bearish,of 3 ratings,$35
IIIN,$17,1440771099249,"4,621",100% bearish,of 2 ratings,N/A
NTEC,$5.54,1440771099325,"1,605",100% bearish,of 1 rating,N/A
INSY,$33.55,1440771099384,"29,588",75% bullish,of 4 ratings,$48
IART,$60.36,1440771099465,"14,209",100% bearish,of 1 rating,$71.50
IDTI,$19.16,1440771099494,"176,815",60% bullish,of 5 ratings,$25
ISSI,$21.8,1440771099526,"26,574",67% bullish,of 3 ratings,$19.75
IESC,NULL,1440771099628,0,100% bearish,of 1 rating,N/A
INTC,$28.065,1440771099657,"3,873,208",82% bullish,of 238 ratings,$36
IQNT,$18.4,1440771099677,"23,698",86% bullish,of 7 ratings,$20
IPCI,$2.2698,1440771099708,"6,925",67% bullish,of 6 ratings,$8
IPAR,$25.41,1440771099941,"10,013",67% bullish,of 3 ratings,$38
IBKR,$39.535,1440771099974,"30,429",100% bullish,of 1 rating,N/A
ININ,$35.5014,1440771100044,"7,545",67% bearish,of 3 ratings,$57
ICPT,$193.59,1440771100069,"21,650",70% bullish,of 10 ratings,$359.50
ICLDW,NULL,1440771100123,0,100% bearish,of 1 rating,N/A
IDCC,$49.21,1440771100148,"19,027",80% bullish,of 5 ratings,$63
IMI,NULL,1440771100363,0,67% bullish,of 3 ratings,$2.22
TILE,$24,1440771100391,"39,368",100% bearish,of 3 ratings,$27
IBOC,$25.05,1440771100413,"24,466",100% bearish,of 1 rating,N/A
ICLD,$1.845,1440771100448,"7,607",75% bullish,of 4 ratings,N/A
ISCA,$31.45,1440771100479,"7,795",100% bearish,of 1 rating,N/A
INAP,$7.83,1440771100503,"42,161",75% bullish,of 4 ratings,$11
IGLD,NULL,1440771100579,0,50% bullish,of 2 ratings,N/A
IIJI,$10,1440771100639,20,50% bullish,of 2 ratings,$11.50
PTNT,NULL,1440771100793,0,Not yet rated,NULL,N/A
INPH,$0.28,1440771100841,"15,850",50% bullish,of 2 ratings,N/A
INTX,$1.92,1440771101010,"12,594",67% bullish,of 3 ratings,N/A
INTL,$25.69,1440771101043,"12,258",67% bearish,of 3 ratings,N/A
XENT,$25.45,1440771101064,"10,767",50% bullish,of 2 ratings,$36.50
IILG,$19.84,1440771101097,"16,621",100% bearish,of 1 rating,$29
IVAC,$4.717,1440771101118,"1,748",100% bearish,of 1 rating,$6.625
ISIL,$10.57,1440771101151,"63,705",50% bullish,of 6 ratings,$15
INTLL,NULL,1440771101194,0,Not yet rated,NULL,N/A
INTU,$86.07,1440771101330,"249,860",86% bullish,of 7 ratings,$107.50
ISRG,$515.63,1440771101426,"9,723",67% bullish,of 3 ratings,$600
INVT,$0.3032,1440771101465,"16,800",67% bullish,of 3 ratings,N/A
ITCI,$26.3401,1440771101492,"67,182",75% bearish,of 4 ratings,$40
IIN,NULL,1440771101517,0,100% bearish,of 1 rating,$12
SNAK,$8.4345,1440771101670,"8,092",50% bullish,of 2 ratings,$14
ISTR,$15.56,1440771101800,2,100% bearish,of 1 rating,$18.50
NVIV,$9.49,1440771101832,"24,367",50% bullish,of 4 ratings,$24.50
IPAS,$1.0798,1440771101859,600,67% bullish,of 3 ratings,N/A
IVTY,$14,1440771101890,300,Not yet rated,NULL,$18
ISBC,$11.69,1440771101911,"165,218",100% bullish,of 1 rating,$13.25
ITIC,NULL,1440771101939,0,100% bearish,of 2 ratings,N/A
DTUL,NULL,1440771101971,0,Not yet rated,NULL,N/A
IPCM,$79.41,1440771102190,"15,148",50% bullish,of 2 ratings,$80.125
IPGP,$85.505,1440771102233,"23,410",100% bearish,of 2 ratings,$109.50
DFVL,NULL,1440771102257,0,Not yet rated,NULL,N/A
IRMD,$25.16,1440771102283,"1,170",67% bearish,of 3 ratings,$25
IRIX,NULL,1440771102414,0,100% bearish,of 1 rating,N/A
IRWD,$11.13,1440771102559,"109,915",100% bearish,of 1 rating,$13
IRDM,$7.18,1440771102592,"50,342",60% bullish,of 5 ratings,$11.50
IRDMB,$288,1440771102612,20,67% bearish,of 3 ratings,N/A
IRBT,$28.915,1440771102649,"29,547",67% bullish,of 6 ratings,$37
IRCP,NULL,1440771102672,0,100% bullish,of 2 ratings,N/A
COMT,$32.8258,1440771102702,144,100% bearish,of 1 rating,N/A
GNMA,$50.28,1440771102741,29,Not yet rated,NULL,N/A
FCHI,NULL,1440771102831,0,NULL,NULL,NULL
IFAS,NULL,1440771102853,0,NULL,NULL,NULL
IFEU,$38.2193,1440771103000,437,Not yet rated,NULL,N/A
IFGL,$28.46,1440771103083,"3,942",Not yet rated,NULL,N/A
AXJS,NULL,1440771103184,0,NULL,NULL,NULL
IFNA,NULL,1440771103211,0,NULL,NULL,NULL
AAXJ,$53.77,1440771103268,"169,091",Not yet rated,NULL,N/A
EMDI,NULL,1440771103317,0,NULL,NULL,NULL
ACWI,$56.0601,1440771103344,"337,206",Not yet rated,NULL,N/A
ACWX,$40.89,1440771103368,"62,619",100% bearish,of 1 rating,N/A
EEMA,$50.72,1440771103422,"13,622",Not yet rated,NULL,N/A
EMEY,NULL,1440771103516,0,NULL,NULL,NULL
AAIT,NULL,1440771103541,0,NULL,NULL,NULL
EEME,NULL,1440771103571,0,NULL,NULL,NULL
EEML,NULL,1440771103679,0,Not yet rated,NULL,N/A
EGRW,NULL,1440771103730,0,NULL,NULL,NULL
EVAL,NULL,1440771103756,0,NULL,NULL,NULL
EUFN,$21.8349,1440771103865,"4,490",100% bearish,of 1 rating,N/A
IBB,$350,1440771104063,"131,834",63% bullish,of 8 ratings,N/A
IEUS,$45.46,1440771104094,338,100% bearish,of 1 rating,N/A
QAT,NULL,1440771104115,0,Not yet rated,NULL,N/A
UAE,NULL,1440771104155,0,Not yet rated,NULL,N/A
SOXX,$82.61,1440771104192,"30,675",50% bullish,of 2 ratings,N/A
ICLN,$9.6,1440771104250,"1,889",50% bullish,of 2 ratings,N/A
WOOD,$47.87,1440771104275,19,50% bullish,of 2 ratings,N/A
EMIF,$28.8555,1440771104406,"3,100",Not yet rated,NULL,N/A
INDY,$27.73,1440771104445,"40,938",50% bullish,of 2 ratings,N/A
ISIS,$51.35,1440771104507,"82,978",53% bullish,of 15 ratings,$67
IGOV,$90.96,1440771104599,"2,075",100% bearish,of 1 rating,N/A
ISHG,$79.52,1440771104682,200,100% bearish,of 1 rating,N/A
ISLE,$17.05,1440771104709,"22,416",50% bullish,of 4 ratings,$16
ISRL,$128.43,1440771104758,173,100% bearish,of 1 rating,N/A
ITRI,$29.85,1440771104840,"23,494",Not yet rated,NULL,$37
ITRN,$24.195,1440771104914,100,50% bullish,of 2 ratings,N/A
IXYS,$11.02,1440771104943,"15,286",50% bullish,of 4 ratings,N/A
XXIA,$15.11,1440771104969,"38,408",71% bullish,of 7 ratings,$14.625
ITUS,$4.15,1440771105100,600,Not yet rated,NULL,N/A
JJSF,$113.2301,1440771105150,"3,837",100% bearish,of 1 rating,N/A
JCOM,$69.12,1440771105286,"29,489",100% bullish,of 2 ratings,$77
MAYS,NULL,1440771105314,0,Not yet rated,NULL,N/A
JBHT,$73.58,1440771105338,"44,990",50% bullish,of 4 ratings,$89.50
JASO,$7.94,1440771105449,"127,153",82% bullish,of 17 ratings,$10
JKHY,$67.765,1440771105477,"26,910",50% bullish,of 2 ratings,$72
JACK,$81.62,1440771105506,"29,945",83% bullish,of 6 ratings,$105
JAXB,NULL,1440771105605,0,100% bullish,of 1 rating,N/A
JXSB,NULL,1440771105699,0,Not yet rated,NULL,N/A
JAKK,$9.39,1440771105728,"18,070",60% bearish,of 5 ratings,$11
JAGX,$4,1440771105753,854,Not yet rated,NULL,N/A
JMBA,$13.75,1440771105898,"9,165",75% bullish,of 4 ratings,$18
ERW,NULL,1440771105929,0,Not yet rated,NULL,N/A
JRVR,$26.5,1440771105991,"4,671",Not yet rated,NULL,$32
JASN,$5.03,1440771106016,"2,700",50% bullish,of 2 ratings,$9.50
JASNW,NULL,1440771106074,0,50% bullish,of 2 ratings,N/A
JD,$27.37,1440771106172,"880,626",75% bullish,of 16 ratings,$36
JAZZ,$170.315,1440771106199,"14,150",80% bullish,of 15 ratings,$206.50
JTPY,$2.95,1440771106337,100,100% bearish,of 1 rating,N/A
JBLU,$22.3668,1440771106372,"419,386",94% bullish,of 18 ratings,$27
JST,$3.8849,1440771106400,802,75% bullish,of 4 ratings,N/A
DATE,$6.02,1440771106423,"2,825",75% bullish,of 4 ratings,$9
JCTCF,NULL,1440771106455,0,100% bullish,of 1 rating,N/A
JIVE,$4.38,1440771106481,"31,548",75% bullish,of 4 ratings,$5
WYIGU,$10.2,1440771106615,3,Not yet rated,NULL,N/A
JOEZ,$0.1734,1440771106664,"11,871",92% bullish,of 12 ratings,N/A
JBSS,$53.06,1440771106749,"7,236",67% bearish,of 3 ratings,N/A
JOUT,$22.42,1440771106879,"1,025",100% bearish,of 1 rating,$34
JNP,$10.99,1440771106938,"2,112",100% bullish,of 3 ratings,$15
KBIO,$1.98,1440771106970,314,50% bullish,of 4 ratings,N/A
JUNO,$38.4,1440771106995,"85,229",73% bullish,of 11 ratings,$71.50
KALU,$82.25,1440771107020,"14,869",67% bearish,of 3 ratings,$91
KTWO,$21.3,1440771107070,"4,931",100% bearish,of 1 rating,$28.50
KMDA,$3.3101,1440771107243,700,50% bullish,of 2 ratings,$8
KNDI,$6.8,1440771107298,"77,099",86% bullish,of 22 ratings,N/A
KCLI,$45.8,1440771107375,"1,605",Not yet rated,NULL,N/A
KBSF,NULL,1440771107400,0,100% bullish,of 1 rating,N/A
KPTI,$14.02,1440771107423,"21,787",67% bearish,of 3 ratings,$39
KRNY,$11.25,1440771107453,"40,902",100% bearish,of 1 rating,$12
KCAP,$4.66,1440771107478,"10,128",75% bullish,of 4 ratings,$6
KMPH,$19.47,1440771107766,852,100% bearish,of 2 ratings,$22
KELYB,NULL,1440771107795,0,50% bullish,of 2 ratings,N/A
KERX,$6.37,1440771107824,"146,301",82% bullish,of 11 ratings,$12
KFFB,$8.6126,1440771107853,"1,208",100% bearish,of 1 rating,N/A
KELYA,$13.94,1440771107885,"18,146",67% bullish,of 6 ratings,$20
KEQU,NULL,1440771107905,0,100% bullish,of 1 rating,N/A
GMCR,$54.28,1440771107940,"134,278",71% bullish,of 42 ratings,$64
KTEC,NULL,1440771108041,0,Not yet rated,NULL,N/A
KTCC,$10.02,1440771108222,174,100% bearish,of 1 rating,$16
KFRC,$26.1,1440771108286,"21,640",100% bullish,of 2 ratings,$29
KE,$11.42,1440771108371,"7,554",67% bearish,of 3 ratings,$16
KIN,$5.94,1440771108398,"1,221",50% bullish,of 2 ratings,$6.25
KGJI,$0.695,1440771108425,"4,520",89% bullish,of 9 ratings,N/A
KBAL,$10.72,1440771108449,"10,115",50% bullish,of 2 ratings,N/A
KINS,$8.4,1440771108477,161,100% bullish,of 1 rating,N/A
KONE,$3.79,1440771108645,6,Not yet rated,NULL,N/A
KIRK,$22.89,1440771108680,"11,064",50% bullish,of 2 ratings,$32
KITE,$54.41,1440771108706,"35,608",89% bullish,of 9 ratings,$85
KLAC,$49.73,1440771108738,"79,393",100% bearish,of 1 rating,$61.50
KLXI,$39.15,1440771108771,"27,453",100% bearish,of 1 rating,$48.50
KZ,$6.49,1440771108928,"7,900",60% bearish,of 5 ratings,N/A
KOPN,$2.93,1440771108977,"21,802",50% bullish,of 2 ratings,$4.50
KONA,$19.19,1440771109002,"2,902",50% bullish,of 2 ratings,$28
KRNT,$13.155,1440771109198,"3,301",50% bullish,of 2 ratings,$18
KOSS,NULL,1440771109236,0,100% bearish,of 2 ratings,N/A
KTOS,$4.5642,1440771109268,"144,727",50% bullish,of 2 ratings,$8.50
KLIC,$10.5,1440771109296,"34,325",80% bullish,of 5 ratings,$13
KUTV,NULL,1440771109322,0,50% bullish,of 2 ratings,N/A
KWEB,$31.52,1440771109373,"4,370",Not yet rated,NULL,N/A
KVHI,$10.94,1440771109399,"3,910",100% bearish,of 1 rating,$16
LJPC,$31.5,1440771109531,"13,394",87% bullish,of 15 ratings,$32
KYTH,$74.71,1440771109595,"28,681",100% bullish,of 3 ratings,$66
FSTR,$16.98,1440771109634,"12,280",100% bearish,of 1 rating,$40.50
LSBG,$14.726,1440771109702,100,Not yet rated,NULL,N/A
