Symbol,Price,Date,Volume,Rating,RatingVoteCount,OneYearEstimate
TFSCR,NULL,1440530102214,0,Not yet rated,NULL,N/A
FCCY,$11.538,1440530102298,"1,069",100% bullish,of 1 rating,$13
FLWS,$9.365,1440530102438,"114,732",100% bullish,of 5 ratings,$15
FCTY,$7.78,1440530102482,"7,790",100% bullish,of 1 rating,$8.50
PIH,$7.17,1440530102510,"1,307",100% bearish,of 1 rating,N/A
TFSCW,$0.2,1440530102531,"3,500",100% bearish,of 1 rating,N/A
TFSC,NULL,1440530102564,0,100% bearish,of 1 rating,N/A
TFSCU,$10.14,1440530102661,907,Not yet rated,NULL,N/A
SRCE,$28.634,1440530102763,"13,068",100% bullish,of 3 ratings,$33
VNET,$17.94,1440530102857,"324,842",60% bullish,of 5 ratings,$29.50
JOBS,$27.04,1440530102962,"108,461",50% bullish,of 4 ratings,$36
USLV,$12.73,1440530103002,"258,383",86% bullish,of 7 ratings,N/A
TWOU,$34.48,1440530103036,"148,159",50% bullish,of 2 ratings,$39
DGLD,$80.11,1440530103057,"23,219",100% bullish,of 1 rating,N/A
DSLV,$69.32,1440530103133,"11,807",100% bearish,of 1 rating,N/A
UGLD,$9.38,1440530103457,"204,721",100% bearish,of 1 rating,N/A
SIXD,$3.44,1440530103482,"1,462,200",Not yet rated,NULL,N/A
CAFD,$14.57,1440530103507,"1,276,994",Not yet rated,NULL,$25
SHLM,$32.99,1440530103752,"62,255",100% bearish,of 1 rating,$50
ABAX,$46.84,1440530103780,"81,402",100% bearish,of 1 rating,$60
AVHI,$13.86,1440530103806,"26,365",100% bearish,of 1 rating,$19
EGHT,$7.75,1440530103996,"364,038",82% bullish,of 17 ratings,$11
ABEO,$4.55,1440530104049,"70,140",50% bullish,of 4 ratings,$15.50
AAON,$20.27,1440530104070,"43,366",100% bearish,of 1 rating,$24
ABGB,$4.93,1440530104105,"134,801",67% bullish,of 3 ratings,$5.50
ABY,$20.36,1440530104200,"783,082",100% bearish,of 2 ratings,$46
ABEOW,$1.85,1440530104243,"13,888",100% bullish,of 1 rating,N/A
ACTG,$8.86,1440530104269,"178,796",67% bullish,of 3 ratings,$18.50
AXAS,$1.515,1440530104400,"563,988",78% bullish,of 9 ratings,$3.50
ABMD,$95.99,1440530104429,"355,750",75% bullish,of 4 ratings,$100.50
AXDX,$18.49,1440530104669,"107,806",100% bearish,of 1 rating,N/A
ACAD,$34.98,1440530104713,"506,048",80% bullish,of 20 ratings,$48
ACST,$0.3634,1440530104804,"29,249",100% bullish,of 2 ratings,N/A
ACHC,$71.11,1440530104832,"469,740",50% bullish,of 2 ratings,$92
ANCX,$19.5699,1440530104879,"35,701",Not yet rated,NULL,$19
ARAY,$6.56,1440530104962,"582,328",100% bearish,of 1 rating,$10.50
XLRN,$27.6,1440530105059,"72,501",50% bullish,of 2 ratings,$57
ACRX,$4.15,1440530105107,"224,971",67% bearish,of 6 ratings,$5.50
VXDN,$1.98,1440530105188,"216,214",100% bearish,of 1 rating,N/A
VXUP,$1.535,1440530105214,"300,477",100% bearish,of 1 rating,N/A
ACET,$22.68,1440530105375,"42,880",75% bullish,of 4 ratings,$30
ACHN,$7.33,1440530105400,"1,130,357",90% bullish,of 21 ratings,$16
AKAO,$6.35,1440530105455,"39,789",75% bullish,of 4 ratings,$15
ACIW,$20.99,1440530105612,"278,478",50% bullish,of 2 ratings,$24
ACNB,$19.99,1440530105644,"2,415",Not yet rated,NULL,N/A
ACOR,$32.91,1440530105673,"2,102,759",67% bearish,of 3 ratings,$38.50
ACTS,$1.57,1440530105778,"77,368",100% bearish,of 1 rating,N/A
ACTA,$13.19,1440530105950,"84,611",67% bearish,of 3 ratings,$25
ACUR,$0.516,1440530105977,"167,097",100% bullish,of 5 ratings,$1
ATVI,$26.82,1440530106044,"2,844,012",68% bullish,of 84 ratings,$31.50
ACXM,$19.96,1440530106108,"263,133",67% bullish,of 3 ratings,N/A
ACPW,$1.8057,1440530106139,"43,621",100% bullish,of 4 ratings,$3.50
ADUS,$28.5,1440530106193,"26,929",100% bearish,of 1 rating,$31
ADAP,$11.55,1440530106246,"90,358",67% bullish,of 3 ratings,$22
ADMS,$19.45,1440530106273,"44,554",100% bearish,of 2 ratings,$36
ADMP,$3.525,1440530106327,"38,075",50% bullish,of 2 ratings,$10
ADEP,$6.77,1440530106557,"15,887",50% bullish,of 2 ratings,$10.75
AEY,$2.34,1440530106585,"16,611",100% bearish,of 2 ratings,N/A
ADMA,$9.1,1440530106630,"16,185",Not yet rated,NULL,$19
ADBE,$76.97,1440530106656,"2,436,056",65% bullish,of 17 ratings,$90
ADTN,$14.95,1440530106717,"150,802",67% bullish,of 3 ratings,$17.125
ADRO,$18.82,1440530106787,"233,798",80% bullish,of 5 ratings,$45.50
AEIS,$23.94,1440530106815,"79,349",50% bullish,of 2 ratings,$32.50
ADXS,$13.44,1440530107053,"560,015",64% bullish,of 14 ratings,$27
YPRO,$23.147,1440530107098,"4,659",100% bearish,of 1 rating,N/A
AEGR,$17.38,1440530107160,"154,352",50% bullish,of 6 ratings,$26
ADXSW,$9.25,1440530107202,"2,400",100% bullish,of 1 rating,N/A
MULT,NULL,1440530107252,0,100% bearish,of 1 rating,N/A
AMD,$1.7,1440530107277,"5,500,397",83% bullish,of 103 ratings,$2
AEGN,$17.82,1440530107306,"117,957",100% bearish,of 2 ratings,$21
AEHR,$2.25,1440530107453,"8,766",50% bullish,of 2 ratings,N/A
AMTX,$2.74,1440530107562,"20,927",50% bullish,of 2 ratings,$26.11
AEZS,$0.0862,1440530107592,"7,047,293",90% bullish,of 21 ratings,$1.50
AERI,$15.78,1440530107618,"177,953",75% bullish,of 4 ratings,$31.50
AVAV,$23.36,1440530107760,"73,341",50% bullish,of 4 ratings,$31
AEPI,$53.82,1440530107790,"7,065",100% bearish,of 1 rating,N/A
AEMD,$7.0818,1440530107895,"9,386",Not yet rated,NULL,$27.50
AFMD,$9.78,1440530107924,"107,410",50% bullish,of 4 ratings,$15
AFFX,$8.98,1440530107953,"164,463",80% bullish,of 5 ratings,$12
AGEN,$6.76,1440530108060,"476,762",85% bullish,of 13 ratings,$14
AGRX,$8.28,1440530108166,"10,744",100% bearish,of 1 rating,$17.50
AGFS,$9.91,1440530108395,"133,483",100% bearish,of 1 rating,N/A
AGFSW,$1.85,1440530108420,"5,743",100% bearish,of 2 ratings,N/A
AGYS,$9.43,1440530108449,"16,260",100% bearish,of 1 rating,N/A
AIMT,$20.74,1440530108471,"67,725",Not yet rated,NULL,N/A
AIRM,$35.51,1440530108605,"131,382",80% bearish,of 5 ratings,$53
AGIO,$83.67,1440530108637,"213,328",88% bullish,of 8 ratings,$114
AMCN,$4.48,1440530108736,"523,325",83% bullish,of 6 ratings,N/A
AKAM,$67.23,1440530108763,"1,293,800",63% bullish,of 8 ratings,$77
AIRT,$21.27,1440530108840,800,100% bullish,of 1 rating,N/A
ATSG,$8.64,1440530108900,"94,005",67% bullish,of 3 ratings,$13
AIXG,$5.71,1440530108925,"24,242",67% bearish,of 3 ratings,$5.25
AKRX,$39.425,1440530109186,"390,681",78% bullish,of 9 ratings,$56
ALRM,$16.19,1440530109242,"148,135",100% bearish,of 1 rating,$22
AMRI,$19.55,1440530109344,"167,863",75% bearish,of 4 ratings,$24
AKER,$2.46,1440530109384,"8,925",Not yet rated,NULL,N/A
ALSK,$2.01,1440530109413,"83,607",78% bullish,of 18 ratings,$2
ADHD,$8.01,1440530109514,"120,848",50% bullish,of 4 ratings,$18
AKBA,$6.16,1440530109569,"157,616",100% bearish,of 1 rating,$18
ABDC,$11.7899,1440530109596,"37,291",Not yet rated,NULL,$15
ALDR,$37.89,1440530109621,"372,568",67% bearish,of 3 ratings,$62
ALDX,$6.98,1440530109790,"21,258",100% bearish,of 1 rating,$14.50
ALXN,$170.38,1440530109816,"832,374",88% bullish,of 8 ratings,$223
ALXA,$1.09,1440530109966,"13,524",83% bullish,of 6 ratings,$2.125
ALCO,$41.48,1440530109994,"6,462",50% bullish,of 2 ratings,N/A
ALGN,$55.25,1440530110023,"302,099",100% bearish,of 2 ratings,$73
ALKS,$59.39,1440530110124,"311,287",67% bullish,of 3 ratings,$75
ALLB,$22.87,1440530110327,400,Not yet rated,NULL,N/A
ALIM,$3.18,1440530110404,"40,991",80% bullish,of 5 ratings,$10
AIQ,$13.41,1440530110508,"6,627",67% bullish,of 3 ratings,N/A
ALGT,$216.25,1440530110537,"69,671",100% bearish,of 2 ratings,$235
ARLP,$24.125,1440530110570,"75,037",67% bearish,of 3 ratings,$32
AHGP,$35.52,1440530110594,"27,603",67% bullish,of 3 ratings,N/A
AHPI,$1.49,1440530110625,515,50% bullish,of 2 ratings,N/A
AFOP,$18.01,1440530110670,"172,251",75% bullish,of 8 ratings,$21
AMOT,$17.73,1440530110759,"62,883",100% bearish,of 1 rating,N/A
ALLT,$4.885,1440530110939,"78,056",75% bullish,of 4 ratings,$6.25
ALQA,$4.2544,1440530110969,"30,994",75% bullish,of 4 ratings,$8.50
MDRX,$13.29,1440530111108,"1,043,345",60% bullish,of 5 ratings,$16
AFAM,$44.26,1440530111261,"21,333",50% bullish,of 2 ratings,$44
SMCP,$22.24,1440530111359,"2,884",Not yet rated,NULL,N/A
AOSL,$7.21,1440530111406,"74,916",67% bullish,of 3 ratings,$9
ALTR,$47.15,1440530111558,"1,296,383",80% bearish,of 5 ratings,$54
ASPS,$24.9501,1440530111592,"166,058",67% bullish,of 3 ratings,$46.50
ATEC,$0.5794,1440530111624,"73,735",100% bullish,of 1 rating,$2
ALNY,$97.62,1440530111687,"258,821",67% bullish,of 3 ratings,$148.50
AMAG,$60.84,1440530111712,"254,136",100% bullish,of 2 ratings,$77.50
AIMC,$24.28,1440530111740,"47,136",100% bearish,of 2 ratings,$28.50
AMRN,$2.005,1440530111941,"2,644,237",85% bullish,of 39 ratings,$8
AYA,$20.31,1440530112018,"36,037",100% bearish,of 1 rating,$40
AMRK,$10.5,1440530112043,"2,103",50% bullish,of 2 ratings,$14
AMZN,$482.3696,1440530112223,"1,899,696",81% bullish,of 263 ratings,$646
AMBC,$15.38,1440530112355,"119,038",100% bearish,of 1 rating,$16.50
AMBCW,$7.47,1440530112380,"4,376",100% bearish,of 1 rating,N/A
AMCX,$69.69,1440530112536,"678,024",67% bullish,of 3 ratings,$87.50
AMDA,$0.44,1440530112565,"879,233",90% bullish,of 10 ratings,$1
AMBA,$88.735,1440530112592,"1,563,419",83% bullish,of 12 ratings,$102.50
EPAX,$2.66,1440530112618,"38,125",100% bearish,of 1 rating,N/A
UHAL,$364.37,1440530112811,"13,123",100% bullish,of 2 ratings,$393.50
ATAX,$5.15,1440530112962,"243,704",100% bullish,of 1 rating,$6.50
AMED,$38.23,1440530112997,"127,759",100% bearish,of 1 rating,$42
DOX,$56.35,1440530113096,"322,175",50% bullish,of 2 ratings,$60
ASBI,$22.26,1440530113121,100,Not yet rated,NULL,N/A
AMOV,$17.54,1440530113179,"10,055",100% bearish,of 1 rating,N/A
AGNC,$19.325,1440530113338,"1,631,160",71% bullish,of 28 ratings,$22
AGNCP,$25.2824,1440530113482,"12,524",Not yet rated,NULL,N/A
AAL,$38.56,1440530113555,"5,799,472",93% bullish,of 88 ratings,$57
ACSF,$11.958,1440530113696,"48,070",100% bearish,of 1 rating,$15
MTGEP,$24.4,1440530113728,"8,340",Not yet rated,NULL,N/A
ACAS,$13.36,1440530113758,"400,804",60% bullish,of 5 ratings,$16.75
MTGE,$15.28,1440530113860,"252,350",75% bullish,of 4 ratings,$19.50
ANCI,$1.43,1440530113889,400,100% bearish,of 1 rating,N/A
AGNCB,$24.16,1440530114095,"6,493",Not yet rated,NULL,N/A
AETI,$3.75,1440530114238,500,67% bearish,of 3 ratings,N/A
AMIC,NULL,1440530114309,0,Not yet rated,NULL,N/A
AMSWA,$8.585,1440530114730,"16,306",100% bearish,of 2 ratings,$10.75
APEI,$20.87,1440530114763,"28,583",100% bearish,of 1 rating,$25.50
ARII,$38.03,1440530114786,"158,633",67% bearish,of 3 ratings,$45
ASEI,$36.46,1440530114818,"28,400",100% bearish,of 1 rating,$52.50
AMSC,$3.9299,1440530114860,"166,728",50% bullish,of 4 ratings,N/A
AMRB,$10.09,1440530114923,"6,600",Not yet rated,NULL,$11
ASRV,$3.24,1440530115332,901,100% bullish,of 2 ratings,N/A
AMNB,$22.68,1440530115360,"5,655",Not yet rated,NULL,$25.50
ANAT,$97.3151,1440530115389,"34,612",100% bullish,of 1 rating,N/A
ABCB,$26.22,1440530115410,"67,951",Not yet rated,NULL,$31
AMWD,$64.46,1440530115559,"115,309",50% bullish,of 2 ratings,$70
CRMT,$37.21,1440530115630,"39,661",100% bearish,of 1 rating,$39
AMSF,$47.24,1440530115763,"31,354",Not yet rated,NULL,$57.50
AMSG,$79.53,1440530116230,"221,795",100% bearish,of 1 rating,$85.50
FOLD,$14.05,1440530116476,"905,156",56% bullish,of 9 ratings,$21
ASYS,$5.03,1440530116578,"16,777",67% bullish,of 3 ratings,$12
ASRVP,$28.17,1440530116606,394,Not yet rated,NULL,N/A
AMPH,$13.03,1440530116661,"96,461",50% bullish,of 2 ratings,$20
AMGN,$150.89,1440530116761,"2,540,921",89% bullish,of 19 ratings,$185
ATLO,$22.22,1440530116961,"4,693",Not yet rated,NULL,N/A
AMSGP,NULL,1440530117065,0,Not yet rated,NULL,N/A
AFSI,$58.75,1440530117228,"187,737",60% bullish,of 5 ratings,$72
ANAC,$129.52,1440530117256,"441,048",80% bullish,of 5 ratings,$180.50
ANAD,$0.3205,1440530117401,"167,695",100% bullish,of 2 ratings,$.50
AMRS,$1.57,1440530117427,"39,886",70% bullish,of 10 ratings,N/A
AMKR,$4.595,1440530117452,"1,604,844",100% bearish,of 2 ratings,$5
ADI,$52.09,1440530117706,"1,283,955",67% bullish,of 3 ratings,$69
ABCW,$39.3,1440530117793,"6,004",67% bullish,of 3 ratings,N/A
ALOG,$78.46,1440530117837,"38,180",100% bearish,of 2 ratings,$100.50
ANCB,NULL,1440530117886,0,Not yet rated,NULL,$23
AMCF,$0.22,1440530117940,"6,000",100% bullish,of 7 ratings,N/A
ANGO,$14.36,1440530118110,"23,538",67% bullish,of 3 ratings,$19
ANIP,$49.41,1440530118137,"48,406",89% bullish,of 19 ratings,$66
ANGI,$4.7,1440530118209,"371,838",64% bullish,of 11 ratings,$5.50
ANIK,$33.24,1440530118605,"31,842",60% bullish,of 5 ratings,$51.25
ANTH,$7.205,1440530118683,"387,122",80% bullish,of 10 ratings,$13
ABAC,$0.6999,1440530118738,"28,393",100% bearish,of 1 rating,N/A
ATRS,$1.67,1440530118767,"496,633",92% bullish,of 12 ratings,$4.50
ANSS,$87.82,1440530118822,"396,498",100% bearish,of 1 rating,$100
ATNY,$2.33,1440530118872,"3,008",50% bullish,of 2 ratings,$3.75
APOG,$50.84,1440530118955,"155,105",100% bullish,of 1 rating,$67
APIC,$6.12,1440530119026,"169,990",100% bearish,of 1 rating,$19
AINV,$6.38,1440530119273,"660,350",50% bullish,of 4 ratings,$8
APOL,$10.5,1440530119406,"578,237",87% bearish,of 68 ratings,$14
APPF,$15.6656,1440530119711,"11,976",50% bullish,of 2 ratings,$22
AAPL,$107.775,1440530119744,"46,353,528",86% bullish,of 2345 ratings,$150
ARCI,$1.11,1440530119877,"1,000",Not yet rated,NULL,N/A
APDNW,$1.02,1440530119938,"13,896",Not yet rated,NULL,N/A
APDN,$3.1535,1440530120010,"48,248",Not yet rated,NULL,$9
AMCC,$5.35,1440530120167,"406,973",80% bullish,of 5 ratings,$8
AGTC,$15.49,1440530120193,"75,786",50% bullish,of 2 ratings,$33
AAOI,$19.37,1440530120328,"177,120",50% bullish,of 4 ratings,$26
AMAT,$15.2501,1440530120407,"9,769,538",82% bullish,of 11 ratings,$23
APRI,$1.2501,1440530120574,"151,998",83% bullish,of 6 ratings,$4.86
AQXP,$18.9299,1440530120707,"1,299,433",50% bullish,of 2 ratings,$2
APTO,$4.55,1440530120733,"1,120",Not yet rated,NULL,$17
AUMA,NULL,1440530120863,0,Not yet rated,NULL,N/A
AQMS,$5,1440530121006,"40,577",Not yet rated,NULL,N/A
AREX,$1.76,1440530121032,"641,939",100% bearish,of 1 rating,$3
ARDM,$6.97,1440530121300,527,100% bullish,of 1 rating,$26
ABUS,$6.81,1440530121326,"253,796",86% bullish,of 14 ratings,$23
AUMAW,NULL,1440530121461,0,Not yet rated,NULL,N/A
AUMAU,NULL,1440530121691,0,Not yet rated,NULL,N/A
ARCW,$3.23,1440530121774,"9,196",100% bearish,of 2 ratings,$10.50
ABIO,$0.8651,1440530121819,"62,961",50% bullish,of 2 ratings,$3.75
ARCB,$27.47,1440530121844,"146,355",67% bearish,of 3 ratings,$39.50
PETX,$17.575,1440530121975,"248,332",100% bearish,of 2 ratings,$26
RKDA,$5.81,1440530122001,"19,573",100% bearish,of 2 ratings,$10
ACAT,$25.41,1440530122063,"56,040",100% bearish,of 3 ratings,$33
ACGL,$68.03,1440530122140,"140,816",50% bullish,of 2 ratings,$72
ARNA,$2.74,1440530122238,"1,295,378",90% bullish,of 77 ratings,$5.50
ARCC,$14.99,1440530122265,"1,457,432",67% bearish,of 3 ratings,$17.875
ARGS,$6.1273,1440530122684,"31,089",50% bullish,of 2 ratings,$19.50
ARIS,$3.3186,1440530122711,"22,731",Not yet rated,NULL,$4.50
ARIA,$6.605,1440530122846,"1,545,732",87% bullish,of 46 ratings,$9
ARDX,$17.52,1440530122918,"69,057",50% bullish,of 2 ratings,$24.50
AGII,$55.495,1440530122949,"75,773",Not yet rated,NULL,$59.50
AGIIL,$25.25,1440530123029,"8,275",Not yet rated,NULL,N/A
ARKR,$24.995,1440530123083,"1,497",50% bullish,of 2 ratings,N/A
ARWA,NULL,1440530123131,0,Not yet rated,NULL,N/A
ARMH,$41,1440530123310,"1,428,165",54% bearish,of 13 ratings,$61
ARWAR,$0.27,1440530123472,"1,000",Not yet rated,NULL,N/A
ARTX,$1.3957,1440530123497,"115,174",88% bullish,of 16 ratings,$4.50
ARRY,$5.57,1440530123778,"932,875",100% bullish,of 7 ratings,$10
ARQL,$1.64,1440530123804,"76,457",75% bullish,of 4 ratings,$5
ARRS,$25.45,1440530123829,"751,809",50% bullish,of 2 ratings,$38
DWAT,$9.74,1440530123996,"4,254",100% bearish,of 1 rating,N/A
ARWAU,$10.105,1440530124021,300,100% bullish,of 1 rating,N/A
ARWAW,NULL,1440530124089,0,Not yet rated,NULL,N/A
ARWR,$5.215,1440530124357,"471,838",75% bullish,of 4 ratings,$10.50
ARTW,$4.31,1440530124410,300,75% bearish,of 4 ratings,N/A
ASNA,$10.88,1440530124586,"1,334,972",50% bullish,of 2 ratings,$18
ARTNA,$22.115,1440530124730,"10,165",100% bearish,of 1 rating,$29
ASND,$19.37,1440530124860,"34,767",100% bullish,of 1 rating,$30
ASBB,$24.375,1440530125069,"2,000",Not yet rated,NULL,N/A
APWC,$1.9,1440530125096,100,100% bearish,of 1 rating,N/A
AROW,$27.15,1440530125170,"6,086",Not yet rated,NULL,N/A
ASML,$87.96,1440530125421,"637,278",50% bullish,of 4 ratings,$127
ASMI,NULL,1440530125564,0,NULL,NULL,NULL
ASMB,$12.61,1440530125656,"28,935",67% bullish,of 3 ratings,N/A
ASCMA,$26.59,1440530125760,"65,762",100% bearish,of 1 rating,$45
AZPN,$36.64,1440530125892,"426,339",50% bullish,of 2 ratings,$42
ASTE,$35.5,1440530125919,"39,166",100% bearish,of 1 rating,$48
ASFI,$8.9,1440530126071,"6,310",100% bullish,of 1 rating,N/A
ASTI,$0.1032,1440530126333,"1,605,679",83% bullish,of 6 ratings,$3
ALOT,NULL,1440530126358,0,100% bearish,of 1 rating,N/A
ATRO,$50.79,1440530126491,"95,166",100% bearish,of 2 ratings,$80
ASUR,$5.6301,1440530126628,"2,289",50% bullish,of 2 ratings,$8
ASTC,$2.03,1440530126684,"29,210",100% bullish,of 5 ratings,N/A
AFCB,$27.6,1440530126914,700,Not yet rated,NULL,N/A
ATAI,$2.45,1440530126940,"8,352",100% bearish,of 1 rating,N/A
ATHN,$130.6,1440530127100,"142,539",67% bearish,of 3 ratings,$153
ATHX,$1.12,1440530127129,"154,680",89% bullish,of 9 ratings,$5
AAPC,$10.2,1440530127174,583,Not yet rated,NULL,N/A
ATRA,$40.15,1440530127234,"125,281",50% bullish,of 2 ratings,$68
AAME,$3.53,1440530127307,100,Not yet rated,NULL,N/A
ATNI,$70.34,1440530127595,"33,983",100% bearish,of 1 rating,$69.50
ATLC,$3.72,1440530127762,"8,831",67% bullish,of 3 ratings,N/A
AAWW,$39.61,1440530127792,"146,767",50% bullish,of 2 ratings,$65
ACFC,$5.98,1440530127832,"33,044",Not yet rated,NULL,$6.50
ATML,$7.485,1440530127927,"6,002,997",78% bullish,of 9 ratings,$9.50
AFH,$16.4,1440530128030,"22,376",Not yet rated,NULL,$21.50
ATRI,$374.95,1440530128170,"1,283",Not yet rated,NULL,N/A
ATOS,$0.7995,1440530128245,"117,709",100% bullish,of 7 ratings,$7
ATRC,$24.92,1440530128271,"83,169",100% bullish,of 1 rating,$30
LIFE,$13.97,1440530128461,"64,464",86% bullish,of 7 ratings,$43
AUBN,$26.43,1440530128507,100,Not yet rated,NULL,N/A
ATTU,$13.12,1440530128541,"49,763",100% bearish,of 1 rating,$20.50
ATRM,$2.81,1440530128636,"1,200",50% bullish,of 2 ratings,N/A
AUDC,$3.1,1440530128662,"26,058",80% bullish,of 5 ratings,$5
AUPH,$3.02,1440530128724,"24,158",100% bearish,of 1 rating,$8
EARS,$4.35,1440530128963,"5,343",100% bearish,of 2 ratings,$11.50
ABTL,$16.63,1440530129103,"167,485",100% bullish,of 4 ratings,$20.25
ADSK,$49.45,1440530129190,"1,337,250",67% bullish,of 6 ratings,$69.50
ADAT,$0.34,1440530129221,"2,495,877",100% bullish,of 2 ratings,N/A
ADP,$75.53,1440530129316,"1,277,769",100% bearish,of 1 rating,$88
AVNU,$12.18,1440530129353,"5,381",Not yet rated,NULL,$14
AVGO,$110.55,1440530129414,"1,815,764",88% bullish,of 8 ratings,$165
AAVL,$10.22,1440530129443,"206,730",100% bearish,of 1 rating,$20
AVNW,$1.13,1440530129545,"95,359",50% bullish,of 2 ratings,$2.20
AVEO,$1.29,1440530129587,"422,622",75% bullish,of 8 ratings,$3
AVID,$8.06,1440530129694,"284,680",100% bearish,of 1 rating,$20
CAR,$41.09,1440530129779,"1,330,854",80% bullish,of 5 ratings,$60
AVGR,$14.37,1440530129912,"12,900",100% bearish,of 1 rating,$20
ACLS,$3.07,1440530130103,"254,222",67% bullish,of 6 ratings,$4.75
AWRE,$3.14,1440530130149,"40,903",67% bullish,of 3 ratings,N/A
AXPW,$1.14,1440530130175,"30,967",83% bullish,of 6 ratings,N/A
AXPWW,$1.1027,1440530130236,100,Not yet rated,NULL,N/A
AXGN,$3.8,1440530130263,"21,498",Not yet rated,NULL,$5
AXTI,$2.17,1440530130342,"59,503",50% bullish,of 2 ratings,$2.75
BCOM,$19.94,1440530130534,149,100% bearish,of 1 rating,N/A
RILY,$9.97,1440530130668,200,Not yet rated,NULL,N/A
BOSC,$2.29,1440530130699,"7,616",50% bullish,of 2 ratings,N/A
BIDU,$140.14,1440530130800,"3,543,213",81% bullish,of 88 ratings,$210
BEAV,$47.23,1440530130931,"631,956",67% bearish,of 3 ratings,$59
BWINA,$23.29,1440530131014,300,Not yet rated,NULL,N/A
BCPC,$56.02,1440530131076,"108,984",100% bearish,of 1 rating,$75
BWINB,$22.65,1440530131254,"8,223",Not yet rated,NULL,N/A
BLDP,$1.1848,1440530131383,"327,426",91% bullish,of 22 ratings,$2.50
BANF,$58.12,1440530131483,"8,425",Not yet rated,NULL,$68
BANFP,NULL,1440530131626,0,Not yet rated,NULL,N/A
BKMU,$6.91,1440530131682,"25,509",Not yet rated,NULL,$8
BMRC,$47.98,1440530131861,"2,300",Not yet rated,NULL,$52
BKSC,$15.3,1440530131889,"4,688",Not yet rated,NULL,N/A
BOCH,$5.73,1440530131914,"9,037",Not yet rated,NULL,$6.50
BOTJ,$10.9001,1440530132083,"1,500",Not yet rated,NULL,N/A
BFIN,$11.84,1440530132142,"18,730",Not yet rated,NULL,$13
OZRK,$40.21,1440530132167,"337,859",67% bullish,of 3 ratings,$49.50
BWFG,$17.88,1440530132310,"1,753",100% bearish,of 1 rating,N/A
BZUN,$4.66,1440530132626,"500,888",50% bullish,of 2 ratings,$12.60
BHACR,NULL,1440530132821,0,Not yet rated,NULL,N/A
TAPR,$31.2,1440530132852,"1,200",100% bearish,of 1 rating,N/A
BHACU,NULL,1440530132916,0,Not yet rated,NULL,N/A
BANR,$43.12,1440530132942,"37,985",100% bullish,of 3 ratings,$50
BHACW,NULL,1440530133115,0,Not yet rated,NULL,N/A
BHAC,$9.78,1440530133174,"1,000",Not yet rated,NULL,N/A
BYBK,$4.9,1440530133259,700,100% bearish,of 1 rating,N/A
BBSI,$33.98,1440530133288,"20,696",67% bearish,of 3 ratings,$62.50
BSET,$28.32,1440530133439,"24,726",100% bearish,of 1 rating,$35
BV,$5.01,1440530133465,"243,853",67% bullish,of 6 ratings,$9
BBCN,$14.04,1440530133493,"126,982",100% bearish,of 1 rating,$16
BDCV,$4.87,1440530133726,"7,997",100% bearish,of 1 rating,$10.19
BECN,$34.03,1440530133859,"287,127",50% bullish,of 2 ratings,$40
BYLK,$12.7,1440530133888,"5,350",Not yet rated,NULL,$14
BCBP,$11.5,1440530133909,"7,080",Not yet rated,NULL,N/A
BSF,$8.33,1440530133931,"10,833",Not yet rated,NULL,N/A
BEBE,$1.73,1440530134098,"93,388",75% bullish,of 4 ratings,$3.075
BBGI,$4.24,1440530134125,"2,361",100% bearish,of 1 rating,N/A
BBBY,$60.95,1440530134152,"1,484,440",71% bullish,of 7 ratings,$75
BELFB,$17.33,1440530134323,"9,100",100% bearish,of 1 rating,N/A
BLCM,$16.6,1440530134387,"157,259",50% bullish,of 4 ratings,$40
BNCL,$12.22,1440530134417,"251,229",100% bullish,of 3 ratings,$12.50
BELFA,$15.3,1440530134442,839,100% bearish,of 1 rating,N/A
BLPH,$5.03,1440530134760,"24,713",100% bearish,of 1 rating,$12.50
BNFT,$35.11,1440530134795,"87,361",67% bullish,of 3 ratings,$46
BNTC,$8,1440530134823,"27,598",100% bullish,of 1 rating,N/A
BGMD,$0.7603,1440530134891,"104,732",100% bullish,of 10 ratings,N/A
BGCP,$8.5001,1440530134917,"572,770",88% bullish,of 8 ratings,$14
BIND,$4.34,1440530135084,"21,123",75% bullish,of 4 ratings,$13.50
ORPN,$5.35,1440530135144,"6,663",100% bullish,of 1 rating,$28.50
BASI,$1.54,1440530135287,"5,392",Not yet rated,NULL,N/A
BGFV,$10.39,1440530135679,"32,885",57% bullish,of 7 ratings,$12
BIOC,$1.9152,1440530135780,"269,211",83% bullish,of 6 ratings,$3.85
BCRX,$11.11,1440530135827,"477,160",63% bullish,of 8 ratings,$18
BCDA,NULL,1440530135914,0,Not yet rated,NULL,N/A
BDSI,$6.33,1440530135971,"567,651",88% bullish,of 8 ratings,$17
BIOD,$0.659,1440530136164,"68,571",80% bullish,of 5 ratings,$4
BLRX,$1.2692,1440530136452,"145,422",100% bullish,of 12 ratings,$5
BMRN,$124.93,1440530136716,"623,217",80% bullish,of 5 ratings,$160
BVXVW,NULL,1440530136874,0,100% bearish,of 1 rating,N/A
BVXV,$3.4,1440530136904,"3,632",Not yet rated,NULL,N/A
BPTH,$1.06,1440530137049,"34,190",100% bullish,of 2 ratings,$5
BIIB,$290.5,1440530137351,"1,344,375",88% bullish,of 16 ratings,$400
BIOL,$1.36,1440530137379,"24,224",Not yet rated,NULL,N/A
BRLI,NULL,1440530137403,0,NULL,NULL,NULL
BLFS,$2.02,1440530137777,"32,094",100% bearish,of 1 rating,$4.75
BIOS,$2.235,1440530137854,"1,070,678",71% bullish,of 7 ratings,$4
BOTA,$2.18,1440530137906,"32,066",88% bullish,of 8 ratings,N/A
BBP,$31.2361,1440530137931,"27,515",Not yet rated,NULL,N/A
BSTC,$47.17,1440530137959,"25,282",100% bearish,of 1 rating,$76
BSPM,$0.65,1440530138107,"40,347",50% bullish,of 2 ratings,N/A
TECH,$95.02,1440530138193,"97,934",100% bullish,of 1 rating,$117
BEAT,$14.325,1440530138383,"384,129",67% bearish,of 3 ratings,$15
BITI,$17.5,1440530138517,"25,933",100% bullish,of 1 rating,$28
BJRI,$43.87,1440530138622,"125,989",50% bullish,of 2 ratings,$55
BBC,$29.8001,1440530138680,"15,726",Not yet rated,NULL,N/A
BDMS,$13.13,1440530138826,200,100% bearish,of 1 rating,N/A
BBOX,$14.67,1440530138851,"35,665",100% bearish,of 1 rating,N/A
BDE,$7.16,1440530139055,"48,395",50% bullish,of 2 ratings,$9
BBRY,$6.8586,1440530139083,"3,152,855",61% bullish,of 330 ratings,$9
BLKB,$57.83,1440530139128,"87,382",100% bearish,of 2 ratings,$66
HAWK,$40.35,1440530139316,"254,675",91% bullish,of 11 ratings,$49
ADRE,$28.8931,1440530139387,"9,885",100% bearish,of 1 rating,N/A
ADRD,$21.6684,1440530139416,"4,931",100% bearish,of 1 rating,N/A
ADRA,$26.205,1440530139442,"1,201",100% bearish,of 1 rating,N/A
BKCC,$9.0469,1440530139523,"227,375",100% bullish,of 2 ratings,$10
ADRU,$21.6301,1440530139655,"1,676",100% bearish,of 1 rating,N/A
BLMN,$19.185,1440530139719,"900,117",83% bullish,of 6 ratings,$27.50
BCOR,$13.305,1440530140095,"80,141",57% bullish,of 7 ratings,$15
BLBD,$11.84,1440530140137,"5,957",Not yet rated,NULL,N/A
BBLU,$0.8001,1440530140167,"87,124",100% bullish,of 2 ratings,$4.43
BUFF,$26.31,1440530140188,"197,083",83% bullish,of 12 ratings,$31.50
BHBK,$13.98,1440530140221,"50,766",100% bullish,of 1 rating,$14.50
NILE,$32.65,1440530140250,"71,292",50% bullish,of 2 ratings,$34
BKEP,$6.11,1440530140351,"91,871",100% bearish,of 1 rating,$8.50
BLUE,$125.07,1440530140459,"313,360",71% bullish,of 7 ratings,$217.50
BOBE,$42.83,1440530140798,"85,231",75% bullish,of 4 ratings,$57
BNCN,$20.255,1440530140890,"69,672",Not yet rated,NULL,$23
BPMC,$27.11,1440530140978,"49,525",50% bullish,of 2 ratings,$47.50
BKEPP,$7.45,1440530141026,"4,370",100% bearish,of 1 rating,N/A
BOFI,$122.36,1440530141082,"115,852",100% bullish,of 6 ratings,$144
WIFI,$7.33,1440530141107,"204,390",50% bullish,of 2 ratings,$13.50
BOKF,$58.69,1440530141286,"200,934",100% bearish,of 1 rating,$70.50
BOJA,$20.97,1440530141312,"155,139",100% bullish,of 1 rating,$30
BPFH,$11.49,1440530141474,"192,523",100% bearish,of 1 rating,$14
BONA,$11.6224,1440530141502,"214,406",75% bullish,of 4 ratings,$8.50
BNSO,$1.317,1440530141563,"1,900",100% bearish,of 1 rating,N/A
BPFHW,NULL,1440530141637,0,100% bearish,of 1 rating,N/A
BAMM,$3.16,1440530141695,"12,459",60% bullish,of 5 ratings,N/A
BPFHP,$25.64,1440530141768,608,100% bearish,of 1 rating,N/A
BDBD,$8.06,1440530141956,"481,718",60% bullish,of 5 ratings,$10
EPAY,$24.84,1440530142010,"55,240",100% bearish,of 2 ratings,$30
BCLI,$2.84,1440530142038,"45,335",80% bullish,of 5 ratings,$12
BBRG,$12.09,1440530142070,"70,761",67% bullish,of 3 ratings,$14.50
BBEPP,$12.5501,1440530142174,"57,717",100% bearish,of 1 rating,N/A
BLIN,$1.3,1440530142318,900,50% bullish,of 2 ratings,$2.20
BDGE,$26.52,1440530142346,"4,780",Not yet rated,NULL,$31.75
BRID,NULL,1440530142371,0,100% bearish,of 1 rating,N/A
BBEP,$2.34,1440530142400,"1,281,103",69% bullish,of 13 ratings,$5.625
BRCM,$48.29,1440530142426,"1,805,586",75% bullish,of 12 ratings,$56
BCOV,$5.08,1440530142596,"41,257",67% bullish,of 3 ratings,$10.20
BSFT,$29.975,1440530142655,"97,241",57% bullish,of 7 ratings,$40.50
BVSN,$5.9699,1440530142733,905,60% bearish,of 5 ratings,N/A
BRCD,$10.25,1440530142813,"2,614,541",92% bullish,of 13 ratings,$11.50
BWEN,$3.18,1440530142916,"39,880",100% bullish,of 3 ratings,$8
BRKS,$10.06,1440530142995,"38,297",67% bullish,of 3 ratings,$15.25
BRKR,$18.57,1440530143020,"185,850",100% bearish,of 2 ratings,$22
BRKL,$10.37,1440530143078,"131,677",100% bearish,of 1 rating,$10.75
BYFC,$1.39,1440530143105,"3,176",50% bullish,of 2 ratings,N/A
BMTC,$28.3,1440530143175,"29,028",Not yet rated,NULL,$34
BLMT,$20.89,1440530143303,"8,201",Not yet rated,NULL,N/A
BSQR,$5.86,1440530143330,"68,238",67% bullish,of 3 ratings,N/A
BWLD,$189.28,1440530143351,"160,979",82% bullish,of 11 ratings,$205
BLDR,$13.71,1440530143409,"511,795",50% bullish,of 2 ratings,$22
CFFI,$35.05,1440530143603,"5,969",100% bearish,of 1 rating,N/A
BUR,$1.79,1440530143633,"20,897",100% bearish,of 1 rating,$8
CHRW,$65.64,1440530143738,"804,687",Not yet rated,NULL,$72
CCMP,$42.3,1440530143799,"63,257",50% bullish,of 2 ratings,$59
CA,$26.3225,1440530143841,"1,357,789",50% bullish,of 4 ratings,$33
CDZI,$7.53,1440530143901,"18,314",100% bearish,of 1 rating,N/A
CACQ,$7.09,1440530143974,"35,763",100% bearish,of 1 rating,$12.25
CZR,$8.61,1440530144042,"912,870",60% bearish,of 5 ratings,$10.50
CDNS,$19.21,1440530144067,"869,946",75% bullish,of 4 ratings,$22.50
PRSS,$4.3165,1440530144216,"12,287",80% bullish,of 5 ratings,$4.50
CLBS,$1.285,1440530144312,"65,949",79% bullish,of 14 ratings,$4
CSTE,$42.38,1440530144341,"303,790",100% bearish,of 1 rating,$65
CHY,$11.11,1440530144503,"214,728",Not yet rated,NULL,N/A
CCD,$18.628,1440530144534,"88,861",Not yet rated,NULL,N/A
CHI,$10.56,1440530144556,"303,812",100% bearish,of 1 rating,N/A
CLMS,$10.27,1440530144635,"66,256",Not yet rated,NULL,$10.50
CHW,$7.31,1440530144704,"186,175",100% bearish,of 1 rating,N/A
CFGE,$10.3256,1440530144851,528,Not yet rated,NULL,N/A
CGO,$11.67,1440530144883,"67,887",100% bearish,of 1 rating,N/A
CSQ,$9.61,1440530144984,"372,102",Not yet rated,NULL,N/A
CFNB,NULL,1440530145016,0,100% bearish,of 1 rating,N/A
CVGW,$55.91,1440530145038,"92,320",50% bullish,of 2 ratings,$58.50
CAMP,$15.68,1440530145068,"135,126",88% bullish,of 8 ratings,$25
CALA,$4.57,1440530145113,"221,018",100% bullish,of 3 ratings,$19.50
CALD,$14.9,1440530145285,"170,179",100% bearish,of 1 rating,$20.50
CALM,$47.6151,1440530145425,"405,995",80% bullish,of 5 ratings,$65
ABCD,$4.96,1440530145453,"47,272",83% bullish,of 6 ratings,N/A
CLMT,$25.09,1440530145497,"220,760",75% bullish,of 8 ratings,$31
CAMBW,NULL,1440530145636,0,Not yet rated,NULL,N/A
CAMBU,NULL,1440530145662,0,100% bearish,of 1 rating,N/A
CAMB,$10.05,1440530145741,400,Not yet rated,NULL,N/A
CAMT,$2.69,1440530145869,"32,836",73% bullish,of 11 ratings,$4
CAC,$39.81,1440530145895,"3,219",Not yet rated,NULL,N/A
CSIQ,$17.67,1440530145922,"2,722,630",86% bullish,of 28 ratings,$45
CPHC,$10.24,1440530146054,400,100% bearish,of 1 rating,N/A
CGIX,$9.2641,1440530146086,"13,078",67% bullish,of 3 ratings,$14.375
CBNJ,$10.84,1440530146113,"9,742",100% bullish,of 1 rating,N/A
CPLA,$47.05,1440530146189,"80,627",67% bearish,of 3 ratings,$65
CCBG,$14.61,1440530146362,"2,217",Not yet rated,NULL,$17.25
CBF,$28.78,1440530146391,"55,163",Not yet rated,NULL,$32
CPLP,$6.66,1440530146417,"303,778",71% bullish,of 7 ratings,$11
CSWC,$44.53,1440530146491,"6,586",Not yet rated,NULL,N/A
CPTA,$13.38,1440530146626,"54,260",100% bearish,of 1 rating,$18.50
CAPN,$1.79,1440530146678,"90,415",100% bullish,of 1 rating,$10.85
CFFN,$11.75,1440530146707,"403,933",Not yet rated,NULL,$12.75
CAPNW,$0.51,1440530146806,700,Not yet rated,NULL,N/A
CAPR,$4,1440530146884,"12,004",Not yet rated,NULL,$12
CPST,$0.3601,1440530147072,"413,039",95% bullish,of 22 ratings,$1.25
CARA,$19.3601,1440530147158,"222,211",50% bullish,of 4 ratings,$25
CBYL,$5.23,1440530147204,"16,668",100% bearish,of 1 rating,$20
CRDC,$0.36,1440530147235,"126,533",100% bullish,of 1 rating,$1.25
CARB,$11,1440530147286,"190,127",75% bullish,of 4 ratings,$12
CRME,$8.62,1440530147338,"16,430",89% bullish,of 9 ratings,$11.25
CFNL,$21.44,1440530147378,"30,141",Not yet rated,NULL,$24
CATM,$33.66,1440530147563,"120,698",100% bearish,of 1 rating,$44
CSII,$23.11,1440530147608,"103,352",100% bearish,of 2 ratings,$42.125
CECO,$3.38,1440530147637,"386,005",67% bearish,of 3 ratings,$6
CTRE,$11.63,1440530147767,"573,510",50% bullish,of 2 ratings,N/A
CKEC,$22.12,1440530147800,"137,547",50% bullish,of 2 ratings,$35.915
CDNA,$6.39,1440530147826,"6,395",100% bearish,of 1 rating,$9
CLBH,$12.5196,1440530147851,839,Not yet rated,NULL,$16.50
CARO,$15.25,1440530148090,"3,411",100% bearish,of 1 rating,$19
CART,$5.35,1440530148232,"1,047",100% bearish,of 1 rating,N/A
CRZO,$28.475,1440530148258,"703,435",67% bearish,of 3 ratings,$57
CARV,$7.45,1440530148319,"25,133",50% bullish,of 2 ratings,N/A
TAST,$11.85,1440530148345,"171,270",Not yet rated,NULL,$14.25
CRTN,$2.5,1440530148401,"12,402",100% bearish,of 1 rating,N/A
CASM,$1.13,1440530148476,"6,182",100% bullish,of 1 rating,$3.50
CACB,$5.27,1440530148533,"22,083",Not yet rated,NULL,$5.50
CWST,$5.98,1440530148728,"45,163",50% bullish,of 2 ratings,$7.25
CASI,$1.4648,1440530148759,"7,107",100% bullish,of 1 rating,$3.50
CSCD,$14.89,1440530148781,"39,811",100% bullish,of 2 ratings,$17
CASY,$103.51,1440530148859,"98,050",50% bullish,of 2 ratings,$99.50
CASS,$46.07,1440530148927,"20,170",100% bearish,of 1 rating,N/A
CPRX,$3.31,1440530149113,"488,551",71% bullish,of 7 ratings,$7
CATB,$11.23,1440530149140,"4,182",100% bearish,of 1 rating,$28
CATY,$28.27,1440530149171,"375,243",100% bearish,of 1 rating,$33.50
CATYW,$8.26,1440530149199,"1,500",100% bearish,of 1 rating,N/A
CAVM,$64.63,1440530149273,"346,881",67% bearish,of 3 ratings,$72
CVCO,$70.102,1440530149343,"21,404",100% bearish,of 1 rating,N/A
CBFV,$20.88,1440530149438,"2,990",Not yet rated,NULL,N/A
CNLM,NULL,1440530149496,0,Not yet rated,NULL,N/A
CNLMU,$10.37,1440530149601,298,100% bullish,of 1 rating,N/A
CNLMR,NULL,1440530149626,0,Not yet rated,NULL,N/A
CNLMW,NULL,1440530149759,0,Not yet rated,NULL,N/A
CBOE,$61.27,1440530149785,"191,718",Not yet rated,NULL,$60
CDK,$45.63,1440530149814,"417,111",67% bearish,of 3 ratings,$50
CDW,$38.37,1440530149961,"501,586",75% bullish,of 4 ratings,$44
CECE,$9.137,1440530150011,"56,787",50% bullish,of 2 ratings,$16
CPXX,$2.06,1440530150102,"168,045",100% bullish,of 2 ratings,$7
CELG,$116.198,1440530150136,"3,257,224",92% bullish,of 13 ratings,$155.50
CELGZ,$1.56,1440530150166,"33,866",80% bullish,of 5 ratings,N/A
CLDX,$14.47,1440530150238,"2,100,831",89% bullish,of 9 ratings,$36
CLDN,$1.04,1440530150263,"109,794",71% bullish,of 7 ratings,$3
CLRBW,NULL,1440530150455,0,Not yet rated,NULL,N/A
CLRB,$3.11,1440530150484,"1,800",100% bearish,of 1 rating,N/A
CLLS,$29.2,1440530150586,"51,568",75% bullish,of 4 ratings,$51.50
CLSN,$1.9001,1440530150640,"72,984",80% bullish,of 10 ratings,$7.50
CBMG,$22.12,1440530150680,"27,746",50% bullish,of 2 ratings,N/A
CLTX,$2.6399,1440530150744,"468,699",100% bullish,of 2 ratings,N/A
CYAD,$51.44,1440530150816,"1,341",100% bullish,of 1 rating,$87.50
CEMP,$34.3001,1440530150914,"306,327",71% bullish,of 7 ratings,$52
CSFL,$13.71,1440530150941,"55,796",Not yet rated,NULL,$15
CETX,$2.26,1440530150972,"13,274",Not yet rated,NULL,$5.60
CETV,$2.01,1440530151078,"27,238",67% bullish,of 3 ratings,$2.80
CFBK,NULL,1440530151211,0,Not yet rated,NULL,N/A
CENT,$11.64,1440530151237,"28,084",Not yet rated,NULL,$10
CENTA,$12.25,1440530151372,"185,049",Not yet rated,NULL,N/A
CENX,$4.755,1440530151407,"895,712",67% bullish,of 6 ratings,$9
CVCY,$11.25,1440530151433,6,Not yet rated,NULL,$12
CNBKA,$40,1440530151566,100,50% bullish,of 2 ratings,N/A
CRNT,$1.38,1440530151702,"246,172",50% bullish,of 2 ratings,$2
CPHD,$47.435,1440530151738,"351,036",50% bullish,of 2 ratings,$66.50
CERE,$1.12,1440530151760,"236,086",88% bullish,of 8 ratings,N/A
CNTY,$6.0145,1440530151782,"11,311",80% bullish,of 5 ratings,$7.75
CERN,$61.5,1440530151821,"1,028,487",67% bullish,of 3 ratings,$79
CERS,$4.72,1440530151914,"434,833",75% bullish,of 4 ratings,$7
CERU,$3.33,1440530151980,"46,995",75% bullish,of 4 ratings,$15
CEVA,$17.5,1440530152122,"49,928",100% bearish,of 1 rating,$25
CYOU,$20.19,1440530152303,"143,247",50% bullish,of 6 ratings,$24
HOTR,$1.4601,1440530152331,"221,078",100% bullish,of 2 ratings,$5
CTHR,$1.27,1440530152461,"1,624",50% bullish,of 2 ratings,$2.50
KOOL,$0.65,1440530152495,"10,554",100% bullish,of 5 ratings,$7
HOTRW,NULL,1440530152521,0,Not yet rated,NULL,N/A
CHFN,$12.11,1440530152592,"14,237",Not yet rated,NULL,$14
CHTR,$174.98,1440530152619,"538,434",100% bearish,of 2 ratings,$196
GTLS,$21.5995,1440530152647,"124,116",50% bullish,of 4 ratings,$40
CHKP,$78.48,1440530152786,"992,378",50% bullish,of 4 ratings,$92
CHEK,$2.66,1440530152890,"8,570",Not yet rated,NULL,$7.75
CHEKW,NULL,1440530152915,0,Not yet rated,NULL,N/A
CEMI,$3.95,1440530152979,"6,750",50% bullish,of 2 ratings,$7.50
CHFC,$30.53,1440530153008,"70,517",100% bearish,of 1 rating,$36
CCXI,$6.68,1440530153109,"26,147",67% bullish,of 3 ratings,$14
CHMG,$26.275,1440530153135,"2,700",Not yet rated,NULL,$30
CHKE,$25.42,1440530153337,"11,717",100% bearish,of 1 rating,$32.50
CHEV,$14.49,1440530153369,"1,100",Not yet rated,NULL,N/A
PLCE,$58.49,1440530153395,"504,923",100% bearish,of 1 rating,$71
CHMA,$23.31,1440530153467,"69,836",Not yet rated,NULL,$40
CBNK,$16.49,1440530153539,500,100% bearish,of 1 rating,N/A
CADC,$3.01,1440530153671,400,78% bullish,of 9 ratings,N/A
CMRX,$47.47,1440530153719,"161,596",50% bullish,of 2 ratings,$57
CALI,$0.9,1440530153745,"5,775",67% bullish,of 3 ratings,N/A
CBAK,$1.6799,1440530153970,"51,858",67% bullish,of 9 ratings,N/A
CAAS,$5.904,1440530153997,"27,173",93% bullish,of 14 ratings,$11.50
CCCL,$0.75,1440530154127,"6,045",100% bullish,of 6 ratings,N/A
CBPO,$96.655,1440530154157,"149,262",75% bullish,of 8 ratings,$140.50
CCCR,$0.82,1440530154255,"17,500",67% bearish,of 3 ratings,N/A
JRJC,$3,1440530154305,"187,202",82% bullish,of 11 ratings,N/A
CHOP,$1.21,1440530154351,"3,100",50% bullish,of 2 ratings,N/A
HGSH,$1.68,1440530154384,"17,105",67% bullish,of 3 ratings,N/A
CHLN,$2.1599,1440530154486,"26,990",67% bullish,of 3 ratings,N/A
CJJD,$1.7388,1440530154756,"83,171",100% bullish,of 1 rating,N/A
CNIT,$1.3501,1440530154781,"73,455",67% bullish,of 6 ratings,N/A
CHNR,$1.74,1440530154842,"4,104",100% bearish,of 1 rating,N/A
CREG,$0.6701,1440530154978,"31,894",100% bullish,of 3 ratings,N/A
CPGI,$6.8649,1440530155008,206,Not yet rated,NULL,N/A
HTHT,$24.14,1440530155029,"38,043",50% bullish,of 2 ratings,$28.40
CSUN,$1.4442,1440530155111,"17,310",80% bullish,of 5 ratings,N/A
CNTF,$0.8,1440530155286,"43,334",Not yet rated,NULL,N/A
CXDC,$5.98,1440530155351,"16,761",67% bullish,of 3 ratings,N/A
CNYD,$3.04,1440530155376,"10,300",67% bullish,of 3 ratings,N/A
CNET,$0.81,1440530155422,"16,353",50% bullish,of 2 ratings,N/A
CCIH,$6.49,1440530155451,"190,666",67% bullish,of 6 ratings,$12.65
IMOS,$16.31,1440530155555,"163,360",60% bullish,of 5 ratings,$21.50
CHSCL,$26.9,1440530155652,"13,666",Not yet rated,NULL,N/A
CHSCM,$25.68,1440530155699,"20,605",Not yet rated,NULL,N/A
CHSCP,$30.296,1440530155879,"3,879",Not yet rated,NULL,N/A
CHSCN,$26.66,1440530155912,"11,644",Not yet rated,NULL,N/A
CHDN,$132.94,1440530156014,"22,338",Not yet rated,NULL,$165
CHSCO,$28,1440530156041,"6,900",Not yet rated,NULL,N/A
CHUY,$30.86,1440530156120,"141,819",50% bullish,of 2 ratings,$34
CDTX,$14.05,1440530156178,"7,904",Not yet rated,NULL,$22
CIFC,$7.1,1440530156311,200,100% bearish,of 1 rating,N/A
CMPR,$67.81,1440530156442,"225,257",50% bullish,of 2 ratings,$72.50
CMCT,$15.33,1440530156551,714,100% bearish,of 1 rating,N/A
CIDM,$0.6103,1440530156579,"92,933",50% bullish,of 2 ratings,$2.10
CINF,$52.02,1440530156765,"431,583",50% bullish,of 4 ratings,$50.50
CTAS,$82.9,1440530156792,"242,429",100% bearish,of 1 rating,$91
CPHR,$5.82,1440530156864,"10,279",100% bearish,of 1 rating,$17
CRUS,$27.42,1440530156923,"523,583",75% bullish,of 12 ratings,$44.50
CSCO,$25.2072,1440530156950,"13,471,240",84% bullish,of 208 ratings,$32
CZNC,$19.57,1440530157145,"24,871",Not yet rated,NULL,N/A
CTRN,$27.2,1440530157198,"86,108",100% bearish,of 1 rating,$31.50
CZWI,$8.89,1440530157273,301,Not yet rated,NULL,N/A
CZFC,NULL,1440530157359,0,Not yet rated,NULL,N/A
CTXS,$67.79,1440530157387,"956,738",86% bullish,of 7 ratings,$80
CIZN,$19.54,1440530157417,"1,060",Not yet rated,NULL,N/A
CHCO,$46.06,1440530157518,"31,425",Not yet rated,NULL,$46
CIVB,$10.05,1440530157608,"2,595",Not yet rated,NULL,$11
CIVBP,$33,1440530157801,100,Not yet rated,NULL,N/A
CDTI,$1.55,1440530157883,"87,306",75% bullish,of 4 ratings,$3.20
CLNE,$4.15,1440530157910,"666,533",80% bullish,of 15 ratings,$9
CLIR,$4.675,1440530158076,"8,900",100% bullish,of 3 ratings,N/A
CLNT,$1.4199,1440530158123,"49,555",75% bullish,of 8 ratings,N/A
CLFD,$16.78,1440530158207,"19,775",67% bullish,of 3 ratings,$18
CLRO,$11.49,1440530158294,"5,651",50% bullish,of 2 ratings,$14.25
CBLI,$3.7014,1440530158417,"27,503",60% bullish,of 5 ratings,N/A
CSBK,$13.64,1440530158443,"68,180",Not yet rated,NULL,N/A
CLVS,$69.82,1440530158588,"498,106",60% bullish,of 5 ratings,$101.50
CMFN,$11.2,1440530158746,"18,770",100% bearish,of 1 rating,$15.50
CME,$91.0101,1440530158966,"896,346",67% bullish,of 3 ratings,$102
CCNE,$16.45,1440530158994,"3,000",50% bullish,of 2 ratings,$21.50
CISG,$7.31,1440530159016,"128,521",100% bullish,of 5 ratings,$10
CNV,$4.43,1440530159069,"15,042",50% bullish,of 2 ratings,$7.15
COBZ,$12.57,1440530159204,"79,658",100% bullish,of 1 rating,$14
COKE,$161.5,1440530159265,"10,924",79% bullish,of 19 ratings,N/A
CDRB,$11,1440530159401,"8,955",67% bullish,of 3 ratings,N/A
CWAY,$11.21,1440530159481,700,Not yet rated,NULL,N/A
JVA,$4.4208,1440530159537,"10,737",83% bullish,of 6 ratings,$7
CVLY,$20.35,1440530159567,"3,402",Not yet rated,NULL,N/A
CDXS,$3.56,1440530159593,"28,152",64% bullish,of 11 ratings,$6
CCOI,$27.62,1440530159671,"163,306",50% bullish,of 4 ratings,$35
CTSH,$60.73,1440530159866,"2,277,298",90% bullish,of 10 ratings,$75
CGNX,$34.24,1440530159996,"774,232",50% bullish,of 2 ratings,$47
CGNT,$1.5801,1440530160029,"33,670",100% bullish,of 2 ratings,$2
COHU,$9.48,1440530160055,"66,925",100% bearish,of 1 rating,$14.25
COHR,$55.325,1440530160083,"87,748",50% bullish,of 2 ratings,$72
CLRX,$0.5549,1440530160130,"41,913",50% bullish,of 2 ratings,N/A
CHRS,$27.95,1440530160260,"118,378",67% bearish,of 3 ratings,$37
CLCT,$18.62,1440530160285,"12,759",100% bearish,of 1 rating,N/A
COLL,$14.5,1440530160464,"35,283",100% bearish,of 1 rating,$26
CIGI,$42.6,1440530160621,"11,162",100% bearish,of 1 rating,$52
CLCD,$6.67,1440530160649,"67,670",100% bearish,of 1 rating,$20.50
CBAN,$8.89,1440530160671,"1,000",Not yet rated,NULL,N/A
CMCO,$17.99,1440530160803,"19,115",60% bullish,of 5 ratings,$28
COLB,$29.182,1440530160829,"88,002",Not yet rated,NULL,$36
CBMX,$1.11,1440530160881,"39,988",83% bullish,of 6 ratings,$3.15
CMCSA,$55.255,1440530160976,"5,902,414",66% bullish,of 35 ratings,$69.50
COLM,$59.705,1440530161003,"48,651",100% bearish,of 1 rating,$71
CBSH,$43.24,1440530161196,"224,115",50% bullish,of 2 ratings,$46
CBSHP,$25.2129,1440530161222,"1,285",100% bearish,of 1 rating,N/A
CUBN,$13.55,1440530161267,400,Not yet rated,NULL,N/A
CMCSK,$55.75,1440530161294,"1,839,722",Not yet rated,NULL,$84
CVGI,$4.56,1440530161315,"52,178",50% bullish,of 2 ratings,$6
COMM,$28.51,1440530161477,"407,863",67% bearish,of 3 ratings,$35
CSAL,$20.06,1440530161625,"272,440",75% bullish,of 4 ratings,$30
JCS,$8.5,1440530161658,"7,226",67% bullish,of 3 ratings,N/A
ESXB,$5.01,1440530161724,"72,263",Not yet rated,NULL,N/A
CTBI,$34.2,1440530161753,"23,172",Not yet rated,NULL,$36
COB,$10.4,1440530161856,"3,732",100% bullish,of 1 rating,$11.75
CYHHZ,$0.011,1440530161881,"536,133",100% bullish,of 1 rating,N/A
CWBC,NULL,1440530161940,0,Not yet rated,NULL,N/A
CVLT,$34.9,1440530162131,"235,873",75% bullish,of 4 ratings,$44.50
CIZ,$32.8525,1440530162227,"3,229",100% bearish,of 1 rating,N/A
CID,$33.19,1440530162257,200,Not yet rated,NULL,N/A
CIL,$33.3,1440530162286,200,Not yet rated,NULL,N/A
CFO,$34.7228,1440530162393,"31,020",100% bearish,of 1 rating,N/A
CSF,$35.7133,1440530162526,"2,795",100% bearish,of 1 rating,N/A
CFA,$34.6599,1440530162551,"1,035",100% bearish,of 1 rating,N/A
CDC,$34.03,1440530162581,"44,150",Not yet rated,NULL,N/A
CSA,$32.64,1440530162603,400,Not yet rated,NULL,N/A
CSB,$32.18,1440530162886,525,Not yet rated,NULL,N/A
CPSI,$44.92,1440530162914,"60,759",100% bearish,of 1 rating,$45.50
CDL,NULL,1440530163043,0,Not yet rated,NULL,N/A
CGEN,$4.85,1440530163103,"146,549",50% bullish,of 2 ratings,$11
SCOR,$54.46,1440530163258,"270,876",100% bearish,of 1 rating,$66
CHCI,$0.6699,1440530163320,"7,358",50% bullish,of 2 ratings,N/A
CTG,$6.4,1440530163346,"16,741",100% bearish,of 1 rating,$8.50
CNSI,$18.48,1440530163475,"74,458",100% bearish,of 2 ratings,$29
CMTL,$25.92,1440530163503,"18,575",100% bearish,of 2 ratings,$37
CNAT,$3.638,1440530163528,"43,289",83% bullish,of 6 ratings,$13
CXRX,$69.175,1440530163672,800,100% bearish,of 1 rating,$90
CCUR,$5.06,1440530163730,"14,664",75% bullish,of 4 ratings,N/A
CNCE,$15.29,1440530163761,"108,360",75% bullish,of 4 ratings,$22
CDOR,$1.3,1440530163861,"1,650",100% bullish,of 1 rating,N/A
CDORO,$16.6,1440530163906,150,100% bearish,of 1 rating,N/A
CDORP,$6.3,1440530164050,"2,008",100% bearish,of 1 rating,N/A
CNFR,$10.4,1440530164231,"21,000",Not yet rated,NULL,N/A
CFMS,$20.005,1440530164256,"128,632",Not yet rated,NULL,$27
CNOB,$18.98,1440530164281,"49,005",100% bullish,of 1 rating,$23.50
CTWS,$34.24,1440530164490,"14,015",100% bearish,of 1 rating,$44
CNXR,$6.6,1440530164519,"29,324",100% bearish,of 1 rating,$12
CONN,$30.62,1440530164546,"147,989",67% bullish,of 3 ratings,$48.50
CNMD,$52.64,1440530164577,"54,109",Not yet rated,NULL,$59
CTCT,$23.87,1440530164679,"215,207",67% bullish,of 3 ratings,$37
CNSL,$18.92,1440530164704,"121,527",100% bearish,of 1 rating,$23
CFRX,$5.1101,1440530164859,"7,239",Not yet rated,NULL,$14
CWCO,$10.03,1440530164987,"44,085",67% bullish,of 3 ratings,$14.50
CFRXW,$1.9,1440530165012,"6,066",100% bearish,of 1 rating,N/A
CPSS,$5.48,1440530165038,"59,538",100% bullish,of 1 rating,$10
CFRXZ,$0.46,1440530165081,550,Not yet rated,NULL,N/A
CTRV,$3.81,1440530165247,"7,396",Not yet rated,NULL,$6.40
CRBP,$1.82,1440530165274,"425,168",100% bullish,of 2 ratings,$6.25
CTRL,$7.735,1440530165301,"74,698",50% bullish,of 2 ratings,$11
CPRT,$33.7792,1440530165352,"167,130",67% bearish,of 3 ratings,$40
CORT,$4.54,1440530165550,"142,813",67% bullish,of 3 ratings,$12
CORE,$60.45,1440530165633,"46,787",100% bearish,of 1 rating,$72
CSOD,$35,1440530165682,"328,749",50% bullish,of 2 ratings,$42
BVA,$3.51,1440530165730,100,50% bullish,of 2 ratings,N/A
CORI,$10.36,1440530165764,"44,432",100% bearish,of 1 rating,$18
CRVL,$31.11,1440530165896,"29,870",100% bearish,of 1 rating,N/A
COSI,$1.04,1440530165922,"141,755",100% bullish,of 1 rating,N/A
COST,$135.9501,1440530166055,"1,895,885",79% bullish,of 24 ratings,$154.50
CSGP,$172.13,1440530166123,"72,087",50% bullish,of 2 ratings,$235
ICBK,$17.89,1440530166258,500,Not yet rated,NULL,$21
CPAH,$0.4682,1440530166307,"1,800",50% bullish,of 2 ratings,N/A
COVS,$2.6,1440530166340,"48,801",67% bullish,of 3 ratings,N/A
CVTI,$21.93,1440530166439,"97,424",67% bearish,of 3 ratings,$39
COWNL,$27.0999,1440530166464,"1,930",Not yet rated,NULL,N/A
COWN,$5.075,1440530166489,"564,023",75% bullish,of 4 ratings,$7
CPSH,$2.0501,1440530166646,"5,800",Not yet rated,NULL,N/A
CRAI,$21.61,1440530166788,"13,953",100% bearish,of 1 rating,$36
CACC,$192.06,1440530166920,"59,610",50% bullish,of 2 ratings,$158.50
CBRL,$140.62,1440530166949,"265,221",50% bullish,of 2 ratings,$155
BREW,$7.25,1440530167054,"69,593",67% bullish,of 6 ratings,$15
CRAY,$20,1440530167109,"123,201",83% bullish,of 6 ratings,$38.50
GLDI,$11.05,1440530168050,"14,747",100% bearish,of 1 rating,N/A
SLVO,$10.045,1440530168155,"8,182",100% bearish,of 1 rating,N/A
CRTO,$42.87,1440530168287,"204,698",67% bullish,of 6 ratings,$64
CRESY,$9.6566,1440530168325,"29,673",100% bearish,of 1 rating,$19
CREE,$26.01,1440530168352,"889,177",65% bullish,of 17 ratings,$29.50
CROX,$13.63,1440530168542,"258,407",63% bullish,of 8 ratings,$16.50
CRWS,$7.88,1440530168611,"16,170",Not yet rated,NULL,$10
CRDS,$1.01,1440530168643,"64,534",50% bullish,of 4 ratings,$4.50
CCRN,$13.5,1440530168715,"142,674",100% bearish,of 1 rating,$14.25
CYRXW,$0.9001,1440530168778,500,Not yet rated,NULL,N/A
CSGS,$30.27,1440530168850,"78,517",Not yet rated,NULL,$40
CCLP,$13.72,1440530168998,"116,899",67% bearish,of 3 ratings,$20
CSPI,$5.87,1440530169023,317,67% bullish,of 3 ratings,N/A
CRWN,$4.5,1440530169055,"41,857",75% bullish,of 4 ratings,N/A
CYRX,$2.941,1440530169200,"16,642",Not yet rated,NULL,$9
CTCM,$1.7,1440530169258,"183,969",80% bearish,of 5 ratings,$3.90
CTIC,$1.62,1440530169480,"497,887",84% bullish,of 76 ratings,$5.75
CTIB,$3.55,1440530169557,400,100% bearish,of 1 rating,N/A
CTRP,$65.225,1440530169579,"1,828,049",75% bullish,of 8 ratings,$92
CPIX,$5.85,1440530169613,"5,333",Not yet rated,NULL,N/A
CUI,$5.1,1440530169635,"74,072",50% bullish,of 2 ratings,$10
CUNB,$21.06,1440530169664,"6,329",Not yet rated,NULL,$24.50
CMLS,$1.32,1440530169799,"385,671",50% bullish,of 4 ratings,$6
CRIS,$2.445,1440530169827,"198,062",100% bullish,of 8 ratings,$6
CVBF,$15.61,1440530170088,"255,070",Not yet rated,NULL,$18
CUTR,$14.12,1440530170135,"31,153",67% bearish,of 3 ratings,$18
CVV,$10.904,1440530170234,"7,693",100% bullish,of 5 ratings,N/A
CYAN,$7.19,1440530170412,300,100% bearish,of 1 rating,N/A
CYBX,$65.15,1440530170480,"140,189",50% bullish,of 4 ratings,$71.50
CYBR,$48.2201,1440530170506,"1,100,401",86% bullish,of 7 ratings,$66
CYCC,$0.5401,1440530170538,"30,690",73% bullish,of 11 ratings,N/A
CYBE,$5.825,1440530170569,"5,556",100% bearish,of 1 rating,N/A
CYCCP,NULL,1440530170674,0,100% bearish,of 1 rating,N/A
CBAY,$2.765,1440530170704,"61,231",100% bullish,of 1 rating,$4
CY,$9,1440530170940,"3,542,180",80% bullish,of 10 ratings,$15.50
CYNA,$16.22,1440530171015,"12,851",100% bullish,of 1 rating,$31.50
CYRN,$1.68,1440530171083,"63,219",67% bullish,of 3 ratings,$4
CYNO,$31.61,1440530171108,"97,264",67% bearish,of 3 ratings,$45.50
CYTK,$6.62,1440530171311,"98,458",71% bullish,of 14 ratings,$13.50
CONE,$31.36,1440530171383,"240,714",67% bearish,of 3 ratings,$35
CTSO,$6.356,1440530171564,"49,366",Not yet rated,NULL,$15.625
CYTX,$0.3561,1440530171595,"552,736",83% bullish,of 12 ratings,$5.50
CYTR,$2.06,1440530171696,"585,635",67% bullish,of 6 ratings,$10
TVIZ,$17.52,1440530171759,"10,540",100% bearish,of 1 rating,N/A
TVIX,$11.84,1440530171861,"14,948,628",81% bullish,of 16 ratings,N/A
DAEG,$0.3101,1440530171933,"5,841",100% bearish,of 1 rating,N/A
ZIV,$41.96,1440530172151,"103,083",Not yet rated,NULL,N/A
XIV,$28.6638,1440530172195,"22,289,153",75% bearish,of 4 ratings,N/A
DJCO,NULL,1440530172283,0,Not yet rated,NULL,N/A
DAKT,$9.155,1440530172412,"576,839",50% bullish,of 2 ratings,$14
DARA,$0.8399,1440530172512,"50,527",83% bullish,of 6 ratings,$1.50
DAIO,$2.57,1440530172691,"9,224",Not yet rated,NULL,N/A
DRAM,$1.1501,1440530172871,"38,604",78% bullish,of 9 ratings,N/A
PLAY,$32.85,1440530172941,"121,383",100% bullish,of 5 ratings,$42
DTLK,$5.39,1440530172970,"35,661",100% bearish,of 1 rating,$9
DTEA,$13.19,1440530173006,"57,338",100% bearish,of 2 ratings,$24
DWCH,$4.83,1440530173028,"8,232",75% bullish,of 4 ratings,$8.25
DWSN,$4.33,1440530173099,"14,286",67% bullish,of 3 ratings,$6
DBVT,$37.79,1440530173132,"60,372",100% bearish,of 1 rating,$53
TRAK,$62.79,1440530173158,"504,217",50% bullish,of 2 ratings,$62.50
DHRM,$1.46,1440530173423,"30,008",Not yet rated,NULL,N/A
DFRG,$14.45,1440530173663,"163,233",100% bearish,of 1 rating,$20
TACOW,$3.9,1440530173746,"1,825",100% bullish,of 1 rating,N/A
TACO,$12.58,1440530173773,"160,721",75% bullish,of 4 ratings,$20
DGAS,$20.207,1440530173803,"23,106",67% bearish,of 3 ratings,N/A
DCTH,$0.4383,1440530173832,"58,030",78% bullish,of 9 ratings,N/A
DENN,$11.4,1440530173902,"179,521",100% bullish,of 3 ratings,$15
DELTW,NULL,1440530173934,0,Not yet rated,NULL,N/A
XRAY,$52.18,1440530173998,"250,715",100% bullish,of 1 rating,$58
DELT,$2.59,1440530174288,750,Not yet rated,NULL,N/A
DEPO,$28.12,1440530174431,"509,500",60% bullish,of 5 ratings,$29
DSCI,$6.0099,1440530174512,"27,674",50% bullish,of 2 ratings,$16
DEST,$11.21,1440530174575,"42,409",50% bullish,of 2 ratings,N/A
DERM,$24.48,1440530174614,"70,130",100% bearish,of 1 rating,$33.50
DSWL,$1.75,1440530174761,"1,000",100% bullish,of 1 rating,N/A
DXLG,$4.4,1440530174788,"52,831",100% bearish,of 1 rating,$8
DXM,$0.2999,1440530175823,"92,524",50% bullish,of 2 ratings,N/A
DCIX,$1.64,1440530176088,"31,658",50% bullish,of 4 ratings,$3.50
DHIL,$190.352,1440530176267,600,Not yet rated,NULL,N/A
DXCM,$90.95,1440530176296,"598,911",57% bullish,of 7 ratings,$98
FANG,$61.975,1440530176320,"516,669",50% bullish,of 2 ratings,$86.50
DHXM,NULL,1440530176346,0,Not yet rated,NULL,N/A
DMND,$28.615,1440530176379,"83,434",75% bullish,of 12 ratings,$32
DRNA,$10.24,1440530176680,"42,225",67% bearish,of 3 ratings,$25
DGII,$9.4938,1440530176783,"14,687",100% bearish,of 1 rating,$10
DMRC,$34.88,1440530176868,"77,568",100% bearish,of 1 rating,$44
DGLY,$7.698,1440530176999,"253,630",50% bullish,of 6 ratings,$20
DRAD,$3.67,1440530177025,"19,967",100% bullish,of 1 rating,$5.25
DISCA,$26.17,1440530177185,"2,951,605",67% bullish,of 3 ratings,$34
DIOD,$19.105,1440530177244,"102,611",75% bearish,of 4 ratings,$24
DPRX,$12.735,1440530177329,"12,644",100% bullish,of 2 ratings,$27.75
DSCO,$0.3953,1440530177373,"164,718",83% bullish,of 6 ratings,$2.75
APPS,$2.28,1440530177422,"40,976",100% bearish,of 1 rating,$10.25
DCOM,$16.35,1440530177471,"49,799",100% bearish,of 2 ratings,$16.50
DISCB,$26,1440530177600,200,100% bearish,of 1 rating,$35
DISCK,$24.59,1440530177647,"1,226,359",100% bearish,of 1 rating,$32
BAGR,$2.77,1440530177825,"26,604",100% bearish,of 1 rating,$6
DISH,$59.18,1440530177854,"501,350",69% bullish,of 13 ratings,$73
DVCR,$10.4,1440530177910,"8,400",100% bullish,of 1 rating,N/A
DLHC,$2.3593,1440530178522,"2,130",100% bearish,of 1 rating,N/A
DLTR,$74.95,1440530178655,"860,759",82% bullish,of 11 ratings,$88
DNBF,$26.3,1440530178702,"2,745",Not yet rated,NULL,$27.50
DGICA,$14.11,1440530178917,"5,771",100% bearish,of 1 rating,$17
DGICB,NULL,1440530179009,0,100% bearish,of 1 rating,N/A
DMLP,$13.72,1440530179387,"20,911",100% bearish,of 1 rating,N/A
HILL,$9.67,1440530179438,"1,158,639",60% bearish,of 5 ratings,$9.75
DORM,$49.955,1440530179568,"114,458",100% bearish,of 1 rating,$56
DRWI,$0.23,1440530179601,"281,461",60% bullish,of 5 ratings,$.45
DWA,$19.46,1440530179732,"558,448",63% bullish,of 8 ratings,$26
DRWIW,$0.0474,1440530179792,117,Not yet rated,NULL,N/A
DSKX,$2.82,1440530179818,"178,186",100% bullish,of 1 rating,N/A
DRYS,$0.3535,1440530179867,"3,190,427",77% bullish,of 31 ratings,$.60
DSPG,$8.34,1440530180118,"77,848",100% bearish,of 1 rating,$13.50
CADT,NULL,1440530180146,0,Not yet rated,NULL,N/A
CADTU,NULL,1440530180418,0,Not yet rated,NULL,N/A
CADTR,NULL,1440530180452,0,Not yet rated,NULL,N/A
DTSI,$25.75,1440530180583,"109,922",100% bearish,of 2 ratings,$39.50
CADTW,NULL,1440530180607,0,Not yet rated,NULL,N/A
DNKN,$50.47,1440530180633,"699,401",67% bullish,of 15 ratings,$56.50
DXPE,$27.715,1440530180766,"85,500",50% bullish,of 2 ratings,N/A
DRRX,$1.95,1440530180913,"103,504",50% bullish,of 6 ratings,$3
DYAX,$22.15,1440530180939,"367,791",89% bullish,of 9 ratings,$30
BOOM,$9.35,1440530181140,"36,705",67% bullish,of 3 ratings,$12
EBMT,$11.315,1440530181481,"11,483",Not yet rated,NULL,$13.50
DYSL,$1.5,1440530181520,"22,400",100% bullish,of 2 ratings,N/A
DYNT,$2.9,1440530181585,"6,809",75% bullish,of 4 ratings,N/A
DVAX,$26,1440530181691,"203,120",70% bullish,of 10 ratings,$40
ETFC,$24.96,1440530181716,"1,766,569",57% bullish,of 14 ratings,$33
EGBN,$41.11,1440530181766,"86,849",Not yet rated,NULL,$48
EGLE,$6.04,1440530181896,"11,411",60% bullish,of 5 ratings,N/A
EGRX,$71.46,1440530181921,"259,231",67% bullish,of 3 ratings,$97
ELNK,$8.2,1440530182062,"365,831",60% bullish,of 5 ratings,$9.50
EACQU,$10.2,1440530182199,400,Not yet rated,NULL,N/A
EML,$16.22,1440530182257,"7,036",Not yet rated,NULL,N/A
EROC,$1.18,1440530182296,"264,205",50% bullish,of 2 ratings,$3
EWBC,$38.25,1440530182322,"1,021,170",100% bearish,of 1 rating,$50
EBAY,$25.66,1440530182458,"7,882,727",81% bullish,of 117 ratings,$48
EVBS,$6.52,1440530182675,"7,793",Not yet rated,NULL,$7
ECTE,$1.4,1440530182962,"47,554",75% bullish,of 4 ratings,N/A
ELON,$0.545,1440530183033,"77,553",50% bullish,of 2 ratings,N/A
EBIX,$26.48,1440530183322,"194,599",69% bullish,of 13 ratings,$40
ECHO,$23.47,1440530183683,"235,855",67% bearish,of 3 ratings,$35.50
ECACU,NULL,1440530183709,0,Not yet rated,NULL,N/A
EEI,$11.0012,1440530183912,"8,538",67% bearish,of 3 ratings,N/A
SATS,$42.39,1440530183938,"82,522",50% bullish,of 2 ratings,$60
ESES,$3.2,1440530183983,"27,811",100% bearish,of 1 rating,$7
EDUC,$4.94,1440530184071,"10,269",100% bearish,of 1 rating,N/A
EDAP,$3.2701,1440530184097,"52,756",60% bullish,of 5 ratings,$4.50
EDGW,$6.982,1440530184128,"4,856",100% bearish,of 1 rating,N/A
EGAN,$3.25,1440530184317,"30,400",50% bullish,of 2 ratings,$6.25
EFUT,$4.03,1440530184379,850,Not yet rated,NULL,N/A
EHTH,$13.37,1440530184580,"41,924",50% bullish,of 4 ratings,$16.50
LOCO,$12.55,1440530184663,"951,294",69% bullish,of 13 ratings,$20
EMITF,$1.24,1440530184752,"14,118",75% bullish,of 4 ratings,N/A
EGLT,$11,1440530184809,"50,389",50% bullish,of 2 ratings,$21
ESLT,$77.7,1440530184952,"8,068",67% bullish,of 3 ratings,N/A
ELEC,NULL,1440530185325,0,Not yet rated,NULL,N/A
ERI,$9.16,1440530185355,"28,255",100% bearish,of 1 rating,$10
ELRC,$10.35,1440530185459,"22,444",100% bearish,of 1 rating,N/A
ESIO,$4.385,1440530185485,"51,655",50% bullish,of 2 ratings,$10
ELSE,$3.988,1440530185511,"2,400",60% bullish,of 5 ratings,N/A
EFII,$43.38,1440530185561,"166,751",80% bullish,of 5 ratings,$55
EA,$65.07,1440530185694,"2,389,869",77% bullish,of 35 ratings,$80
ELECU,$9.98,1440530185759,"1,200",Not yet rated,NULL,N/A
ELECW,NULL,1440530185829,0,Not yet rated,NULL,N/A
EBIO,$3.39,1440530186012,"86,299",100% bearish,of 2 ratings,$8.35
RDEN,$9.98,1440530186084,"32,329",100% bearish,of 4 ratings,$15
LONG,$16.16,1440530186153,"178,051",67% bullish,of 3 ratings,$15.75
CAPX,$22.08,1440530186180,600,Not yet rated,NULL,N/A
EMKR,$6.89,1440530186402,"62,752",75% bullish,of 4 ratings,$8.50
ESBK,$19.515,1440530186455,600,Not yet rated,NULL,N/A
EMCF,NULL,1440530186481,0,100% bearish,of 1 rating,N/A
EMCI,$22.25,1440530186513,"9,421",Not yet rated,NULL,N/A
ELTK,$1.08,1440530186658,"1,230",67% bearish,of 3 ratings,N/A
EMMS,$1.13,1440530186803,"28,612",67% bullish,of 6 ratings,N/A
EMMSP,NULL,1440530186832,0,100% bearish,of 1 rating,N/A
NYNY,$3.98,1440530186935,"30,205",50% bullish,of 2 ratings,N/A
ERS,$2.8101,1440530186993,"3,758",Not yet rated,NULL,N/A
EIGI,$15.5,1440530187188,"598,377",67% bearish,of 3 ratings,$22.50
ENTA,$40.2,1440530187214,"75,260",50% bullish,of 2 ratings,$42
ECPG,$38.52,1440530187243,"92,992",100% bullish,of 2 ratings,$52
ELGX,$12.52,1440530187349,"392,821",75% bullish,of 4 ratings,$17
ECYT,$4.85,1440530187487,"171,039",83% bullish,of 6 ratings,$12
ENDP,$75.59,1440530187570,"1,107,216",50% bullish,of 6 ratings,$104
WIRE,$30.71,1440530187631,"75,136",100% bearish,of 1 rating,$37
WATT,$5.91,1440530187764,"231,410",50% bullish,of 2 ratings,$13
ERII,$2.75,1440530187791,"72,908",80% bullish,of 5 ratings,$2.50
EXXI,$1.345,1440530187814,"752,993",86% bullish,of 7 ratings,$3.50
EFOI,$16.84,1440530187844,"448,851",50% bullish,of 2 ratings,$20.50
ENOC,$8.3,1440530188205,"163,928",75% bullish,of 4 ratings,$18
ENPH,$4.371,1440530188237,"596,738",75% bullish,of 4 ratings,$11
ENG,$0.96,1440530188263,"51,703",100% bullish,of 3 ratings,N/A
ENTG,$13.21,1440530188307,"257,630",100% bearish,of 1 rating,$18
ESGR,$147.462,1440530188397,"19,075",100% bearish,of 1 rating,$185
ENFC,$17.99,1440530188442,"4,100",Not yet rated,NULL,N/A
ENTL,$21.12,1440530188495,"13,074",Not yet rated,NULL,$28
ETRM,$0.2596,1440530188533,"2,392,899",69% bearish,of 35 ratings,$1.625
EBTC,$20.91,1440530188691,600,Not yet rated,NULL,N/A
EFSC,$23.79,1440530188793,"29,462",Not yet rated,NULL,$27
ENVI,$1.7884,1440530188966,"9,829",67% bullish,of 3 ratings,N/A
EGT,$1.82,1440530189062,"4,343",100% bullish,of 1 rating,N/A
ENZN,$0.9468,1440530189192,"484,931",100% bullish,of 9 ratings,N/A
EPIQ,$12.74,1440530189524,"24,671",100% bearish,of 1 rating,$18
ENZY,$9.1,1440530189829,"8,770",67% bullish,of 3 ratings,$9.50
EPZM,$17.6579,1440530189974,"208,817",60% bullish,of 5 ratings,$34
EQIX,$259.675,1440530190004,"355,809",75% bullish,of 4 ratings,$312.50
EPRS,$4.79,1440530190078,"36,473",82% bullish,of 11 ratings,$15
EQFN,NULL,1440530190369,0,100% bearish,of 1 rating,N/A
PLUS,$74.45,1440530190440,"61,518",50% bullish,of 2 ratings,$88
ERIC,$9.55,1440530190469,"1,422,842",63% bullish,of 8 ratings,$12.20
ESCA,$16.97,1440530190491,"5,027",100% bearish,of 1 rating,$22
ERIE,$81.69,1440530190522,"32,751",Not yet rated,NULL,$73
EAC,$3.3001,1440530190548,"17,007",100% bearish,of 1 rating,$8
ESMC,NULL,1440530190750,0,Not yet rated,NULL,N/A
ESCR,$0.18,1440530190778,"36,885",50% bullish,of 2 ratings,N/A
ESCRP,$1.45,1440530190952,500,100% bearish,of 1 rating,N/A
EPIX,NULL,1440530190981,0,Not yet rated,NULL,N/A
ESSA,$12.66,1440530191002,"2,750",100% bearish,of 1 rating,N/A
ESPR,$51.89,1440530191023,"473,170",70% bearish,of 10 ratings,$123
ESND,$33.56,1440530191169,"50,868",100% bearish,of 2 ratings,$40
ESSX,$0.4008,1440530191509,"70,131",50% bullish,of 2 ratings,N/A
ETSY,$13.08,1440530191538,"341,326",80% bullish,of 5 ratings,$16
CLWT,$2.5,1440530191579,306,100% bearish,of 1 rating,N/A
EEFT,$63.48,1440530191670,"105,907",100% bearish,of 1 rating,$67.50
EVK,NULL,1440530191723,0,75% bearish,of 4 ratings,N/A
EVEP,$7.12,1440530191753,"208,145",50% bullish,of 2 ratings,$15
ESEA,$5.5501,1440530191782,"1,500",100% bullish,of 1 rating,$15
EVLV,$2,1440530191803,"156,012",60% bullish,of 5 ratings,$6.50
EVOK,$3.7803,1440530192084,"40,966",100% bearish,of 1 rating,$13.375
EVOL,$5.9645,1440530192227,"15,101",75% bullish,of 4 ratings,$10
EXA,$10.74,1440530192281,"3,900",100% bearish,of 1 rating,$13
EXAC,$17.87,1440530192385,"27,204",100% bearish,of 1 rating,$22.50
EXEL,$5.34,1440530192488,"2,784,163",81% bullish,of 16 ratings,$6
EXAS,$20.2254,1440530192513,"654,891",78% bullish,of 9 ratings,$31
EXFO,$2.56,1440530192564,"27,202",67% bearish,of 3 ratings,$3.95
EXLS,$35.165,1440530192591,"83,648",50% bullish,of 2 ratings,$41
EXPE,$112.01,1440530192721,"600,661",64% bullish,of 11 ratings,$130
EXPO,$41.44,1440530192749,"32,237",100% bearish,of 1 rating,$45.50
EXPD,$47.75,1440530192927,"875,519",80% bullish,of 5 ratings,$51.50
ESRX,$83.12,1440530192964,"2,134,942",67% bearish,of 6 ratings,$101
EXLP,$18.13,1440530193139,"134,776",100% bearish,of 1 rating,$25
EYEGW,NULL,1440530193209,0,Not yet rated,NULL,N/A
EYEG,$3.84,1440530193235,"22,450",Not yet rated,NULL,N/A
EXTR,$2.691,1440530193288,"266,793",80% bullish,of 5 ratings,$3
FFIV,$119.91,1440530193632,"428,308",63% bullish,of 8 ratings,$132
FB,$85.54,1440530193663,"24,779,519",73% bullish,of 1066 ratings,$111
EZCH,$21.05,1440530193684,"34,669",75% bullish,of 8 ratings,$19.50
EZPW,$5.76,1440530193717,"205,787",50% bullish,of 4 ratings,$7.50
FRP,$15.45,1440530193743,"44,873",100% bearish,of 1 rating,$18
FCS,$12.855,1440530193770,"303,154",67% bearish,of 3 ratings,$17
FALC,$1.58,1440530193905,"30,279",63% bearish,of 8 ratings,N/A
FWM,$2.38,1440530193981,"241,759",100% bearish,of 2 ratings,$3.20
FARM,$21.555,1440530194086,"17,735",100% bearish,of 1 rating,$35
DAVE,$13.81,1440530194254,"8,307",100% bearish,of 1 rating,$15.50
FFKT,$25.93,1440530194307,"11,283",Not yet rated,NULL,$29
FMNB,$8.0362,1440530194387,"5,825",Not yet rated,NULL,N/A
FARO,$37.45,1440530194683,"97,863",50% bullish,of 2 ratings,$48
FAST,$37.64,1440530194708,"2,831,848",80% bullish,of 5 ratings,$45.50
FBSS,$15.92,1440530194757,"1,615",Not yet rated,NULL,N/A
FBRC,$21.51,1440530194782,"12,238",100% bearish,of 1 rating,$29
FATE,$6.05,1440530194944,"23,997",50% bullish,of 2 ratings,$11
FDML,$8.6,1440530194972,"129,575",50% bullish,of 4 ratings,$14
FEIC,$73.79,1440530194999,"139,077",50% bullish,of 2 ratings,$95.50
FNHC,$21.76,1440530195131,"32,124",100% bearish,of 1 rating,$35
FCSC,$5.52,1440530195371,"136,129",100% bearish,of 1 rating,$8.125
FHCO,$1.35,1440530195445,"41,901",50% bullish,of 4 ratings,N/A
FENX,$9.45,1440530195503,"55,417",100% bullish,of 1 rating,$14.25
ONEQ,$181.41,1440530195546,"44,664",100% bullish,of 1 rating,N/A
FGEN,$22.9,1440530195635,"147,722",100% bearish,of 1 rating,$39
FDUS,$13.7211,1440530195676,"36,570",50% bullish,of 2 ratings,$18
LION,$18.31,1440530195702,"74,445",100% bullish,of 1 rating,$20
FSC,$6.2,1440530196010,"670,346",75% bullish,of 4 ratings,$8
FSAM,$8.56,1440530196078,"4,999",100% bearish,of 1 rating,$11
FSFR,$8.81,1440530196295,"124,866",100% bearish,of 1 rating,$11.50
FSCFL,$24.7999,1440530196321,"2,821",Not yet rated,NULL,N/A
FITB,$18.71,1440530196350,"3,820,630",54% bullish,of 13 ratings,$22
FRGI,$51.32,1440530196377,"79,969",50% bullish,of 2 ratings,$70
FITBI,$27.2288,1440530196452,"18,640",Not yet rated,NULL,N/A
FNGN,$31.78,1440530196848,"164,483",67% bullish,of 3 ratings,$47
FISI,$24.4,1440530197081,"37,085",100% bullish,of 2 ratings,$24.50
FEYE,$37.59,1440530197185,"2,709,531",87% bullish,of 15 ratings,$55.50
FNTCU,$10.42,1440530197217,186,Not yet rated,NULL,N/A
FNJN,$1.6098,1440530197316,"24,903",100% bearish,of 1 rating,$5
FNTC,NULL,1440530197342,0,Not yet rated,NULL,N/A
FNSR,$14.95,1440530197385,"385,436",71% bullish,of 7 ratings,$24.50
FBNC,$16.67,1440530197695,"15,077",100% bullish,of 1 rating,$20
FNLC,$18.07,1440530197725,"6,938",100% bullish,of 1 rating,N/A
BUSE,$6.27,1440530197775,"267,139",Not yet rated,NULL,$6.875
FNTCW,$0.3111,1440530197822,514,Not yet rated,NULL,N/A
FRBA,$6.016,1440530197915,"1,702",Not yet rated,NULL,$8
FBIZ,$43.44,1440530198118,"2,905",100% bearish,of 2 ratings,$52
FCAP,$26.5,1440530198148,937,Not yet rated,NULL,N/A
FCVA,NULL,1440530198250,0,Not yet rated,NULL,N/A
FCFS,$38,1440530198275,"106,229",100% bearish,of 3 ratings,$48
FCNCA,$229.81,1440530198446,"3,021",Not yet rated,NULL,N/A
FCLF,$9.35,1440530198518,234,Not yet rated,NULL,N/A
FCCO,$11.73,1440530198575,100,Not yet rated,NULL,$13.25
FCBC,$17.18,1440530198600,"5,055",Not yet rated,NULL,$18
FCFP,$6.82,1440530198628,"2,300",Not yet rated,NULL,N/A
FDEF,$36.87,1440530198839,"18,373",Not yet rated,NULL,$38
FBNK,$16.5,1440530198865,"7,676",100% bearish,of 1 rating,$17.50
FFNM,$6.3699,1440530199055,500,Not yet rated,NULL,N/A
FFBC,$17.9,1440530199196,"67,923",67% bearish,of 3 ratings,$20.25
FFIN,$29.67,1440530199225,"164,318",50% bullish,of 2 ratings,$31.75
FFBCW,$6.3,1440530199314,100,100% bearish,of 1 rating,N/A
THFF,$32.81,1440530199339,"7,021",Not yet rated,NULL,$35
INBK,$29.96,1440530199574,"10,317",50% bullish,of 2 ratings,$37
FIBK,$25.99,1440530199632,"69,394",Not yet rated,NULL,$32
FFNW,$11.9028,1440530199658,"28,839",Not yet rated,NULL,$14
FMBI,$16.99,1440530199794,"194,872",Not yet rated,NULL,$20
FRME,$25.03,1440530199816,"57,047",Not yet rated,NULL,$26.50
FFWM,$20.77,1440530199850,"3,050",Not yet rated,NULL,$24
FNBC,$33.1,1440530199872,"30,357",Not yet rated,NULL,$41.50
FMBH,$22.003,1440530199903,200,Not yet rated,NULL,N/A
FNFG,$8.71,1440530200125,"1,385,310",80% bullish,of 5 ratings,$9
FNWB,$11.86,1440530200150,"5,396",Not yet rated,NULL,N/A
FSFG,$30.41,1440530200350,"1,800",Not yet rated,NULL,N/A
FSGI,$2.49,1440530200377,"3,286",Not yet rated,NULL,N/A
FSBK,$7.46,1440530200531,"3,944",100% bullish,of 1 rating,N/A
BICK,$18.9801,1440530200693,520,100% bullish,of 1 rating,N/A
FSLR,$45.7,1440530200721,"1,286,178",74% bullish,of 39 ratings,$65
FBZ,$9.81,1440530200742,640,Not yet rated,NULL,N/A
FCA,$19.35,1440530200877,"1,525",Not yet rated,NULL,N/A
FTCS,$35.7,1440530200903,"36,113",100% bearish,of 1 rating,N/A
IFV,$17.53,1440530201035,"777,043",100% bearish,of 1 rating,N/A
FCAN,$23.19,1440530201087,"21,933",Not yet rated,NULL,N/A
FEMB,NULL,1440530201113,0,Not yet rated,NULL,N/A
FV,$22.71,1440530201135,"2,133,563",100% bearish,of 1 rating,N/A
FTSM,$59.8914,1440530201335,"17,529",100% bearish,of 1 rating,N/A
FEUZ,$30.92,1440530201406,208,Not yet rated,NULL,N/A
TDIV,$23.763,1440530201484,"190,257",100% bearish,of 1 rating,N/A
FGM,$35.37,1440530201560,"22,121",Not yet rated,NULL,N/A
FTGC,$21.7948,1440530201585,"180,742",Not yet rated,NULL,N/A
MDIV,$18.8562,1440530201610,"206,355",Not yet rated,NULL,N/A
FTHI,$19.1644,1440530201791,"2,698",Not yet rated,NULL,N/A
HYLS,$49.04,1440530201934,"30,699",100% bearish,of 1 rating,N/A
YDIV,$16.35,1440530202081,"6,693",Not yet rated,NULL,N/A
SKYY,$27.97,1440530202184,"84,337",100% bullish,of 1 rating,N/A
FPXI,$26.82,1440530202234,"1,347",Not yet rated,NULL,N/A
FHK,$32.45,1440530202287,"59,252",Not yet rated,NULL,N/A
FJP,$45.315,1440530202464,"11,106",Not yet rated,NULL,N/A
FTLB,$19.05,1440530202511,"1,432",100% bearish,of 1 rating,N/A
PLTM,$6.2257,1440530202537,"4,424",100% bearish,of 1 rating,N/A
CU,$12.39,1440530202618,"9,150",100% bearish,of 1 rating,N/A
QABA,$36.256,1440530202781,"23,305",100% bearish,of 1 rating,N/A
FMB,$51.1764,1440530202836,"4,849",Not yet rated,NULL,N/A
LMBS,$50.07,1440530202884,"3,018",Not yet rated,NULL,N/A
CIBR,$17.6801,1440530202918,"80,650",Not yet rated,NULL,N/A
FONE,$34.2499,1440530202950,150,Not yet rated,NULL,N/A
QCLN,$14.33,1440530203054,"22,164",Not yet rated,NULL,N/A
GRID,NULL,1440530203285,0,100% bearish,of 1 rating,N/A
QQEW,$40.36,1440530203381,"331,450",Not yet rated,NULL,N/A
QQXT,$39.4216,1440530203407,"31,207",Not yet rated,NULL,N/A
RDVY,$20.5772,1440530203481,"6,610",Not yet rated,NULL,N/A
CARZ,$33.79,1440530203506,"36,663",100% bearish,of 1 rating,N/A
QTEC,$38.52,1440530203651,"69,140",Not yet rated,NULL,N/A
FKO,$22,1440530203830,"1,130",Not yet rated,NULL,N/A
FTSL,$48.58,1440530203922,"90,110",100% bearish,of 1 rating,N/A
AIRR,$15.6501,1440530203990,"6,501",100% bearish,of 1 rating,N/A
FDIV,$47.09,1440530204016,"3,160",100% bearish,of 1 rating,N/A
QINC,$19.96,1440530204100,904,Not yet rated,NULL,N/A
FSZ,$38.995,1440530204151,"45,517",Not yet rated,NULL,N/A
FTW,$29.95,1440530204241,"1,800",Not yet rated,NULL,N/A
TUSA,$24.2499,1440530204338,250,Not yet rated,NULL,N/A
FKU,$41.21,1440530204409,"24,785",Not yet rated,NULL,N/A
SVVC,$9.425,1440530204486,"16,695",50% bullish,of 2 ratings,$26
FMER,$17.23,1440530204538,"1,051,615",50% bullish,of 2 ratings,$20
FUNC,$8.14,1440530204634,"1,800",Not yet rated,NULL,N/A
FSV,$31.31,1440530204788,"9,556",Not yet rated,NULL,$33.60
FPRX,$18.8552,1440530204887,"166,857",50% bullish,of 2 ratings,$35
FISV,$82.12,1440530204942,"666,046",100% bearish,of 3 ratings,$90
FIVN,$4.115,1440530205021,"68,083",100% bullish,of 1 rating,$8.50
FIVE,$35.6,1440530205050,"357,189",75% bearish,of 4 ratings,$44
FLML,$22.05,1440530205152,"193,187",50% bullish,of 2 ratings,$30
FLKS,$12.68,1440530205192,"29,711",50% bullish,of 2 ratings,$27
FLXN,$23.29,1440530205514,"30,361",100% bearish,of 1 rating,$40
FLEX,$10.115,1440530205559,"1,932,257",63% bullish,of 8 ratings,$12
FLIR,$27.66,1440530205592,"518,003",100% bearish,of 1 rating,$38.50
SKOR,NULL,1440530205613,0,Not yet rated,NULL,N/A
FLXS,$31.1,1440530205645,"17,560",100% bearish,of 2 ratings,N/A
MBSD,$24.96,1440530205690,800,Not yet rated,NULL,N/A
FFIC,$19.67,1440530205859,"44,848",Not yet rated,NULL,$21
FLDM,$11.81,1440530205901,"204,610",67% bearish,of 3 ratings,$21.50
FOMX,$9.64,1440530206003,"81,650",50% bullish,of 2 ratings,$23.50
FONR,$9.16,1440530206213,"10,866",100% bullish,of 1 rating,N/A
FOGO,$17.98,1440530206349,"111,803",50% bullish,of 2 ratings,$25.50
FBIO,$2.52,1440530206422,"156,657",83% bullish,of 6 ratings,N/A
FES,$0.92,1440530206674,"9,979",50% bullish,of 2 ratings,$1
FORTY,$31.46,1440530206705,150,100% bearish,of 1 rating,N/A
FWRD,$44.98,1440530206733,"108,319",100% bearish,of 1 rating,$50
FORM,$6.05,1440530206807,"144,823",67% bullish,of 3 ratings,$10.50
FTNT,$41.66,1440530206863,"828,996",80% bullish,of 10 ratings,$52
FORR,$31.93,1440530206889,"13,173",Not yet rated,NULL,N/A
FORD,$1.46,1440530206961,"6,081,838",67% bullish,of 3 ratings,N/A
FMI,$20.77,1440530207201,"115,032",100% bearish,of 2 ratings,$27.50
FWP,$25.5,1440530207288,"38,934",100% bearish,of 1 rating,$45
FOSL,$58.6,1440530207397,"628,497",50% bullish,of 4 ratings,$80
FOXF,$15.34,1440530207480,"50,263",100% bearish,of 1 rating,$19
FRAN,$10.35,1440530207505,"227,950",50% bullish,of 4 ratings,$15
FXCB,$17.08,1440530207533,"6,677",Not yet rated,NULL,$19
FELE,$28.05,1440530207671,"71,598",50% bullish,of 4 ratings,$33
FREE,$0.342,1440530207743,"385,606",92% bullish,of 12 ratings,N/A
FRED,$12.99,1440530207803,"89,463",50% bullish,of 2 ratings,$16.50
FRPT,$12.79,1440530207982,"253,477",67% bearish,of 3 ratings,$23.50
RAIL,$19.095,1440530208034,"70,724",100% bearish,of 1 rating,$24.50
FEIM,$10.58,1440530208195,"4,045",100% bearish,of 1 rating,N/A
FTRPR,$99.62,1440530208224,"121,962",100% bearish,of 1 rating,N/A
FTR,$4.9825,1440530208316,"8,642,110",78% bullish,of 27 ratings,$6.25
FSBW,$23.13,1440530208351,"3,060",Not yet rated,NULL,N/A
FTD,$28.695,1440530208498,"51,527",100% bearish,of 1 rating,$40
FRPH,$28.25,1440530208523,"1,735",100% bearish,of 1 rating,N/A
FTEK,$2.12,1440530208571,"30,147",75% bullish,of 4 ratings,N/A
FSYS,$6.01,1440530208651,"23,118",67% bullish,of 3 ratings,$10
FCEL,$0.7505,1440530208930,"1,367,650",88% bullish,of 40 ratings,$2.65
FULT,$11.82,1440530209005,"501,724",100% bearish,of 1 rating,$13
FLL,$1.489,1440530209041,"3,249",75% bullish,of 4 ratings,$3.50
FULL,$3.0599,1440530209069,"37,196",67% bearish,of 3 ratings,$4.25
FULLL,$25,1440530209135,"5,100",Not yet rated,NULL,N/A
FFHL,NULL,1440530209160,0,50% bullish,of 4 ratings,N/A
FSNN,$2.35,1440530209228,"6,600",67% bullish,of 3 ratings,$6
FXEN,$0.79,1440530209537,"51,459",75% bullish,of 4 ratings,$1.10
GLPG,$64.065,1440530209563,"15,887",100% bullish,of 1 rating,$75
GK,$67.06,1440530209604,"53,402",Not yet rated,NULL,$78
GAIA,$5.83,1440530209633,"13,084",50% bullish,of 2 ratings,$8.50
GALT,$1.86,1440530209770,"62,464",80% bullish,of 5 ratings,N/A
WILC,NULL,1440530209818,0,100% bullish,of 2 ratings,N/A
FXENP,$16.2,1440530209900,800,100% bearish,of 1 rating,N/A
GALTU,NULL,1440530210103,0,100% bearish,of 1 rating,N/A
GLMD,$8.03,1440530210204,"15,540",67% bullish,of 3 ratings,$20.50
GALTW,NULL,1440530210232,0,100% bullish,of 1 rating,N/A
GPIC,$9.81,1440530210298,"1,700",100% bearish,of 1 rating,N/A
GALE,$1.62,1440530210329,"1,276,223",89% bullish,of 47 ratings,$4
GLPI,$31.3656,1440530210355,"262,286",100% bearish,of 1 rating,$37.50
GRMN,$37.51,1440530210768,"704,595",50% bullish,of 6 ratings,$48
GGACU,NULL,1440530210978,0,Not yet rated,NULL,N/A
GGAC,$9.82,1440530211085,"2,200",100% bearish,of 1 rating,N/A
GARS,$14.11,1440530211107,"23,963",Not yet rated,NULL,$16
GENC,$9.2501,1440530211137,"1,900",100% bearish,of 1 rating,N/A
GGACR,NULL,1440530211162,0,100% bullish,of 1 rating,N/A
GGACW,$0.1068,1440530211187,"2,100",Not yet rated,NULL,N/A
GFNCP,$89.01,1440530211547,204,Not yet rated,NULL,N/A
GFN,$3.55,1440530211574,"60,825",100% bearish,of 2 ratings,$8
GNCMA,$16.32,1440530211615,"88,367",100% bearish,of 1 rating,$12
GENE,$2.13,1440530211809,"74,737",100% bullish,of 12 ratings,N/A
GNTX,$15.1,1440530211882,"1,186,353",Not yet rated,NULL,$20
GNMK,$9.0475,1440530211908,"132,573",67% bullish,of 6 ratings,$14
GFNSL,$25.5,1440530212040,"2,450",Not yet rated,NULL,N/A
GNCA,$12.48,1440530212065,"73,145",100% bearish,of 1 rating,$20
GHDX,$24.945,1440530212123,"75,910",50% bullish,of 2 ratings,$30
THRM,$43.16,1440530212318,"107,440",75% bearish,of 4 ratings,$55.50
GNVC,$2.25,1440530212376,"35,179",90% bullish,of 10 ratings,$8.50
GEOS,$14.2111,1440530212403,"92,254",100% bearish,of 3 ratings,$21
GERN,$3.065,1440530212567,"982,448",88% bullish,of 16 ratings,$5.25
GTWN,$18.51,1440530212670,"1,635",Not yet rated,NULL,N/A
GEVO,$2.4301,1440530212696,"825,973",75% bullish,of 12 ratings,$5
ROCK,$16.34,1440530212721,"56,917",80% bullish,of 5 ratings,$24
GABC,$29.1751,1440530212749,"11,239",Not yet rated,NULL,$31.50
GIGM,$0.5711,1440530212906,"71,501",100% bullish,of 2 ratings,N/A
GIGA,$1.4948,1440530213009,"208,288",100% bearish,of 1 rating,N/A
GIII,$64.87,1440530213152,"113,486",67% bullish,of 3 ratings,$75
GILD,$105.88,1440530213280,"7,584,000",91% bullish,of 87 ratings,$129
GILT,$4.28,1440530213418,"14,813",50% bullish,of 2 ratings,N/A
GBCI,$24.62,1440530213445,"179,319",50% bullish,of 2 ratings,$31
GLAD,$8.12,1440530213779,"88,074",50% bullish,of 2 ratings,$8.75
GLADO,$25.21,1440530213805,"2,851",Not yet rated,NULL,N/A
GOOD,$14.25,1440530214020,"97,811",Not yet rated,NULL,$19
GOODN,$25.3001,1440530214050,900,Not yet rated,NULL,N/A
GOODO,$25.2601,1440530214151,500,Not yet rated,NULL,N/A
GOODP,$25.01,1440530214179,700,Not yet rated,NULL,N/A
GAIN,$7.3,1440530214227,"159,796",100% bullish,of 2 ratings,$8.25
GAINN,$25.3026,1440530214368,"71,555",Not yet rated,NULL,N/A
GAINO,$25.11,1440530214501,"2,403",Not yet rated,NULL,N/A
GAINP,$26.1099,1440530214531,"3,164",Not yet rated,NULL,N/A
GLBZ,NULL,1440530214580,0,Not yet rated,NULL,N/A
LAND,$9.2301,1440530214607,"20,130",50% bullish,of 2 ratings,$13.75
GBT,$44.28,1440530214799,"65,774",100% bearish,of 1 rating,N/A
GBLI,$26.53,1440530214955,"7,820",Not yet rated,NULL,N/A
GDEF,NULL,1440530215053,0,Not yet rated,NULL,N/A
ENT,$11.05,1440530215157,"230,792",100% bearish,of 1 rating,$18
GPACU,NULL,1440530215192,0,Not yet rated,NULL,N/A
GSOL,$8.25,1440530215227,"25,049",100% bearish,of 1 rating,N/A
SOCL,$16.9165,1440530215438,"65,485",100% bullish,of 2 ratings,N/A
QQQC,$18.7642,1440530215463,"4,525",100% bearish,of 1 rating,N/A
ACTX,$12.75,1440530215488,2,100% bullish,of 1 rating,N/A
ALTY,NULL,1440530215631,0,Not yet rated,NULL,N/A
GAI,$5.81,1440530215781,"3,445",50% bullish,of 2 ratings,N/A
GSM,$12.285,1440530215812,"133,913",50% bullish,of 2 ratings,$23
SRET,$13.2399,1440530215842,"1,783",Not yet rated,NULL,N/A
YLCO,$11.4316,1440530215913,510,Not yet rated,NULL,N/A
GBIM,$2.1401,1440530215939,"6,484",50% bullish,of 2 ratings,N/A
GLBS,$1.08,1440530216100,54,67% bullish,of 3 ratings,N/A
GLRI,$1.05,1440530216167,"8,654",100% bearish,of 1 rating,$4.25
GLUU,$4.25,1440530216240,"956,761",92% bullish,of 26 ratings,$9
GMLP,$17.57,1440530216372,"208,119",50% bullish,of 4 ratings,$32.50
GLYC,$6.95,1440530216398,"16,469",50% bullish,of 2 ratings,$14
GOGO,$15.16,1440530216422,"789,912",80% bullish,of 5 ratings,$25
GLDC,$4.0999,1440530216646,"1,000",50% bullish,of 2 ratings,N/A
GDEN,$9.03,1440530216690,"6,083",50% bullish,of 2 ratings,N/A
GBDC,$16.4428,1440530216779,"209,758",Not yet rated,NULL,$17.75
GOGL,$2.6201,1440530216809,"211,063",75% bullish,of 4 ratings,$5
GLNG,$33.87,1440530216831,"408,510",83% bullish,of 6 ratings,$58
GTIM,$6.65,1440530216863,"51,545",Not yet rated,NULL,$11.50
GOOG,$605.52,1440530216884,"1,126,233",89% bullish,of 70 ratings,$825
GMAN,$4.35,1440530217251,"27,462",60% bullish,of 5 ratings,$8.50
GPIAU,$9.95,1440530217289,"1,500",Not yet rated,NULL,N/A
GPRO,$47.93,1440530217352,"4,840,255",78% bullish,of 58 ratings,$72
LOPE,$35.99,1440530217378,"104,286",100% bearish,of 2 ratings,$50
GPIA,NULL,1440530217420,0,Not yet rated,NULL,N/A
GPIAW,NULL,1440530217467,0,Not yet rated,NULL,N/A
GOOGL,$636.6,1440530217511,"1,072,431",88% bullish,of 1080 ratings,$749
GRVY,$3.2899,1440530217742,"1,100",50% bullish,of 2 ratings,N/A
GBSN,$0.5303,1440530217890,"3,786,413",100% bearish,of 1 rating,$8.25
GSBC,$38.49,1440530217920,"23,271",100% bullish,of 1 rating,$44
GRBK,$12.225,1440530217945,"120,359",77% bullish,of 13 ratings,N/A
GNBC,$11.205,1440530217979,"33,541",100% bearish,of 1 rating,$17
GLDD,$5.1,1440530218002,"147,466",100% bearish,of 4 ratings,$7.75
GBSNU,NULL,1440530218031,0,NULL,NULL,NULL
GPP,$13.43,1440530218135,"48,075",Not yet rated,NULL,$20.50
GPRE,$18.21,1440530218496,"363,086",67% bullish,of 6 ratings,$28.50
GCBC,NULL,1440530218520,0,100% bullish,of 1 rating,N/A
GLRE,$24.2,1440530218546,"74,245",50% bullish,of 2 ratings,$41
GSIG,$12.33,1440530218748,"82,918",100% bearish,of 2 ratings,N/A
GRIF,NULL,1440530218777,0,100% bearish,of 1 rating,N/A
GRFS,$30.84,1440530218804,"104,376",50% bullish,of 2 ratings,$35
GGAL,$18,1440530218879,"141,712",80% bullish,of 5 ratings,$40
GRPN,$4.105,1440530218952,"3,050,918",61% bullish,of 71 ratings,$6.75
GSVC,$8.59,1440530219223,"34,512",50% bullish,of 2 ratings,$14.50
OMAB,$39.35,1440530219251,"20,209",100% bullish,of 1 rating,$44
GTXI,$0.828,1440530219391,"53,319",100% bullish,of 5 ratings,$.75
GFED,$14.61,1440530219467,700,Not yet rated,NULL,$17
GBNK,$15.3,1440530219498,"18,126",100% bearish,of 1 rating,$18
GSIT,$4.7501,1440530219602,"47,764",100% bearish,of 1 rating,N/A
GUID,$6.92,1440530219659,"56,353",100% bearish,of 3 ratings,$10
GULTU,$0.2801,1440530219828,"31,420",100% bearish,of 1 rating,N/A
GIFI,$11.37,1440530219887,"28,564",100% bearish,of 1 rating,$16
GPOR,$33.33,1440530219960,"712,445",75% bullish,of 4 ratings,$55
GURE,$1.63,1440530219985,"65,666",88% bullish,of 8 ratings,N/A
GWPH,$101.752,1440530220252,"77,102",78% bullish,of 9 ratings,$148.50
GWGH,$7.28,1440530220386,100,100% bearish,of 1 rating,$15.05
GYRO,$2.82,1440530220474,"18,550",100% bearish,of 1 rating,N/A
HEES,$16.125,1440530220574,"156,482",67% bearish,of 3 ratings,$31
HALL,$11.18,1440530220616,"13,665",Not yet rated,NULL,N/A
HNRG,$7.28,1440530220679,"63,478",100% bearish,of 1 rating,$10
HLG,$7.34,1440530220705,"1,700",100% bearish,of 1 rating,N/A
HALO,$17.3299,1440530220761,"689,145",67% bullish,of 3 ratings,$22.50
HBK,$13.51,1440530221015,300,50% bullish,of 2 ratings,N/A
HMPR,$1.85,1440530221209,"13,706",100% bullish,of 1 rating,N/A
HBHCL,$24.2399,1440530221344,"22,058",Not yet rated,NULL,N/A
HBHC,$25.77,1440530221370,"393,822",50% bullish,of 2 ratings,$30
HNH,$25.86,1440530221410,"6,085",100% bullish,of 1 rating,N/A
HAFC,$23.74,1440530221554,"107,241",100% bullish,of 2 ratings,$28.50
HQCL,$12.61,1440530222176,"117,489",67% bullish,of 3 ratings,$14
HNSN,$0.502,1440530222273,"68,718",88% bullish,of 8 ratings,$.40
HRMN,NULL,1440530222763,0,Not yet rated,NULL,N/A
HRMNW,NULL,1440530222788,0,Not yet rated,NULL,N/A
HDNG,$9.6,1440530222814,"6,194",50% bullish,of 4 ratings,N/A
HLIT,$5.5394,1440530222851,"302,886",100% bearish,of 1 rating,$6.50
TINY,$2.48,1440530222995,"43,141",50% bullish,of 2 ratings,$5.26
HRMNU,NULL,1440530223126,0,Not yet rated,NULL,N/A
HART,$0.825,1440530223572,"83,863",100% bearish,of 1 rating,N/A
HBIO,$4.4,1440530224052,"30,586",Not yet rated,NULL,$10
HCAP,$12.11,1440530224119,"1,753",50% bullish,of 2 ratings,$15
HCAPL,$25.4456,1440530224265,"1,600",Not yet rated,NULL,N/A
HAS,$72.65,1440530224496,"1,192,343",63% bullish,of 8 ratings,$84.50
HA,$22.39,1440530224522,"362,732",67% bullish,of 9 ratings,$27
HWKN,$36.43,1440530224818,"6,268",Not yet rated,NULL,N/A
HWBK,$13.14,1440530224876,500,100% bearish,of 1 rating,N/A
HDS,$31.41,1440530224970,"1,333,029",100% bearish,of 2 ratings,$39.50
HCOM,$22.035,1440530224999,"9,148",100% bearish,of 1 rating,$28
HAYN,$35.67,1440530225021,"19,185",100% bearish,of 1 rating,$59
HIIQ,$4.24,1440530225052,"45,836",50% bullish,of 2 ratings,$7
HCSG,$32.94,1440530225202,"125,159",50% bullish,of 4 ratings,$35
HQY,$28.93,1440530225336,"59,310",67% bullish,of 3 ratings,$31
HTLD,$19.88,1440530225385,"235,771",Not yet rated,NULL,$22.50
HSTM,$24.25,1440530225468,"41,065",50% bullish,of 2 ratings,$33.75
HWAY,$11.81,1440530225493,"178,673",100% bearish,of 1 rating,$15
HTWR,$81.78,1440530225708,"156,967",50% bullish,of 2 ratings,$103
HTLF,$35.44,1440530225734,"10,353",100% bullish,of 1 rating,$39.50
HMNY,$2.21,1440530225865,553,100% bearish,of 1 rating,N/A
HTBX,$5.16,1440530225898,"7,486",50% bullish,of 2 ratings,$15.50
HELE,$84.44,1440530225931,"99,499",67% bearish,of 3 ratings,$100
HSII,$20,1440530225961,"68,080",100% bullish,of 3 ratings,$25
HMTV,$13.25,1440530226003,"29,862",100% bearish,of 1 rating,$16
HNNA,$24.5,1440530226033,"4,966",Not yet rated,NULL,N/A
HERO,NULL,1440530226231,0,NULL,NULL,NULL
HCACU,$9.95,1440530226292,"1,506",Not yet rated,NULL,N/A
HSIC,$135.04,1440530226317,"204,628",83% bullish,of 6 ratings,$146
HTBK,$10.61,1440530226643,"18,912",Not yet rated,NULL,$12
MLHR,$26.9875,1440530226784,"168,579",50% bullish,of 2 ratings,$33.50
HEOP,$7.48,1440530226819,"11,217",Not yet rated,NULL,$8.50
HSKA,$32.88,1440530226851,"48,185",100% bearish,of 1 rating,$38
HIBB,$37.59,1440530226917,"149,709",100% bearish,of 1 rating,$48.50
HFWA,$17.24,1440530226948,"44,377",100% bullish,of 1 rating,$20
HRTX,$33.41,1440530226974,"262,482",67% bullish,of 6 ratings,$41
HCCI,$10.55,1440530226996,"3,382",100% bearish,of 1 rating,$16.50
HFFC,$15.9001,1440530227173,"3,089",Not yet rated,NULL,N/A
HPJ,$2.15,1440530227427,"19,388",75% bullish,of 4 ratings,$12.43
HIFS,$114.085,1440530227473,"1,680",Not yet rated,NULL,N/A
HIHO,$3.82,1440530227499,"5,104",Not yet rated,NULL,N/A
HIMX,$6.36,1440530227525,"503,325",86% bullish,of 21 ratings,$8.50
HMNF,$11.13,1440530227737,"14,808",Not yet rated,NULL,N/A
HSGX,$5.87,1440530227772,"3,400",100% bearish,of 1 rating,$17
HOLX,$38.65,1440530227800,"1,193,646",67% bullish,of 3 ratings,$42
HMSY,$9.83,1440530227826,"1,976,904",67% bullish,of 3 ratings,$19.35
HOLI,$17.345,1440530227987,"249,201",50% bullish,of 4 ratings,$27
HBCP,$24.21,1440530228030,450,Not yet rated,NULL,$29
HFBL,$22,1440530228090,400,Not yet rated,NULL,N/A
HOMB,$36.77,1440530228120,"81,119",Not yet rated,NULL,$41
AWAY,$27.76,1440530228227,"784,578",67% bullish,of 3 ratings,$36
HMST,$21.52,1440530228254,"106,180",100% bullish,of 2 ratings,$27
HMIN,$27.12,1440530228302,"133,472",100% bearish,of 2 ratings,$35
HTBI,$17.86,1440530228490,"25,304",67% bullish,of 3 ratings,$18.625
HKTV,$4.4424,1440530228650,"75,599",100% bearish,of 1 rating,N/A
CETC,$0.698,1440530228683,"32,449",86% bullish,of 7 ratings,N/A
HOFT,$23.49,1440530228731,"50,276",100% bearish,of 1 rating,N/A
HZNP,$28.4999,1440530228756,"1,456,443",85% bullish,of 20 ratings,$40
HFBC,$11.01,1440530228786,"5,113",Not yet rated,NULL,N/A
HBNC,$23,1440530228815,"10,973",100% bullish,of 1 rating,$27
HRZN,$10.02,1440530228921,"194,943",100% bearish,of 1 rating,$14.25
HDP,$23.4201,1440530229129,"185,420",67% bearish,of 3 ratings,$30.50
ZINC,$6.9,1440530229234,"385,447",100% bearish,of 1 rating,$17
HOVNP,$4.76,1440530229318,700,100% bearish,of 1 rating,N/A
HMHC,$22.585,1440530229367,"457,732",Not yet rated,NULL,$27
HWCC,$7.31,1440530229400,"37,434",100% bearish,of 1 rating,$9
HBMD,$14.5,1440530229499,200,100% bearish,of 1 rating,N/A
HSNI,$60.87,1440530229526,"236,931",Not yet rated,NULL,$80
HTGM,$5.6,1440530229659,"11,900",100% bearish,of 1 rating,$19.50
HUBG,$37.04,1440530229718,"52,353",100% bearish,of 1 rating,$43
HCBK,$9.12,1440530229850,"1,492,350",83% bullish,of 6 ratings,$8.61
HSON,$2.6,1440530229880,"30,130",100% bearish,of 1 rating,$5
HBAN,$10.45,1440530229902,"4,465,824",76% bullish,of 17 ratings,$12.29
HDSN,$3.0089,1440530229923,"20,818",100% bullish,of 1 rating,$6.25
HBANP,$1358,1440530230087,86,100% bearish,of 1 rating,N/A
HURC,$28.66,1440530230315,"9,923",100% bearish,of 1 rating,N/A
HDRAR,NULL,1440530230459,0,Not yet rated,NULL,N/A
HURN,$72.93,1440530230489,"109,588",50% bullish,of 2 ratings,$80
HTCH,$1.4,1440530230524,"120,510",100% bearish,of 1 rating,$3.50
HBP,$3.12,1440530230545,"15,262",100% bullish,of 1 rating,N/A
HDRA,$9.65,1440530230624,"3,600",Not yet rated,NULL,N/A
HYGS,$7.5899,1440530230650,"17,996",50% bullish,of 2 ratings,$13
HDRAW,$0.2639,1440530230732,"10,316",Not yet rated,NULL,N/A
HDRAU,NULL,1440530230794,0,Not yet rated,NULL,N/A
IACI,$68.665,1440530230879,"495,957",75% bullish,of 4 ratings,$90
IDSY,$3.8499,1440530230926,"7,646",100% bearish,of 1 rating,$7
IKGH,$1.59,1440530231009,"26,136",75% bullish,of 4 ratings,N/A
IBKC,$57.83,1440530231035,"93,441",100% bullish,of 1 rating,$70
IEP,$69.455,1440530231094,"127,729",75% bullish,of 4 ratings,$99
ICAD,$3.365,1440530231239,"48,862",50% bullish,of 2 ratings,$7.25
ICFI,$33.99,1440530231456,"23,969",50% bullish,of 2 ratings,$48.50
ICUI,$111.31,1440530231588,"54,159",Not yet rated,NULL,$122
ICLR,$77.0625,1440530231613,"300,759",100% bearish,of 3 ratings,$85
ICON,$12.5,1440530231643,"474,976",50% bullish,of 2 ratings,$18.50
INVE,$4.33,1440530231664,"41,927",75% bullish,of 4 ratings,$4
IPWR,$7.09,1440530231686,"12,343",100% bullish,of 1 rating,$15
DSKY,$10.91,1440530231819,"617,751",67% bullish,of 6 ratings,$11.50
IDXX,$71.01,1440530231887,"384,775",100% bearish,of 1 rating,$77
IDRA,$2.65,1440530232761,"711,301",89% bullish,of 9 ratings,$6.50
IRG,$4.66,1440530233125,"7,204",100% bearish,of 1 rating,$4.50
IROQ,$16.72,1440530233172,"2,370",100% bullish,of 1 rating,N/A
RXDX,$12.41,1440530233256,"113,322",100% bullish,of 1 rating,$20
IKNX,$12.0352,1440530233482,250,100% bearish,of 1 rating,N/A
IKAN,$2.7201,1440530233510,"114,414",83% bullish,of 6 ratings,$5
IIVI,$16.87,1440530233532,"53,684",100% bearish,of 1 rating,$22
KANG,$14.885,1440530233560,"489,532",50% bullish,of 2 ratings,$22.55
IMMR,$11.4,1440530233727,"86,753",80% bullish,of 5 ratings,$15.50
ISNS,$4,1440530233784,"29,545",50% bullish,of 2 ratings,N/A
IMDZ,$14.2,1440530233813,"34,115",100% bearish,of 1 rating,$33
ILMN,$194.48,1440530233834,"524,274",80% bullish,of 5 ratings,$240
IMNP,$1.175,1440530234004,"110,601",50% bullish,of 2 ratings,$6
ICCC,$7.85,1440530234034,"4,270",100% bullish,of 1 rating,N/A
IMMU,$1.89,1440530234064,"384,240",86% bullish,of 7 ratings,$2
IMGN,$13.41,1440530234141,"555,402",75% bullish,of 4 ratings,$17.50
IPXL,$41.59,1440530234382,"286,278",67% bullish,of 3 ratings,$46.50
INCR,$41.43,1440530234684,"397,238",50% bullish,of 2 ratings,$53
IMMY,$7.31,1440530234713,"41,913",100% bearish,of 1 rating,$11
INCY,$102.735,1440530234735,"507,754",50% bullish,of 6 ratings,$125.50
IBCP,$14.015,1440530234765,"45,834",100% bullish,of 1 rating,$14.50
SAAS,$7.115,1440530234790,"293,733",50% bullish,of 2 ratings,$15
IBTX,$38.905,1440530234820,"57,968",100% bullish,of 2 ratings,$47.25
INDB,$43.5801,1440530234916,"53,507",Not yet rated,NULL,$44
IDSA,$3.4986,1440530235151,"2,700",Not yet rated,NULL,N/A
INFI,$8.73,1440530235245,"243,120",50% bullish,of 4 ratings,$18
III,$4.01,1440530235388,"60,568",57% bullish,of 7 ratings,$6
IFON,$1.21,1440530235414,"49,462",75% bullish,of 4 ratings,N/A
IPCC,$78.32,1440530235436,"13,877",Not yet rated,NULL,$77.50
IMKTA,$50.18,1440530235582,"58,533",100% bearish,of 1 rating,N/A
INFN,$20.855,1440530235620,"963,659",71% bullish,of 7 ratings,$28
INWK,$6.85,1440530235657,"58,271",50% bullish,of 2 ratings,$10
INNL,$12.89,1440530235823,"3,250",100% bearish,of 1 rating,$16.50
IPHS,$45.71,1440530235933,"54,313",100% bearish,of 1 rating,$60
INOD,$2.3812,1440530235965,"14,189",100% bearish,of 1 rating,N/A
ISSC,$2.71,1440530236037,"3,400",67% bearish,of 3 ratings,N/A
IOSP,$46.8477,1440530236062,"109,728",100% bearish,of 1 rating,N/A
INGN,$46.84,1440530236091,"98,685",100% bearish,of 1 rating,$50.50
ITEK,$12.4,1440530236130,"428,646",100% bearish,of 3 ratings,$20
INO,$6.73,1440530236517,"708,706",89% bullish,of 18 ratings,$20
NSIT,$24.91,1440530236546,"58,882",50% bullish,of 2 ratings,N/A
INOV,$21.125,1440530236575,"344,579",100% bearish,of 1 rating,$33
IIIN,$16.73,1440530236646,"16,279",100% bearish,of 2 ratings,N/A
ISIG,$2.6,1440530236707,"3,052",100% bearish,of 1 rating,N/A
PODD,$28.45,1440530236742,"255,520",67% bearish,of 3 ratings,$35
INSM,$23.51,1440530236774,"268,119",71% bullish,of 7 ratings,$31.50
INSY,$32.9499,1440530236799,"548,873",75% bullish,of 4 ratings,$48
NTEC,$5.89,1440530237168,"2,303",100% bearish,of 1 rating,N/A
IART,$59.515,1440530237268,"106,390",100% bearish,of 1 rating,$71.50
IDTI,$17.21,1440530237338,"893,229",60% bullish,of 5 ratings,$25
INTC,$26.4262,1440530237369,"19,048,926",82% bullish,of 238 ratings,$36
IESC,$7.39,1440530237412,"1,900",100% bearish,of 1 rating,N/A
ISSI,$22.03,1440530237467,"61,277",67% bullish,of 3 ratings,$19.75
IQNT,$17.81,1440530237495,"128,420",86% bullish,of 7 ratings,$20
IPCI,$2.07,1440530237656,"50,461",67% bullish,of 6 ratings,$8
IPAR,$24.99,1440530237817,"53,901",67% bullish,of 3 ratings,$38
IBKR,$37.6,1440530237886,"493,537",100% bullish,of 1 rating,N/A
ININ,$35.44,1440530237916,"33,686",67% bearish,of 3 ratings,$57
ICPT,$179.51,1440530237942,"154,322",70% bullish,of 10 ratings,$359.50
ICLD,$1.7688,1440530237967,"88,136",75% bullish,of 4 ratings,N/A
ICLDW,NULL,1440530238156,0,100% bearish,of 1 rating,N/A
IDCC,$48.2,1440530238323,"262,545",80% bullish,of 5 ratings,$63
TILE,$23.8,1440530238387,"366,449",67% bearish,of 3 ratings,$27
IMI,$2.05,1440530238464,"24,888",67% bullish,of 3 ratings,$2.22
INAP,$7.685,1440530238534,"131,001",75% bullish,of 4 ratings,$11
IBOC,$24.6,1440530238740,"95,011",100% bearish,of 1 rating,N/A
IGLD,$6.5611,1440530238770,"7,515",50% bullish,of 2 ratings,N/A
ISCA,$30.93,1440530238798,"52,934",100% bearish,of 1 rating,N/A
PTNT,NULL,1440530238824,0,Not yet rated,NULL,N/A
INPH,$0.3,1440530238869,"8,357",50% bullish,of 2 ratings,N/A
IIJI,$8.9599,1440530238955,"1,400",50% bullish,of 2 ratings,$11.50
INTX,$2.16,1440530239137,"4,537",67% bullish,of 3 ratings,N/A
ISIL,$10.015,1440530239162,"302,823",50% bullish,of 6 ratings,$15
IVAC,$4.755,1440530239317,"14,300",100% bearish,of 1 rating,$6.625
XENT,$26.17,1440530239344,"207,426",50% bullish,of 2 ratings,$36.50
IILG,$19.4425,1440530239365,"48,293",100% bearish,of 1 rating,$29
INTL,$25.84,1440530239496,"74,529",67% bearish,of 3 ratings,N/A
INTLL,$25.5101,1440530239590,"3,400",Not yet rated,NULL,N/A
IIN,$6.02,1440530239761,"2,424",100% bearish,of 1 rating,$12
ITCI,$26.09,1440530239791,"385,213",75% bearish,of 4 ratings,$40
ISRG,$505.15,1440530239824,"148,382",67% bullish,of 3 ratings,$600
INTU,$83.38,1440530239860,"1,407,613",86% bullish,of 7 ratings,$107.50
SNAK,$8.105,1440530239924,"98,162",50% bullish,of 2 ratings,$14
INVT,$0.272,1440530239951,"29,679",67% bullish,of 3 ratings,N/A
ISBC,$11.44,1440530240108,"1,450,256",100% bullish,of 1 rating,$13.25
ISTR,$15.7966,1440530240134,"5,685",100% bearish,of 1 rating,$18.50
NVIV,$10.0899,1440530240311,"185,524",50% bullish,of 4 ratings,$24.50
ITIC,$71.5,1440530240340,100,100% bearish,of 2 ratings,N/A
IVTY,$12.44,1440530240443,"8,068",Not yet rated,NULL,$18
DTUL,NULL,1440530240470,0,Not yet rated,NULL,N/A
DFVL,NULL,1440530240599,0,Not yet rated,NULL,N/A
IPAS,$1.05,1440530240627,"12,800",67% bullish,of 3 ratings,N/A
IPGP,$82.395,1440530240655,"145,713",100% bearish,of 2 ratings,$109.50
IPCM,$79.05,1440530240681,"418,869",50% bullish,of 2 ratings,$80.125
IRIX,$6.88,1440530240815,"4,100",100% bearish,of 1 rating,N/A
IRMD,$24.85,1440530240846,"16,751",67% bearish,of 3 ratings,$25
IRDMB,$274.21,1440530240872,"1,134",67% bearish,of 3 ratings,N/A
IRDM,$6.7465,1440530240917,"452,813",60% bullish,of 5 ratings,$11.50
IRBT,$28.2175,1440530241093,"154,771",67% bullish,of 6 ratings,$37
IRWD,$10.83,1440530241120,"729,077",100% bearish,of 1 rating,$13
GNMA,$50.1,1440530241390,"2,073",Not yet rated,NULL,N/A
COMT,$31.36,1440530241417,"11,232",100% bearish,of 1 rating,N/A
IRCP,$26,1440530241438,300,100% bullish,of 2 ratings,N/A
IFAS,NULL,1440530241475,0,NULL,NULL,NULL
IFEU,$38.01,1440530241568,"10,874",Not yet rated,NULL,N/A
FCHI,NULL,1440530241594,0,NULL,NULL,NULL
IFGL,$28.29,1440530241615,"75,710",Not yet rated,NULL,N/A
IFNA,NULL,1440530241748,0,NULL,NULL,NULL
ACWI,$54.48,1440530241773,"2,821,870",Not yet rated,NULL,N/A
AXJS,NULL,1440530241801,0,NULL,NULL,NULL
AAXJ,$51.75,1440530241929,"1,306,681",Not yet rated,NULL,N/A
AAIT,NULL,1440530241964,0,NULL,NULL,NULL
ACWX,$39.927,1440530242027,"488,972",100% bearish,of 1 rating,N/A
EEMA,$48.68,1440530242138,"18,387",Not yet rated,NULL,N/A
EEME,NULL,1440530242204,0,NULL,NULL,NULL
EMDI,NULL,1440530242228,0,NULL,NULL,NULL
EMEY,NULL,1440530242251,0,NULL,NULL,NULL
EGRW,NULL,1440530242441,0,NULL,NULL,NULL
EVAL,NULL,1440530242510,0,NULL,NULL,NULL
EEML,$26.92,1440530242585,"2,205",Not yet rated,NULL,N/A
EUFN,$21.7686,1440530242613,"105,096",100% bearish,of 1 rating,N/A
QAT,NULL,1440530242685,0,Not yet rated,NULL,N/A
IEUS,$45.1715,1440530242712,"2,778",100% bearish,of 1 rating,N/A
IBB,$334.25,1440530242738,"984,038",63% bullish,of 8 ratings,N/A
SOXX,$77.63,1440530242870,"319,716",50% bullish,of 2 ratings,N/A
UAE,$17.43,1440530243000,"37,779",Not yet rated,NULL,N/A
EMIF,$27.5848,1440530243048,"99,968",Not yet rated,NULL,N/A
WOOD,$47.17,1440530243180,"125,773",50% bullish,of 2 ratings,N/A
INDY,$27.13,1440530243314,"234,038",50% bullish,of 2 ratings,N/A
ISHG,$80.54,1440530243335,"11,049",100% bearish,of 1 rating,N/A
ICLN,$9.23,1440530243367,"18,913",50% bullish,of 2 ratings,N/A
IGOV,$92.09,1440530243415,"31,166",100% bearish,of 1 rating,N/A
ISIS,$47,1440530243500,"1,003,287",53% bullish,of 15 ratings,$67
ISLE,$16.51,1440530243529,"188,833",50% bullish,of 4 ratings,$16
ISRL,$125,1440530243559,200,100% bearish,of 1 rating,N/A
ITRI,$30.26,1440530243658,"99,319",Not yet rated,NULL,$37
ITUS,$3.98,1440530243744,"2,601",Not yet rated,NULL,N/A
ITRN,$24.081,1440530243773,"1,489",50% bullish,of 2 ratings,N/A
IXYS,$10.38,1440530243901,"85,986",50% bullish,of 4 ratings,N/A
XXIA,$14.95,1440530243955,"166,195",71% bullish,of 7 ratings,$14.625
JJSF,$111.55,1440530243982,"21,526",100% bearish,of 1 rating,N/A
JBHT,$73.64,1440530244123,"602,466",50% bullish,of 4 ratings,$89.50
JASO,$7.42,1440530244194,"798,374",82% bullish,of 17 ratings,$10
MAYS,NULL,1440530244222,0,Not yet rated,NULL,N/A
JCOM,$66.99,1440530244326,"121,861",100% bullish,of 2 ratings,$77
JKHY,$67.05,1440530244390,"155,472",50% bullish,of 2 ratings,$72
JACK,$79.9,1440530244457,"258,624",83% bullish,of 6 ratings,$105
JXSB,$24.19,1440530244547,436,Not yet rated,NULL,N/A
JAXB,$13.33,1440530244592,100,100% bullish,of 1 rating,N/A
JAKK,$9.335,1440530244623,"171,848",60% bearish,of 5 ratings,$11
JAGX,$2.8601,1440530244696,"1,056",Not yet rated,NULL,N/A
JMBA,$13.08,1440530244833,"48,880",75% bullish,of 4 ratings,$18
JRVR,$26.32,1440530244865,"22,233",Not yet rated,NULL,$32
ERW,NULL,1440530244959,0,Not yet rated,NULL,N/A
JASN,$4.75,1440530245062,"12,500",50% bullish,of 2 ratings,$9.50
JAZZ,$164.56,1440530245104,"188,015",80% bullish,of 15 ratings,$206.50
JD,$25.731,1440530245158,"5,858,342",75% bullish,of 16 ratings,$36
JASNW,NULL,1440530245179,0,50% bullish,of 2 ratings,N/A
JBLU,$21.89,1440530245235,"4,700,554",94% bullish,of 18 ratings,$27
JTPY,$2.888,1440530245406,"1,456",100% bearish,of 1 rating,N/A
JCTCF,NULL,1440530245438,0,100% bullish,of 1 rating,N/A
DATE,$5.74,1440530245542,"291,289",75% bullish,of 4 ratings,$9
JST,$3.88,1440530245577,"14,649",75% bullish,of 4 ratings,N/A
JIVE,$4.163,1440530245603,"237,307",75% bullish,of 4 ratings,$5
WYIGU,$10,1440530245628,"2,500",Not yet rated,NULL,N/A
JOEZ,$0.1713,1440530245807,"166,935",92% bullish,of 12 ratings,N/A
JBSS,$50.985,1440530245940,"20,543",67% bearish,of 3 ratings,N/A
JOUT,$22.805,1440530245965,"14,443",100% bearish,of 1 rating,$34
JNP,$9.57,1440530246113,"8,470",100% bullish,of 3 ratings,$15
KALU,$79,1440530246180,"64,607",67% bearish,of 3 ratings,$91
KTWO,$21.25,1440530246210,"90,160",100% bearish,of 1 rating,$28.50
