Symbol,Price,Date,Volume,Rating,RatingVoteCount,OneYearEstimate
TFSCW,$0.22,1439914202354,4,100% bearish,of 1 rating,N/A
TFSCR,NULL,1439914202431,0,Not yet rated,NULL,N/A
TFSC,NULL,1439914202458,0,100% bearish,of 1 rating,N/A
FLWS,$9.7,1439914202484,"38,377",100% bullish,of 5 ratings,$15
FCTY,$7.45,1439914202513,300,100% bullish,of 1 rating,$8.50
FCCY,$11.6933,1439914202535,200,100% bullish,of 1 rating,$13
TFSCU,NULL,1439914202556,0,Not yet rated,NULL,N/A
PIH,$7.71,1439914202578,"1,900",100% bearish,of 1 rating,N/A
SRCE,$31.33,1439914202749,"4,785",100% bullish,of 3 ratings,$33
TWOU,$35.5,1439914202832,"179,439",50% bullish,of 2 ratings,$39
JOBS,$28.22,1439914202858,"30,063",50% bullish,of 4 ratings,$36
USLV,$13.3983,1439914202899,"356,776",86% bullish,of 7 ratings,N/A
DSLV,$67.8459,1439914202920,"32,932",100% bearish,of 1 rating,N/A
VNET,$21.145,1439914202942,"95,173",60% bullish,of 5 ratings,$29.50
DGLD,$85.9767,1439914202986,"2,252",100% bullish,of 1 rating,N/A
UGLD,$8.88,1439914203012,"113,041",100% bearish,of 1 rating,N/A
SIXD,$2.5499,1439914203279,"39,844",Not yet rated,NULL,N/A
EGHT,$8.6,1439914203454,"69,113",82% bullish,of 17 ratings,$11
SHLM,$35.92,1439914203485,"52,523",100% bearish,of 1 rating,$50
CAFD,$15.34,1439914203515,"94,863",Not yet rated,NULL,$25
AVHI,$14.08,1439914203546,"5,700",100% bearish,of 1 rating,$19
ABY,$21.79,1439914203573,"100,975",100% bearish,of 2 ratings,$46
ABAX,$48.065,1439914203599,"35,519",100% bearish,of 1 rating,$60
AAON,$22.94,1439914203627,"23,944",100% bearish,of 1 rating,$24
ABEO,$5.46,1439914203655,"70,950",67% bullish,of 3 ratings,$15.50
ABGB,$4.62,1439914203830,"40,616",67% bullish,of 3 ratings,$5.50
ACTG,$8.605,1439914203958,"63,639",67% bullish,of 3 ratings,$18.50
ABEOW,$2.13,1439914203989,102,100% bullish,of 1 rating,N/A
ABMD,$105.9,1439914204011,"137,908",75% bullish,of 4 ratings,$86
ACHC,$82.0561,1439914204040,"82,845",50% bullish,of 2 ratings,$92
AXAS,$1.75,1439914204070,"203,673",78% bullish,of 9 ratings,$3.50
ACAD,$39.075,1439914204202,"192,028",85% bullish,of 20 ratings,$48
ACST,$0.38,1439914204370,985,100% bullish,of 2 ratings,N/A
AXDX,$19.27,1439914204416,"35,209",100% bearish,of 1 rating,N/A
XLRN,$30.6499,1439914204447,"66,441",50% bullish,of 2 ratings,$57
ANCX,$19.21,1439914204550,"5,708",Not yet rated,NULL,$19
ARAY,$6.115,1439914204578,"282,202",100% bearish,of 1 rating,$10.50
VXDN,$14.86,1439914204711,615,Not yet rated,NULL,N/A
ACET,$25.35,1439914204732,"11,666",75% bullish,of 4 ratings,$30
AKAO,$7.05,1439914204773,"23,210",75% bullish,of 4 ratings,$15
VXUP,$16.89,1439914204794,374,Not yet rated,NULL,N/A
ACRX,$4.44,1439914204868,"37,816",67% bearish,of 6 ratings,$5.50
ACHN,$8.72,1439914204898,"1,139,363",90% bullish,of 21 ratings,$16
ACIW,$23.01,1439914204937,"50,567",50% bullish,of 2 ratings,$24
ACNB,$20.2935,1439914205129,300,Not yet rated,NULL,N/A
ACTS,NULL,1439914205210,0,100% bearish,of 1 rating,N/A
ACOR,$31.94,1439914205243,"33,526",67% bearish,of 3 ratings,$38.50
ACPW,$1.9,1439914205343,"4,900",100% bullish,of 4 ratings,$3.50
ATVI,$29.15,1439914205370,"1,218,656",68% bullish,of 84 ratings,$31.50
ACUR,$0.6201,1439914205396,"3,900",100% bullish,of 5 ratings,$1
ACTA,$13.7,1439914205426,"19,607",67% bearish,of 3 ratings,$25
ADMS,$21.66,1439914205528,"13,975",100% bearish,of 2 ratings,$36
ACXM,$21.09,1439914205569,"76,591",67% bullish,of 3 ratings,N/A
ADMP,$3.9799,1439914205609,"14,297",50% bullish,of 2 ratings,$10
ADEP,$7.31,1439914205830,"6,282",50% bullish,of 2 ratings,$10.75
AEY,$2.32,1439914205873,"2,198",100% bearish,of 2 ratings,N/A
ADUS,$29.79,1439914205898,"35,070",100% bearish,of 1 rating,$31
ADAP,$15.45,1439914205961,"38,686",67% bullish,of 3 ratings,$22
ADMA,$9.585,1439914206055,"5,338",Not yet rated,NULL,$19
ADBE,$86.48,1439914206077,"234,878",65% bullish,of 17 ratings,$90
ADTN,$16.2,1439914206160,"62,380",67% bullish,of 3 ratings,$17.125
AMD,$1.795,1439914206266,"2,706,005",83% bullish,of 102 ratings,$2
ADRO,$21.69,1439914206403,"72,784",80% bullish,of 5 ratings,$45.50
AEIS,$26.52,1439914206434,"33,556",50% bullish,of 2 ratings,$32.50
ADXSW,$12.04,1439914206532,"1,800",100% bullish,of 1 rating,N/A
ADXS,$16.5,1439914206564,"138,284",64% bullish,of 14 ratings,$27
MULT,NULL,1439914206628,0,100% bearish,of 1 rating,N/A
YPRO,NULL,1439914206653,0,100% bearish,of 1 rating,N/A
AEGR,$18.71,1439914206833,"159,411",50% bullish,of 6 ratings,$26
AEGN,$18.36,1439914206868,"15,125",100% bearish,of 1 rating,$21
AMTX,$3.36,1439914207088,"2,335",50% bullish,of 2 ratings,$26.11
AEPI,$57.74,1439914207115,"5,078",100% bearish,of 1 rating,N/A
AERI,$16.13,1439914207136,"102,041",75% bullish,of 4 ratings,$31.50
AEHR,$2.2,1439914207165,6,50% bullish,of 2 ratings,N/A
AVAV,$25.89,1439914207328,"41,838",50% bullish,of 4 ratings,$31
AEMD,$6.81,1439914207368,"10,423",Not yet rated,NULL,$27.50
AFMD,$11.73,1439914207399,"49,367",50% bullish,of 4 ratings,$15
AEZS,$0.1241,1439914207420,"5,967,147",90% bullish,of 21 ratings,$1.625
AFFX,$9.96,1439914207556,"162,066",80% bullish,of 5 ratings,$12
AGYS,$9.48,1439914207588,"6,870",100% bearish,of 1 rating,N/A
AGRX,$8.83,1439914207612,"2,825",100% bearish,of 1 rating,$18
AGEN,$7.64,1439914207633,"183,538",85% bullish,of 13 ratings,$14
AGFS,$10.665,1439914207890,"28,620",100% bearish,of 1 rating,N/A
AGIO,$96.6,1439914207916,"72,249",88% bullish,of 8 ratings,$114
AGFSW,$2.3,1439914207956,"36,531",100% bearish,of 1 rating,N/A
AIRM,$40.11,1439914208055,"48,225",80% bearish,of 5 ratings,$53
AIMT,$24.23,1439914208085,"47,664",Not yet rated,NULL,N/A
AIRT,$22,1439914208190,518,100% bullish,of 1 rating,N/A
ATSG,$9.6525,1439914208302,"11,958",67% bullish,of 3 ratings,$13
AKAM,$73.85,1439914208333,"254,403",63% bullish,of 8 ratings,$77
AMCN,$5.08,1439914208359,"174,629",83% bullish,of 6 ratings,N/A
AKBA,$7.06,1439914208437,"45,569",100% bearish,of 1 rating,$18
AIXG,$5.963,1439914208507,922,67% bearish,of 3 ratings,$6
ALRM,$17.28,1439914208570,"26,117",100% bearish,of 1 rating,$22
AKRX,$44.03,1439914208598,"109,116",78% bullish,of 9 ratings,$56
AKER,$3.1001,1439914208619,"71,229",Not yet rated,NULL,N/A
ALSK,$2.11,1439914208862,"23,792",78% bullish,of 18 ratings,$2
AMRI,$20.58,1439914208888,"37,997",75% bearish,of 4 ratings,$24
ALDX,$8.4,1439914209086,"10,810",100% bearish,of 1 rating,$14.50
ABDC,$13,1439914209115,"7,455",Not yet rated,NULL,$15
ADHD,$9.08,1439914209137,"77,708",50% bullish,of 4 ratings,$18
ALXN,$188.91,1439914209173,"207,814",88% bullish,of 8 ratings,$223
ALDR,$38.4,1439914209195,"96,618",67% bearish,of 3 ratings,$62
ALXA,$1.18,1439914209272,"5,553",83% bullish,of 6 ratings,$2.125
ALGN,$60.66,1439914209363,"98,461",100% bearish,of 2 ratings,$73
ALCO,$42.69,1439914209406,"1,506",50% bullish,of 2 ratings,N/A
ALIM,$3.87,1439914209507,"19,995",80% bullish,of 5 ratings,$10
ALLB,NULL,1439914209532,0,Not yet rated,NULL,N/A
ALGT,$233.05,1439914209711,"54,628",100% bearish,of 1 rating,$235
AFOP,$18.9,1439914209743,"10,882",75% bullish,of 8 ratings,$21
ALKS,$68.93,1439914209769,"112,477",67% bullish,of 3 ratings,$75
AIQ,$15,1439914209843,"1,302",67% bullish,of 3 ratings,N/A
AHGP,$36.01,1439914210041,"4,197",67% bullish,of 3 ratings,N/A
ARLP,$24.48,1439914210164,"21,515",67% bearish,of 3 ratings,$32
ALQA,$4.64,1439914210400,"3,735",75% bullish,of 4 ratings,$8.50
MDRX,$14.24,1439914210452,"410,805",60% bullish,of 5 ratings,$16
AMOT,$17,1439914210477,"18,250",100% bearish,of 1 rating,N/A
SMCP,NULL,1439914210502,0,Not yet rated,NULL,N/A
AHPI,$1.45,1439914210534,300,50% bullish,of 2 ratings,N/A
AFAM,$49.75,1439914210636,"19,937",50% bullish,of 2 ratings,$44
ALLT,$5.02,1439914210664,"49,534",75% bullish,of 4 ratings,$6.25
ALNY,$112.24,1439914210690,"170,657",67% bullish,of 3 ratings,$148.50
ATEC,$0.64,1439914210826,"36,130",100% bullish,of 1 rating,$2
AOSL,$7.29,1439914210897,"13,872",67% bullish,of 3 ratings,$9
ALTR,$49.23,1439914210954,"375,532",80% bearish,of 5 ratings,$54
ASPS,$29.74,1439914211055,"31,621",67% bullish,of 3 ratings,$46.50
AIMC,$26.41,1439914211115,"12,304",100% bearish,of 1 rating,$28.50
AMAG,$65.46,1439914211186,"84,199",100% bullish,of 2 ratings,$75
AMRN,$2.27,1439914211212,"237,228",85% bullish,of 39 ratings,$8
AMZN,$537.1001,1439914211412,"467,794",81% bullish,of 262 ratings,$646
AMRK,$10.42,1439914211468,"6,100",50% bullish,of 2 ratings,$14
AMBC,$16.29,1439914211503,"55,151",100% bearish,of 1 rating,$16.50
AYA,$22.85,1439914211566,"12,800",100% bearish,of 1 rating,$40
AMBA,$107.45,1439914211596,"384,415",83% bullish,of 12 ratings,$102.50
AMBCW,NULL,1439914211639,0,100% bearish,of 1 rating,N/A
EPAX,$2.6599,1439914211668,"329,548",100% bearish,of 1 rating,N/A
AMCX,$73.81,1439914211695,"184,147",67% bullish,of 3 ratings,$85.50
DOX,$60.405,1439914211919,"119,137",100% bullish,of 2 ratings,$60
AMDA,$0.4958,1439914211946,"301,160",90% bullish,of 10 ratings,$1
AMED,$45.97,1439914212110,"48,674",100% bearish,of 1 rating,$42
UHAL,$383.35,1439914212136,"7,235",100% bullish,of 2 ratings,$393.50
ASBI,$22.715,1439914212162,"3,007",Not yet rated,NULL,N/A
AAL,$43.6778,1439914212187,"2,072,825",93% bullish,of 87 ratings,$57
AGNCP,$25.41,1439914212450,"6,669",Not yet rated,NULL,N/A
AGNCB,$24.15,1439914212480,"5,900",Not yet rated,NULL,N/A
ATAX,$5.3,1439914212508,"45,335",100% bullish,of 1 rating,$6.50
AMOV,$18.72,1439914212544,"2,085",100% bearish,of 1 rating,N/A
MTGE,$15.91,1439914212566,"65,668",75% bullish,of 4 ratings,$19.50
AGNC,$19.81,1439914212601,"936,805",75% bullish,of 28 ratings,$22
ACSF,$12.76,1439914212641,"9,759",100% bearish,of 1 rating,$15
MTGEP,$24.5,1439914212737,"1,500",Not yet rated,NULL,N/A
ACAS,$14.305,1439914212962,"260,925",60% bullish,of 5 ratings,$16.75
ANCI,$1.6912,1439914212987,"1,128",100% bearish,of 1 rating,N/A
AMIC,NULL,1439914213128,0,Not yet rated,NULL,N/A
AETI,$3.8,1439914213184,4,67% bearish,of 3 ratings,N/A
APEI,$22.07,1439914213213,"30,555",100% bearish,of 1 rating,$29
AMNB,$23.1547,1439914213234,"4,666",Not yet rated,NULL,$25.50
ANAT,$104.86,1439914213256,"2,644",100% bullish,of 1 rating,N/A
ARII,$40.01,1439914213391,"38,117",67% bearish,of 3 ratings,$45
ASEI,$38.95,1439914213421,"18,643",100% bearish,of 1 rating,$52.50
AMRB,$10.12,1439914213454,404,Not yet rated,NULL,$11
AMSWA,$9.3899,1439914213554,"4,258",100% bearish,of 2 ratings,$10.75
AMWD,$65.86,1439914213582,"30,739",50% bullish,of 2 ratings,$58
AMSC,$4.02,1439914213717,"18,355",50% bullish,of 4 ratings,N/A
ABCB,$28.31,1439914213745,"20,646",Not yet rated,NULL,$30.50
CRMT,$45.04,1439914213766,"4,790",100% bearish,of 1 rating,$49
ATLO,$24.23,1439914214099,4,Not yet rated,NULL,N/A
ASRV,$3.3,1439914214137,704,100% bullish,of 2 ratings,N/A
FOLD,$16.66,1439914214159,"331,369",56% bullish,of 9 ratings,$21
AMSF,$50.74,1439914214191,"17,117",Not yet rated,NULL,$57.50
ASRVP,NULL,1439914214216,0,Not yet rated,NULL,N/A
AMGN,$168.59,1439914214251,"424,041",89% bullish,of 19 ratings,$185
AMKR,$4.325,1439914214272,"216,382",100% bearish,of 2 ratings,$5
AMSG,$86.498,1439914214361,"64,740",100% bearish,of 1 rating,$85.50
AMSGP,NULL,1439914214510,0,Not yet rated,NULL,N/A
AMRS,$1.64,1439914214646,"33,840",70% bullish,of 10 ratings,N/A
AFSI,$62.97,1439914214675,"110,394",60% bullish,of 5 ratings,$72
AMPH,$14.57,1439914214749,"67,297",50% bullish,of 2 ratings,$20
ASYS,$5.77,1439914214878,"12,938",67% bullish,of 3 ratings,$12
ANAC,$135.08,1439914214910,"89,740",80% bullish,of 5 ratings,$180.50
ANAD,$0.37,1439914214943,"243,215",100% bullish,of 2 ratings,$.50
ADI,$58.61,1439914215014,"747,386",67% bullish,of 3 ratings,$68
ANCB,$22.48,1439914215078,100,Not yet rated,NULL,$23
ALOG,$83.5,1439914215146,"14,526",100% bearish,of 2 ratings,$100.50
AMCF,$0.28,1439914215172,"12,417",100% bullish,of 7 ratings,N/A
ABCW,$40.83,1439914215204,"2,712",67% bullish,of 3 ratings,N/A
ANGO,$14.87,1439914215386,"9,662",67% bullish,of 3 ratings,$19
ANGI,$4.43,1439914215422,"206,124",64% bullish,of 11 ratings,$5.50
ANIP,$56.57,1439914215477,"99,193",89% bullish,of 19 ratings,$66
ANIK,$35.78,1439914215553,"33,558",60% bullish,of 5 ratings,$51.25
ATRS,$1.925,1439914215616,"100,279",92% bullish,of 12 ratings,$4.50
ANTH,$9.42,1439914215714,"173,453",80% bullish,of 10 ratings,$13
ABAC,NULL,1439914215742,0,100% bearish,of 1 rating,N/A
ANSS,$97.05,1439914215768,"118,423",100% bearish,of 1 rating,$100
APOG,$53.64,1439914215951,"59,455",100% bullish,of 1 rating,$62
APIC,$7.87,1439914215983,"19,663",100% bearish,of 1 rating,$19
ATNY,$2.36,1439914216008,"3,042",50% bullish,of 2 ratings,$3.75
APOL,$11.69,1439914216154,"179,108",87% bearish,of 68 ratings,$14
AAPL,$117.2856,1439914216215,"10,832,133",86% bullish,of 2333 ratings,$150
APPF,$17.4999,1439914216243,"18,757",50% bullish,of 2 ratings,$22
AINV,$6.63,1439914216301,"597,237",50% bullish,of 4 ratings,$8
ARCI,$1.28,1439914216372,"9,539",Not yet rated,NULL,N/A
APDN,$3.4001,1439914216470,"71,291",Not yet rated,NULL,$9
APDNW,$1.36,1439914216498,"1,100",Not yet rated,NULL,N/A
AGTC,$16.12,1439914216634,"11,459",50% bullish,of 2 ratings,$33
AMAT,$16.71,1439914216659,"3,024,254",82% bullish,of 11 ratings,$23
AMCC,$5.64,1439914216691,"245,631",80% bullish,of 5 ratings,$8
APRI,$1.16,1439914216716,"49,574",83% bullish,of 6 ratings,$4.86
AREX,$2.56,1439914216855,"127,306",100% bearish,of 1 rating,$3
AAOI,$21.99,1439914216907,"94,758",50% bullish,of 4 ratings,$26
APTO,$5.0313,1439914216961,"1,227",Not yet rated,NULL,$17
AQMS,$5.391,1439914217034,"10,830",Not yet rated,NULL,N/A
AQXP,$19.2,1439914217139,"298,548",50% bullish,of 2 ratings,$2
AUMAU,NULL,1439914217209,0,Not yet rated,NULL,N/A
AUMA,NULL,1439914217270,0,Not yet rated,NULL,N/A
AUMAW,NULL,1439914217298,0,Not yet rated,NULL,N/A
ARDM,NULL,1439914217353,0,100% bullish,of 1 rating,$26
ABUS,$8.27,1439914217431,"129,394",86% bullish,of 14 ratings,$23
PETX,$17.15,1439914217463,"55,483",100% bearish,of 2 ratings,$26
ARCW,$3.72,1439914217490,"2,003",100% bearish,of 2 ratings,$10.50
ABIO,$0.9,1439914217540,"49,664",50% bullish,of 2 ratings,$3.75
RKDA,$5.655,1439914217689,"10,041",100% bearish,of 2 ratings,$10
ACAT,$29.571,1439914217883,"52,426",100% bearish,of 3 ratings,$33
ARDX,$19.75,1439914217909,"130,405",50% bullish,of 2 ratings,$22
ARCB,$32.4,1439914217931,"27,051",50% bullish,of 2 ratings,$39.50
ARNA,$3.3,1439914217965,"581,572",90% bullish,of 77 ratings,$5.50
ACGL,$73.88,1439914217989,"51,292",50% bullish,of 2 ratings,$72
ARCC,$16.015,1439914218098,"154,481",67% bearish,of 3 ratings,$17.875
AGII,$58.12,1439914218226,"22,583",Not yet rated,NULL,$58
ARIS,$3.3,1439914218294,300,Not yet rated,NULL,$4.50
ARGS,$4.5175,1439914218326,"3,435",50% bullish,of 2 ratings,$19.50
ARKR,NULL,1439914218354,0,50% bullish,of 2 ratings,N/A
AGIIL,$25.3,1439914218388,"10,761",Not yet rated,NULL,N/A
ARIA,$7.445,1439914218423,"419,109",87% bullish,of 46 ratings,$9
ARMH,$43.06,1439914218491,"848,922",54% bearish,of 13 ratings,$61
ARTX,$1.5636,1439914218587,"33,508",88% bullish,of 16 ratings,$4.50
ARWA,NULL,1439914218619,0,Not yet rated,NULL,N/A
ARWAR,NULL,1439914218832,0,Not yet rated,NULL,N/A
ARWAW,NULL,1439914218933,0,Not yet rated,NULL,N/A
ARRY,$5.76,1439914219030,"189,458",100% bullish,of 7 ratings,$10
ARQL,$1.695,1439914219052,"3,575",75% bullish,of 4 ratings,$5
ARWAU,NULL,1439914219087,0,100% bullish,of 1 rating,N/A
DWAT,NULL,1439914219115,0,100% bearish,of 1 rating,N/A
ARRS,$27.47,1439914219142,"112,685",50% bullish,of 2 ratings,$38
AROW,$27.49,1439914219198,"3,239",Not yet rated,NULL,N/A
ARTNA,$22.47,1439914219297,"3,773",100% bearish,of 1 rating,$29
ARWR,$5.9063,1439914219344,"379,371",75% bullish,of 4 ratings,$10.50
ASBB,NULL,1439914219478,0,Not yet rated,NULL,N/A
ARTW,$4.46,1439914219544,100,75% bearish,of 4 ratings,N/A
ASNA,$12.25,1439914219610,"398,783",50% bullish,of 2 ratings,$18
ASND,$17.65,1439914219640,"11,780",100% bullish,of 1 rating,$30
ASCMA,$27.74,1439914219742,"37,483",100% bearish,of 1 rating,$45
ASTI,$0.1534,1439914219825,"817,353",83% bullish,of 6 ratings,$3
APWC,$2.07,1439914219858,100,100% bearish,of 1 rating,N/A
ASML,$93.6,1439914219901,"468,574",67% bullish,of 3 ratings,$127
ASMI,$39.03,1439914219958,590,50% bullish,of 2 ratings,N/A
ASMB,$13.785,1439914220004,"17,100",67% bullish,of 3 ratings,N/A
AZPN,$39.16,1439914220030,"255,128",50% bullish,of 2 ratings,$42
ASFI,$9.08,1439914220090,"1,005",100% bullish,of 1 rating,N/A
ALOT,NULL,1439914220196,0,100% bearish,of 1 rating,N/A
ASTE,$37.83,1439914220224,"11,993",100% bearish,of 1 rating,$48
ATRO,$56.79,1439914220419,"32,725",100% bearish,of 2 ratings,$80
ASUR,$5.9,1439914220487,"1,015",Not yet rated,NULL,$8
ASTC,$2.46,1439914220515,"1,891",100% bullish,of 5 ratings,N/A
ATAI,$3.19,1439914220537,"1,650",100% bearish,of 1 rating,N/A
ATRA,$49.15,1439914220572,"54,007",50% bullish,of 2 ratings,$68
ATHN,$140.52,1439914220676,"46,965",67% bearish,of 3 ratings,$153
AFCB,NULL,1439914220758,0,Not yet rated,NULL,N/A
ATHX,$1.17,1439914220821,"22,382",89% bullish,of 9 ratings,$5
AAPC,$10.18,1439914220899,14,Not yet rated,NULL,N/A
ACFC,$6.59,1439914221004,"24,638",Not yet rated,NULL,$6.50
ATNI,$75.825,1439914221045,"22,083",100% bearish,of 1 rating,$69.50
ATLC,$3.98,1439914221133,"1,995",67% bullish,of 3 ratings,N/A
AAWW,$45.03,1439914221166,"65,854",50% bullish,of 2 ratings,$65
AAME,$3.51,1439914221187,100,Not yet rated,NULL,N/A
ATML,$7.635,1439914221375,"1,610,675",78% bullish,of 9 ratings,$9.50
AFH,$17.15,1439914221462,"14,859",Not yet rated,NULL,$21.50
ATOS,$0.94,1439914221502,"8,996",100% bullish,of 7 ratings,$7
ATRC,$27.5,1439914221531,"20,566",100% bullish,of 1 rating,$30
ATRI,$394.4,1439914221557,"1,150",Not yet rated,NULL,N/A
ATRM,NULL,1439914221591,0,50% bullish,of 2 ratings,N/A
LIFE,$15.67,1439914221686,"7,343",86% bullish,of 7 ratings,$43
ATTU,$15.259,1439914221785,"8,636",100% bearish,of 1 rating,$20.50
AUBN,$27,1439914221842,250,Not yet rated,NULL,N/A
AUDC,$3.341,1439914221975,"29,415",80% bullish,of 5 ratings,$5
AUPH,$3.5048,1439914222003,"12,664",100% bearish,of 1 rating,$8
ADAT,$0.116,1439914222030,"7,892",100% bullish,of 2 ratings,N/A
EARS,$5.02,1439914222165,800,100% bearish,of 2 ratings,$12
ABTL,$19.14,1439914222191,"21,550",100% bullish,of 4 ratings,$20.25
ADP,$85.1,1439914222339,"488,881",100% bearish,of 1 rating,$88
ADSK,$54.82,1439914222369,"205,855",83% bullish,of 6 ratings,$69.50
AAVL,$11.34,1439914222423,"227,229",100% bearish,of 1 rating,$20
AVGO,$123.54,1439914222456,"437,201",88% bullish,of 8 ratings,$160
AVEO,$1.62,1439914222477,"1,982,022",75% bullish,of 8 ratings,$3
AVNU,$13,1439914222512,"106,343",Not yet rated,NULL,$14
AVID,$8.65,1439914222605,"98,681",100% bearish,of 1 rating,$20
AVNW,$1.13,1439914222702,"4,466",50% bullish,of 2 ratings,$2.20
CAR,$47.03,1439914222800,"483,948",80% bullish,of 5 ratings,$60
AVGR,$15.49,1439914222829,"9,417",100% bearish,of 1 rating,$20
AWRE,$3.1925,1439914222960,"5,550",67% bullish,of 3 ratings,N/A
AXPW,$1.1799,1439914222990,"104,077",83% bullish,of 6 ratings,N/A
AXPWW,NULL,1439914223096,0,Not yet rated,NULL,N/A
ACLS,$3.205,1439914223130,"168,242",67% bullish,of 6 ratings,$4.75
AXGN,$3.92,1439914223157,"8,378",Not yet rated,NULL,$5
BCOM,$20,1439914223232,1,100% bearish,of 1 rating,N/A
AXTI,$2.24,1439914223366,"5,382",50% bullish,of 2 ratings,$2.75
RILY,NULL,1439914223415,0,Not yet rated,NULL,N/A
BIDU,$168.05,1439914223511,"1,175,510",81% bullish,of 88 ratings,$215
BEAV,$51,1439914223555,"130,659",67% bearish,of 3 ratings,$59
BOSC,$2.3299,1439914223580,"1,650",50% bullish,of 2 ratings,N/A
BCPC,$61.44,1439914223654,"43,464",100% bearish,of 1 rating,$75
BLDP,$1.33,1439914223787,"47,293",91% bullish,of 22 ratings,$2.50
BWINA,NULL,1439914223834,0,Not yet rated,NULL,N/A
BWINB,$23.2,1439914223970,100,Not yet rated,NULL,N/A
BANFP,NULL,1439914224015,0,Not yet rated,NULL,N/A
BANF,$62.89,1439914224065,"6,310",Not yet rated,NULL,$68
BOCH,$5.78,1439914224099,"2,872",Not yet rated,NULL,$6.50
BKMU,$7.29,1439914224126,"6,938",Not yet rated,NULL,$8
BKSC,$15.92,1439914224193,52,Not yet rated,NULL,N/A
BMRC,$49.11,1439914224293,"1,202",Not yet rated,NULL,$52
BOTJ,$11.5,1439914224427,516,Not yet rated,NULL,N/A
OZRK,$43.26,1439914224454,"66,659",67% bullish,of 3 ratings,$49.50
BFIN,$12.19,1439914224499,"2,800",Not yet rated,NULL,$13
BANR,$47.43,1439914224663,"3,479",100% bullish,of 3 ratings,$50
BWFG,NULL,1439914224738,0,100% bearish,of 1 rating,N/A
BZUN,$7.72,1439914224802,"79,879",50% bullish,of 2 ratings,$13.85
TAPR,$31.9,1439914224875,"2,087",100% bearish,of 1 rating,N/A
BHACU,$10.15,1439914224903,"2,000",Not yet rated,NULL,N/A
BHAC,NULL,1439914224931,0,Not yet rated,NULL,N/A
BHACW,NULL,1439914224960,0,Not yet rated,NULL,N/A
BHACR,NULL,1439914224993,0,Not yet rated,NULL,N/A
BBSI,$36.65,1439914225093,"23,912",67% bearish,of 3 ratings,$62.50
BSET,$31.27,1439914225121,"26,210",100% bearish,of 1 rating,$35
BYBK,$5.05,1439914225345,634,100% bearish,of 1 rating,N/A
BYLK,$12.92,1439914225374,"25,000",Not yet rated,NULL,$14
BBCN,$15.52,1439914225477,"92,860",100% bearish,of 1 rating,$16
BDCV,$4.9501,1439914225561,"5,630",100% bearish,of 1 rating,$10.19
BCBP,$11.71,1439914225619,"2,312",Not yet rated,NULL,N/A
BSF,$9.18,1439914225656,"5,984",Not yet rated,NULL,N/A
BV,$5.32,1439914225682,"91,654",67% bullish,of 6 ratings,$9
BECN,$36.06,1439914225839,"39,781",50% bullish,of 2 ratings,$40
BBGI,$5,1439914225870,1,100% bearish,of 1 rating,N/A
BBBY,$63.705,1439914225968,"350,350",71% bullish,of 7 ratings,$75
BELFB,$19.94,1439914226046,"1,800",100% bearish,of 1 rating,N/A
BLPH,$6,1439914226074,"47,995",100% bearish,of 1 rating,$12.50
BELFA,$17.02,1439914226102,10,100% bearish,of 1 rating,N/A
BEBE,$1.81,1439914226153,"16,819",75% bullish,of 4 ratings,$3.075
BLCM,$18.95,1439914226309,"91,007",50% bullish,of 4 ratings,$40
BNFT,$40.67,1439914226464,"28,486",67% bullish,of 3 ratings,$46
BGCP,$9.61,1439914226521,"216,827",88% bullish,of 8 ratings,$14
BNCL,$13.03,1439914226554,"96,122",100% bullish,of 3 ratings,$12.50
BGMD,$0.87,1439914226596,"137,505",100% bullish,of 10 ratings,N/A
BGFV,$11.2,1439914226621,"18,168",57% bullish,of 7 ratings,$12
BIND,$4.52,1439914226647,"19,544",67% bullish,of 3 ratings,$13.50
BNTC,$7.85,1439914226675,"78,290",100% bullish,of 1 rating,N/A
ORPN,$5.75,1439914226873,"5,100",100% bullish,of 1 rating,$28.50
BIOC,$1.93,1439914226954,"116,447",83% bullish,of 6 ratings,$3.70
BIOD,$0.7,1439914227008,"52,446",80% bullish,of 5 ratings,$4
BCDA,NULL,1439914227034,0,Not yet rated,NULL,N/A
BASI,$1.54,1439914227059,"21,001",Not yet rated,NULL,N/A
BCRX,$12.11,1439914227199,"110,361",63% bullish,of 8 ratings,$18
BDSI,$6.74,1439914227254,"243,075",88% bullish,of 8 ratings,$17
BIIB,$314.2035,1439914227305,"248,741",88% bullish,of 16 ratings,$400
BLRX,$1.5343,1439914227413,"74,371",100% bullish,of 12 ratings,$5
BMRN,$138.74,1439914227461,"92,138",80% bullish,of 5 ratings,$160
BLFS,$2.1103,1439914227502,"19,866",100% bearish,of 1 rating,$4.75
BIOL,$1.605,1439914227637,"23,165",Not yet rated,NULL,N/A
BPTH,$1.1499,1439914227666,"17,500",100% bullish,of 2 ratings,$5
BVXV,$4.1001,1439914227690,"2,381",Not yet rated,NULL,N/A
BVXVW,NULL,1439914227711,0,100% bearish,of 1 rating,N/A
BRLI,$35.51,1439914227853,"47,711",83% bullish,of 6 ratings,N/A
BIOS,$1.51,1439914227883,"370,257",71% bullish,of 7 ratings,$4
BBC,$33.38,1439914227990,"34,355",Not yet rated,NULL,N/A
BSTC,$54.5,1439914228120,"17,676",100% bearish,of 1 rating,$76
BSPM,$0.672,1439914228147,"7,170",50% bullish,of 2 ratings,N/A
TECH,$105.95,1439914228319,"47,566",100% bullish,of 1 rating,$117
BEAT,$12.26,1439914228349,"32,333",67% bearish,of 3 ratings,$15
BBP,$34.94,1439914228378,"17,488",Not yet rated,NULL,N/A
BOTA,$2.37,1439914228451,"18,854",88% bullish,of 8 ratings,N/A
BDMS,NULL,1439914228555,0,100% bearish,of 1 rating,N/A
BITI,$19.5189,1439914228592,"1,704",100% bullish,of 1 rating,$28
BJRI,$46.76,1439914228618,"75,444",50% bullish,of 2 ratings,$55
BBOX,$15.53,1439914228684,"7,154",100% bearish,of 1 rating,N/A
BLKB,$63.63,1439914228753,"17,916",100% bearish,of 2 ratings,$66
BBRY,$7.605,1439914228909,"859,944",61% bullish,of 330 ratings,$9
BDE,$7.52,1439914228941,"50,217",50% bullish,of 2 ratings,$9
HAWK,$44.65,1439914228995,"115,317",90% bullish,of 10 ratings,$49
BKCC,$9.4701,1439914229039,"36,350",100% bullish,of 2 ratings,$10
ADRA,NULL,1439914229092,0,Not yet rated,NULL,N/A
ADRD,NULL,1439914229120,0,100% bearish,of 1 rating,N/A
ADRE,$31.28,1439914229273,"2,030",Not yet rated,NULL,N/A
ADRU,NULL,1439914229320,0,100% bearish,of 1 rating,N/A
BCOR,$13.69,1439914229413,"44,923",57% bullish,of 7 ratings,$15
BLMN,$21.855,1439914229462,"227,496",83% bullish,of 6 ratings,$27.50
BUFF,$26.41,1439914229558,"141,097",83% bullish,of 12 ratings,$33
NILE,$34.6,1439914229690,"27,725",50% bullish,of 2 ratings,$34
BBLU,$0.7901,1439914229720,"134,247",100% bullish,of 2 ratings,$4.43
BLBD,$13,1439914229823,"2,500",Not yet rated,NULL,N/A
BKEP,$7.03,1439914229893,"9,885",100% bearish,of 1 rating,$8.50
BHBK,$14.4,1439914229954,"8,566",100% bullish,of 1 rating,$14.50
BNCN,$21.797,1439914229981,"5,965",Not yet rated,NULL,$23
BPMC,$30.91,1439914230112,"57,222",50% bullish,of 2 ratings,$47.50
BKEPP,$7.88,1439914230170,"2,811",100% bearish,of 1 rating,N/A
BOFI,$131.25,1439914230242,"32,556",100% bullish,of 6 ratings,$137.50
BLUE,$132.24,1439914230270,"99,107",86% bullish,of 7 ratings,$217.50
BOJA,$22.2,1439914230330,"35,818",100% bullish,of 1 rating,$30
WIFI,$8.87,1439914230414,"128,923",50% bullish,of 2 ratings,$13.50
BOBE,$46.25,1439914230543,"15,831",75% bullish,of 4 ratings,$57
BOKF,$65.63,1439914230601,"15,394",100% bearish,of 1 rating,$71
BONA,$12.12,1439914230626,"80,290",75% bullish,of 4 ratings,$8.50
BNSO,$1.4024,1439914230847,"6,200",100% bearish,of 1 rating,N/A
BPFHP,NULL,1439914230896,0,100% bearish,of 1 rating,N/A
BPFH,$12.46,1439914230922,"56,635",100% bearish,of 1 rating,$14
BPFHW,NULL,1439914230948,0,100% bearish,of 1 rating,N/A
BAMM,$3.2199,1439914231081,"3,790",60% bullish,of 5 ratings,N/A
BDBD,$8.9225,1439914231139,"140,390",60% bullish,of 5 ratings,$10
BCLI,$3.2599,1439914231211,"167,655",80% bullish,of 5 ratings,$12
BBRG,$13.17,1439914231239,"11,139",67% bullish,of 3 ratings,$14.50
BBEP,$2.5099,1439914231267,"626,973",69% bullish,of 13 ratings,$5.625
BDGE,$28.125,1439914231396,"7,065",Not yet rated,NULL,$31.75
EPAY,$26.85,1439914231424,"35,975",100% bearish,of 2 ratings,$30
BLIN,NULL,1439914231598,0,50% bullish,of 2 ratings,$2.80
BBEPP,$13.7404,1439914231726,"11,983",100% bearish,of 1 rating,N/A
BCOV,$5.49,1439914231757,"10,076",67% bullish,of 3 ratings,$10.20
BSFT,$34.08,1439914231861,"26,339",57% bullish,of 7 ratings,$40.50
BRCM,$51.195,1439914231887,"473,137",75% bullish,of 12 ratings,$56
BRID,$8.5,1439914231916,"2,788",100% bearish,of 1 rating,N/A
BYFC,$1.45,1439914231944,320,50% bullish,of 2 ratings,N/A
BWEN,$3.58,1439914232018,"11,077",100% bullish,of 3 ratings,$8
BVSN,$5.95,1439914232117,620,60% bearish,of 5 ratings,N/A
BRKR,$20.06,1439914232252,"67,590",100% bearish,of 2 ratings,$22
BMTC,$29.7201,1439914232380,"6,350",Not yet rated,NULL,$34
BRKS,$10.66,1439914232414,"23,902",67% bullish,of 3 ratings,$15.25
BSQR,$7.28,1439914232478,"25,961",67% bullish,of 3 ratings,N/A
BLMT,$21.26,1439914232506,"1,600",Not yet rated,NULL,N/A
BRKL,$10.89,1439914232535,"71,522",100% bearish,of 1 rating,$10.75
BRCD,$10.005,1439914232641,"575,168",92% bullish,of 13 ratings,$12.50
BWLD,$198.22,1439914232705,"47,694",82% bullish,of 11 ratings,$205
CFFI,NULL,1439914232836,0,100% bearish,of 1 rating,N/A
BLDR,$14.91,1439914232867,"464,179",50% bullish,of 2 ratings,$22
CA,$29.48,1439914232893,"345,171",50% bullish,of 4 ratings,$33
CHRW,$70.12,1439914232970,"336,142",Not yet rated,NULL,$72
CCMP,$45.08,1439914233027,"34,236",50% bullish,of 2 ratings,$59
BUR,$2.048,1439914233072,800,100% bearish,of 1 rating,$8
CDZI,$7.29,1439914233175,"8,490",100% bearish,of 1 rating,N/A
CDNS,$21.55,1439914233265,"497,778",75% bullish,of 4 ratings,$22.50
CSTE,$48.13,1439914233396,"250,763",100% bearish,of 1 rating,$65
CACQ,$7.13,1439914233499,"4,164",100% bearish,of 1 rating,$12.25
CZR,$7.37,1439914233537,"462,147",60% bearish,of 5 ratings,$10.50
CLMS,$11.86,1439914233605,"15,223",Not yet rated,NULL,$10.50
PRSS,$4.66,1439914233675,815,80% bullish,of 5 ratings,$4.50
CHY,$11.8802,1439914233703,"78,263",Not yet rated,NULL,N/A
CHI,$11.0501,1439914233742,"87,091",100% bearish,of 1 rating,N/A
CCD,$21.1518,1439914233873,"33,470",Not yet rated,NULL,N/A
CLBS,$1.42,1439914233900,"38,459",79% bullish,of 14 ratings,$4
CFGE,$11.15,1439914233962,6,Not yet rated,NULL,N/A
CHW,$8.08,1439914234035,"77,620",100% bearish,of 1 rating,N/A
CGO,$12.78,1439914234177,"6,663",100% bearish,of 1 rating,N/A
CSQ,$10.56,1439914234207,"147,476",Not yet rated,NULL,N/A
CAMP,$16.44,1439914234233,"81,115",86% bullish,of 7 ratings,$25
CVGW,$54.16,1439914234465,"11,637",50% bullish,of 2 ratings,$58.50
CALA,$5.81,1439914234491,"132,315",100% bullish,of 3 ratings,$19.50
CFNB,NULL,1439914234520,0,100% bearish,of 1 rating,N/A
CALD,$16.25,1439914234562,"48,561",100% bearish,of 1 rating,$20.50
CALM,$51.83,1439914234617,"106,892",80% bullish,of 5 ratings,$65
CLMT,$26.6699,1439914234719,"41,778",75% bullish,of 8 ratings,$31
ABCD,$4.7,1439914235009,"13,257",83% bullish,of 6 ratings,N/A
CAMB,NULL,1439914235043,0,Not yet rated,NULL,N/A
CAMBW,NULL,1439914235064,0,Not yet rated,NULL,N/A
CAMT,$2.945,1439914235113,"10,777",73% bullish,of 11 ratings,$4
CAMBU,NULL,1439914235139,0,100% bearish,of 1 rating,N/A
CSIQ,$24.17,1439914235284,"628,154",86% bullish,of 28 ratings,$45
CAC,$40.37,1439914235341,"1,916",Not yet rated,NULL,N/A
CGIX,$11.16,1439914235474,"10,679",67% bullish,of 3 ratings,$14.375
CPHC,NULL,1439914235527,0,100% bearish,of 1 rating,N/A
CBNJ,$10.925,1439914235553,"9,319",100% bullish,of 1 rating,N/A
CPLA,$49.74,1439914235774,"17,242",50% bullish,of 2 ratings,$65
CSWC,$49.59,1439914235823,"1,498",Not yet rated,NULL,N/A
CPLP,$7.1301,1439914235926,"111,626",71% bullish,of 7 ratings,$11
CBF,$30.41,1439914235970,"6,788",Not yet rated,NULL,$32
CFFN,$12.205,1439914235998,"214,395",Not yet rated,NULL,$12.75
CCBG,$15.15,1439914236023,100,Not yet rated,NULL,$17.25
CPTA,$15.01,1439914236048,"29,923",Not yet rated,NULL,$18.50
CAPNW,NULL,1439914236242,0,Not yet rated,NULL,N/A
CAPN,$2.36,1439914236326,"179,935",100% bullish,of 1 rating,$10.85
CPST,$0.3857,1439914236368,"289,659",95% bullish,of 22 ratings,$1
CAPR,$4.28,1439914236401,"15,268",Not yet rated,NULL,$12
CARB,$11.51,1439914236455,"17,634",75% bullish,of 4 ratings,$12
CARA,$22.28,1439914236498,"63,292",50% bullish,of 4 ratings,$27.50
CRDC,$0.3952,1439914236526,"57,475",100% bullish,of 1 rating,$1.25
CBYL,$6.48,1439914236555,"9,504",100% bearish,of 1 rating,$20
CFNL,$23.48,1439914236791,"28,550",Not yet rated,NULL,$24
CATM,$35.25,1439914236855,"100,724",100% bearish,of 1 rating,$44
CRME,$9.7445,1439914236891,349,89% bullish,of 9 ratings,$11.25
CSII,$23.98,1439914236917,"71,774",100% bearish,of 2 ratings,$42.125
CDNA,NULL,1439914236942,0,100% bearish,of 1 rating,$9
CTRE,$11.74,1439914236986,"176,081",50% bullish,of 2 ratings,N/A
CKEC,$23.31,1439914237015,"24,086",50% bullish,of 2 ratings,$35.915
CECO,$3.79,1439914237144,"71,316",67% bearish,of 3 ratings,$6
CRZO,$35.2675,1439914237312,"214,724",67% bearish,of 3 ratings,$57
CLBH,NULL,1439914237341,0,Not yet rated,NULL,$16.50
CARO,$15.54,1439914237379,"1,255",100% bearish,of 1 rating,$19
CART,NULL,1439914237404,0,100% bearish,of 1 rating,N/A
CASM,$1.141,1439914237669,"3,717",100% bullish,of 1 rating,$3.50
CARV,NULL,1439914237694,0,50% bullish,of 2 ratings,N/A
CRTN,NULL,1439914237728,0,100% bearish,of 1 rating,N/A
TAST,$13.08,1439914237769,"40,929",Not yet rated,NULL,$14.25
CSCD,$14.2,1439914237826,"63,906",100% bullish,of 2 ratings,$17
CWST,$6.36,1439914237853,"52,655",50% bullish,of 2 ratings,$7
CACB,$5.51,1439914237904,"5,294",Not yet rated,NULL,$5.50
CASY,$107.73,1439914238006,"124,991",50% bullish,of 2 ratings,$99.50
CATB,$12.1,1439914238370,"14,565",100% bearish,of 1 rating,$28
CASS,$50.94,1439914238416,"2,807",100% bearish,of 1 rating,N/A
CASI,$1.433,1439914238443,700,100% bullish,of 1 rating,$3.50
CPRX,$4.29,1439914238469,"138,254",71% bullish,of 7 ratings,$7
CATYW,NULL,1439914238515,0,100% bearish,of 1 rating,N/A
CATY,$32.02,1439914238540,"118,598",100% bearish,of 1 rating,$33.50
CAVM,$72.83,1439914238746,"92,570",67% bearish,of 3 ratings,$72
CVCO,$73.21,1439914238847,"6,631",100% bearish,of 1 rating,N/A
CNLM,NULL,1439914238878,0,Not yet rated,NULL,N/A
CNLMU,NULL,1439914238976,0,100% bullish,of 1 rating,N/A
CNLMW,NULL,1439914239006,0,Not yet rated,NULL,N/A
CBOE,$64.22,1439914239040,"49,730",Not yet rated,NULL,$60
CBFV,NULL,1439914239061,0,Not yet rated,NULL,N/A
CNLMR,NULL,1439914239095,0,Not yet rated,NULL,N/A
CDK,$50.81,1439914239136,"94,683",67% bearish,of 3 ratings,$50
CDW,$39.75,1439914239385,"207,053",75% bullish,of 4 ratings,$44
CECE,$10.3,1439914239489,"12,808",50% bullish,of 2 ratings,$16
CELG,$131,1439914239543,"549,495",92% bullish,of 13 ratings,$155.50
CLDX,$15.97,1439914239590,"437,526",89% bullish,of 9 ratings,$36
CPXX,$2.2,1439914239620,"54,881",100% bullish,of 2 ratings,$7
CELGZ,$2.05,1439914239723,"13,460",80% bullish,of 5 ratings,N/A
CLRB,$3.19,1439914239751,"4,900",100% bearish,of 1 rating,N/A
CLDN,$1.09,1439914239780,"55,667",71% bullish,of 7 ratings,$3
CLLS,$32.88,1439914239821,"11,500",75% bullish,of 4 ratings,$51.50
CLRBW,NULL,1439914239848,0,Not yet rated,NULL,N/A
CLSN,$2.203,1439914239994,"28,572",80% bullish,of 10 ratings,$7.50
CBMG,$23.1,1439914240024,"45,130",50% bullish,of 2 ratings,N/A
CYAD,$55.27,1439914240077,100,100% bullish,of 1 rating,$87.50
CEMP,$37.3901,1439914240102,"96,464",71% bullish,of 7 ratings,$48.50
CLTX,$1.0521,1439914240128,"1,574,547",100% bullish,of 2 ratings,N/A
CETX,$2.5,1439914240508,"2,300",Not yet rated,NULL,$5.60
CFBK,NULL,1439914240538,0,Not yet rated,NULL,N/A
CENT,$11.65,1439914240560,"12,296",Not yet rated,NULL,$10
CETV,$2.2125,1439914240594,"14,362",67% bullish,of 3 ratings,$2.80
CSFL,$14.25,1439914240617,"15,425",Not yet rated,NULL,$15
CVCY,NULL,1439914240648,0,Not yet rated,NULL,$12
CENTA,$12.3601,1439914240697,"24,244",Not yet rated,NULL,N/A
CENX,$5.205,1439914240775,"1,921,913",67% bullish,of 6 ratings,$9
CNBKA,$41.39,1439914240910,200,100% bullish,of 1 rating,N/A
CPHD,$51.73,1439914240942,"183,066",50% bullish,of 2 ratings,$66.50
CRNT,$1.51,1439914240968,"146,239",50% bullish,of 2 ratings,$2
CNTY,$6.37,1439914241042,"5,420",80% bullish,of 5 ratings,$7.75
CERE,$1.6199,1439914241113,"236,355",88% bullish,of 8 ratings,N/A
CERU,$3.47,1439914241172,"7,594",75% bullish,of 4 ratings,$15
CERN,$65.03,1439914241199,"396,072",67% bullish,of 3 ratings,$79
CERS,$5.095,1439914241329,"247,420",75% bullish,of 4 ratings,$7
KOOL,$0.69,1439914241355,"2,011",100% bullish,of 5 ratings,$7
CEVA,$19.5,1439914241388,"22,625",100% bearish,of 1 rating,$25
CYOU,$20.46,1439914241415,"50,590",50% bullish,of 6 ratings,$24
HOTRW,NULL,1439914241489,0,Not yet rated,NULL,N/A
HOTR,$1.485,1439914241576,"81,781",100% bullish,of 2 ratings,$5
CTHR,$1.22,1439914241709,102,50% bullish,of 2 ratings,$2.50
CHTR,$187.24,1439914241761,"273,894",100% bearish,of 2 ratings,$196
GTLS,$24.46,1439914241793,"81,426",50% bullish,of 4 ratings,$40
CHKP,$82.72,1439914241849,"306,637",50% bullish,of 4 ratings,$92
CHEK,$3.16,1439914241894,"1,669",Not yet rated,NULL,$7.75
CHFN,$12.59,1439914241949,"2,902",Not yet rated,NULL,$14
CEMI,$4.54,1439914242162,904,50% bullish,of 2 ratings,$7.50
CCXI,$7.04,1439914242232,"46,537",67% bullish,of 3 ratings,$14
CHKE,$27.515,1439914242295,"9,616",100% bearish,of 1 rating,$32.50
CHFC,$32.67,1439914242320,"4,346",100% bearish,of 1 rating,$36
CHEV,$14.6999,1439914242363,"7,330",Not yet rated,NULL,N/A
CHEKW,NULL,1439914242387,0,Not yet rated,NULL,N/A
CHMA,$26.73,1439914242526,"51,008",Not yet rated,NULL,$40
CBNK,NULL,1439914242590,0,100% bearish,of 1 rating,N/A
CHMG,$26.55,1439914242621,"3,483",Not yet rated,NULL,$30
CMRX,$53.69,1439914242724,"74,569",50% bullish,of 2 ratings,$57
CADC,NULL,1439914242783,0,78% bullish,of 9 ratings,N/A
CALI,$1.045,1439914242826,"49,028",67% bullish,of 3 ratings,N/A
CAAS,$6.87,1439914242890,"5,652",93% bullish,of 14 ratings,$11.50
PLCE,$61.37,1439914242911,"91,718",100% bearish,of 1 rating,$71
CBAK,$2.26,1439914242987,"6,297",67% bullish,of 9 ratings,N/A
CBPO,$110.5,1439914243046,"44,054",75% bullish,of 8 ratings,$140.50
CCCL,$0.93,1439914243129,"44,607",100% bullish,of 6 ratings,N/A
CCCR,$0.67,1439914243342,"21,728",67% bearish,of 3 ratings,N/A
CHOP,$1.28,1439914243375,500,50% bullish,of 2 ratings,N/A
JRJC,$4.37,1439914243399,"49,347",82% bullish,of 11 ratings,N/A
HGSH,$1.8627,1439914243430,500,67% bullish,of 3 ratings,N/A
CHLN,$1.5,1439914243453,"3,527",67% bullish,of 3 ratings,N/A
CNIT,$1.73,1439914243487,"47,948",67% bullish,of 6 ratings,N/A
HTHT,$26.97,1439914243585,"110,093",50% bullish,of 2 ratings,$28
CJJD,$2.2,1439914243662,"60,491",100% bullish,of 1 rating,N/A
CHNR,$2.0301,1439914243729,"2,700",100% bearish,of 1 rating,N/A
CPGI,$6.49,1439914243763,587,Not yet rated,NULL,N/A
CREG,$0.787,1439914243811,"8,991",100% bullish,of 3 ratings,N/A
CNTF,$0.96,1439914243862,"25,118",Not yet rated,NULL,N/A
CSUN,$1.53,1439914243943,15,80% bullish,of 5 ratings,N/A
CXDC,$6.19,1439914244171,"3,934",67% bullish,of 3 ratings,N/A
CNET,$0.8021,1439914244203,"15,053",50% bullish,of 2 ratings,N/A
CCIH,$9.93,1439914244230,"52,092",67% bullish,of 6 ratings,$12.65
CHSCL,$27.14,1439914244269,"18,338",Not yet rated,NULL,N/A
CNYD,NULL,1439914244299,0,67% bullish,of 3 ratings,N/A
IMOS,$16.01,1439914244359,"44,783",60% bullish,of 5 ratings,$21.50
CHSCM,$26.3499,1439914244386,"23,225",Not yet rated,NULL,N/A
CHSCN,$27.31,1439914244407,"4,517",Not yet rated,NULL,N/A
CHSCO,$28.49,1439914244632,"2,135",Not yet rated,NULL,N/A
CHSCP,$30.4572,1439914244668,600,Not yet rated,NULL,N/A
CHDN,$139.32,1439914244712,"28,065",Not yet rated,NULL,$165
CHUY,$33.16,1439914244765,"17,962",50% bullish,of 2 ratings,$34
CDTX,$14.36,1439914244857,"11,427",Not yet rated,NULL,$22
CIFC,$7.406,1439914244904,"1,300",Not yet rated,NULL,N/A
CMCT,NULL,1439914245037,0,100% bearish,of 1 rating,N/A
CMPR,$70.18,1439914245112,"28,081",50% bullish,of 2 ratings,$72.50
CIDM,$0.6833,1439914245141,"96,916",50% bullish,of 2 ratings,$2.10
CINF,$56.71,1439914245174,"95,363",50% bullish,of 4 ratings,$50.50
CTAS,$89.255,1439914245202,"73,417",100% bearish,of 1 rating,$91
CRUS,$29.17,1439914245272,"218,692",75% bullish,of 12 ratings,$44.50
CSCO,$28.235,1439914245368,"9,549,670",84% bullish,of 208 ratings,$32
CPHR,$6.89,1439914245397,"3,100",100% bearish,of 1 rating,$16
CZNC,$20.0779,1439914245472,"3,949",Not yet rated,NULL,N/A
CTRN,$22.66,1439914245497,"38,999",100% bearish,of 1 rating,$29.50
CZFC,NULL,1439914245712,0,Not yet rated,NULL,N/A
CZWI,$9.1001,1439914245757,900,Not yet rated,NULL,N/A
CTXS,$78.01,1439914245784,"234,796",86% bullish,of 7 ratings,$80
CIZN,NULL,1439914245839,0,Not yet rated,NULL,N/A
CHCO,$48.18,1439914245867,"2,768",Not yet rated,NULL,$46
CIVBP,NULL,1439914245920,0,Not yet rated,NULL,N/A
CIVB,NULL,1439914245948,0,Not yet rated,NULL,$11
CDTI,$1.7412,1439914246018,"60,906",75% bullish,of 4 ratings,$3.20
CLNE,$4.625,1439914246203,"489,527",80% bullish,of 15 ratings,$9
CLFD,$18.14,1439914246233,"6,076",67% bullish,of 3 ratings,$18
CLNT,$1.95,1439914246334,100,75% bullish,of 8 ratings,N/A
CLRO,$11.86,1439914246405,"3,550",50% bullish,of 2 ratings,$14.25
CLIR,$5.36,1439914246475,"24,479",100% bullish,of 3 ratings,N/A
CSBK,$14,1439914246606,"14,906",Not yet rated,NULL,N/A
CME,$98.34,1439914246641,"184,780",67% bullish,of 3 ratings,$102
CBLI,$3.82,1439914246670,"8,472",60% bullish,of 5 ratings,N/A
CMFN,$11.22,1439914246699,"11,416",100% bearish,of 1 rating,$15.50
CCNE,$17.47,1439914246726,"4,378",50% bullish,of 2 ratings,$21.50
CLVS,$80.87,1439914246776,"100,733",60% bullish,of 5 ratings,$101.50
CISG,$8.34,1439914246950,"39,486",100% bullish,of 5 ratings,$10
CWAY,NULL,1439914247017,0,Not yet rated,NULL,N/A
CNV,$4.75,1439914247047,"4,201",50% bullish,of 2 ratings,$7.15
COKE,$163.89,1439914247148,"9,736",79% bullish,of 19 ratings,N/A
COBZ,$12.89,1439914247246,"6,658",100% bullish,of 1 rating,$14
CDRB,$13.2,1439914247318,"4,016",67% bullish,of 3 ratings,N/A
CGNT,$1.61,1439914247413,"12,200",100% bullish,of 2 ratings,$2
CDXS,$4.05,1439914247445,"38,603",64% bullish,of 11 ratings,$6
CCOI,$29,1439914247474,"195,144",50% bullish,of 4 ratings,$35
CVLY,NULL,1439914247495,0,Not yet rated,NULL,N/A
JVA,$4.78,1439914247531,"5,450",83% bullish,of 6 ratings,$7
CTSH,$67.8663,1439914247552,"390,073",90% bullish,of 10 ratings,$74.50
CGNX,$36.99,1439914247726,"150,932",50% bullish,of 2 ratings,$47
COHR,$58.45,1439914247774,"18,918",50% bullish,of 2 ratings,$72
CHRS,$33.14,1439914247858,"20,046",67% bearish,of 3 ratings,$37
COHU,$9.27,1439914247883,"28,034",100% bearish,of 1 rating,$14.25
CLRX,$0.54,1439914247914,"7,453",50% bullish,of 2 ratings,$1.85
CIGI,$47.26,1439914248117,500,100% bearish,of 1 rating,$52
CLCT,$19.8499,1439914248147,"8,793",100% bearish,of 1 rating,N/A
CBAN,$8.8,1439914248169,"2,700",Not yet rated,NULL,N/A
COLL,$16.015,1439914248207,"27,866",100% bearish,of 1 rating,$26
CLCD,$8.05,1439914248228,"9,548",100% bearish,of 1 rating,$20.50
COLM,$66.1516,1439914248302,"35,636",100% bearish,of 1 rating,$71
CMCO,$21.46,1439914248361,"6,900",60% bullish,of 5 ratings,$28
COLB,$33.31,1439914248386,"38,096",Not yet rated,NULL,$36
CMCSA,$59.85,1439914248534,"2,193,693",66% bullish,of 35 ratings,$69.50
CMCSK,$60.27,1439914248596,"690,303",Not yet rated,NULL,$84
CBMX,$1.31,1439914248622,"15,450",83% bullish,of 6 ratings,$3.15
CBSHP,$25.27,1439914248818,"1,870",100% bearish,of 1 rating,N/A
CBSH,$47.31,1439914248848,"68,550",50% bullish,of 2 ratings,$46
CVGI,$4.461,1439914248870,"91,803",50% bullish,of 2 ratings,$6
COMM,$31.54,1439914248912,"127,019",67% bearish,of 3 ratings,$35
CUBN,$14,1439914248945,362,Not yet rated,NULL,N/A
CSAL,$23.255,1439914249004,"122,825",75% bullish,of 4 ratings,$30
JCS,$9.89,1439914249036,"1,536",67% bullish,of 3 ratings,N/A
CTBI,$34.76,1439914249136,"26,610",Not yet rated,NULL,$36
CYHHZ,$0.011,1439914249225,"302,984",100% bullish,of 1 rating,N/A
ESXB,$5.09,1439914249280,900,Not yet rated,NULL,N/A
CWBC,NULL,1439914249305,0,Not yet rated,NULL,N/A
COB,$10.92,1439914249467,300,100% bullish,of 1 rating,$11.50
CVLT,$37.51,1439914249538,"143,266",75% bullish,of 4 ratings,$44.50
CIL,NULL,1439914249596,0,Not yet rated,NULL,N/A
CIZ,$35.058,1439914249682,"1,796",100% bearish,of 1 rating,N/A
CID,NULL,1439914249714,0,Not yet rated,NULL,N/A
CSF,$38.664,1439914249769,100,100% bearish,of 1 rating,N/A
CSA,$34.56,1439914249811,"1,600",Not yet rated,NULL,N/A
CDC,$36.6629,1439914249841,"4,686",Not yet rated,NULL,N/A
CFA,NULL,1439914249945,0,100% bearish,of 1 rating,N/A
CFO,$37.7442,1439914249979,"1,452",100% bearish,of 1 rating,N/A
CGEN,$5.7199,1439914250078,"15,187",50% bullish,of 2 ratings,$11
CDL,NULL,1439914250105,0,Not yet rated,NULL,N/A
CSB,$34.6299,1439914250132,225,Not yet rated,NULL,N/A
CTG,$6.58,1439914250265,"34,961",100% bearish,of 1 rating,$8.50
CPSI,$45.73,1439914250293,"16,072",100% bearish,of 1 rating,$45.50
SCOR,$64.39,1439914250425,"47,891",100% bearish,of 1 rating,$66
CHCI,$0.55,1439914250511,"1,154",50% bullish,of 2 ratings,N/A
CNSI,$19.22,1439914250589,"8,650",100% bearish,of 2 ratings,$29
CMTL,$28.14,1439914250620,"4,260",100% bearish,of 2 ratings,$37
CNCE,$16.61,1439914250670,"150,802",75% bullish,of 4 ratings,$22
CXRX,$79.35,1439914250720,"3,377",Not yet rated,NULL,$90
CNAT,$4.6,1439914250777,"79,695",83% bullish,of 6 ratings,$13
CCUR,$5.09,1439914250851,"6,886",75% bullish,of 4 ratings,N/A
CDOR,$1.37,1439914250918,"1,310",100% bullish,of 1 rating,N/A
CDORO,$18.8999,1439914250982,480,100% bearish,of 1 rating,N/A
CDORP,$7.25,1439914251007,100,100% bearish,of 1 rating,N/A
CFMS,$23.04,1439914251069,"103,300",Not yet rated,NULL,$27
CNFR,$10.4999,1439914251172,"9,234",Not yet rated,NULL,N/A
CNMD,$56.97,1439914251242,"21,389",Not yet rated,NULL,$59
CTWS,$34.83,1439914251317,"6,621",100% bearish,of 1 rating,$44
CNOB,$20.33,1439914251405,"3,904",100% bullish,of 1 rating,$23.50
CNXR,$6.64,1439914251430,"16,098",100% bearish,of 1 rating,$12
CONN,$33.38,1439914251494,"84,962",67% bullish,of 3 ratings,$48.50
CNSL,$20.258,1439914251519,"30,012",100% bearish,of 1 rating,$23
CWCO,$11.84,1439914251565,"15,680",67% bullish,of 3 ratings,$14.50
CPSS,$5.75,1439914251698,"7,826",100% bullish,of 1 rating,$10
CTCT,$24.61,1439914251754,"84,088",67% bullish,of 3 ratings,$37
CFRXW,$2.22,1439914251804,"5,224",100% bearish,of 1 rating,N/A
CTRV,$4.625,1439914251860,"4,141",Not yet rated,NULL,$6.40
CFRX,$5.5001,1439914251891,"39,787",Not yet rated,NULL,$14
CTRL,$8.45,1439914251934,"35,660",50% bullish,of 2 ratings,$11
CFRXZ,$0.8001,1439914251992,"2,401",Not yet rated,NULL,N/A
CPRT,$36.56,1439914252070,"46,873",67% bearish,of 3 ratings,$40
BVA,$3.78,1439914252268,100,50% bullish,of 2 ratings,N/A
CRBP,$1.87,1439914252300,"37,386",100% bullish,of 1 rating,$6.25
CORE,$64.05,1439914252321,"20,312",100% bearish,of 1 rating,$72
CORT,$5.5,1439914252354,"38,921",67% bullish,of 3 ratings,$12
CORI,$11.66,1439914252451,"16,374",100% bearish,of 1 rating,$18
CRVL,$33.75,1439914252503,"3,708",100% bearish,of 1 rating,N/A
CSOD,$38.17,1439914252528,"113,396",50% bullish,of 2 ratings,$42
COST,$145.46,1439914252753,"264,326",83% bullish,of 24 ratings,$154.50
COSI,$1.1601,1439914252785,"10,296",100% bullish,of 1 rating,N/A
CSGP,$195.06,1439914252823,"15,928",50% bullish,of 2 ratings,$235
CPAH,$0.4699,1439914252915,"3,665",50% bullish,of 2 ratings,N/A
ICBK,$18.25,1439914252943,500,Not yet rated,NULL,$21
CVTI,$25.73,1439914252981,"27,575",67% bearish,of 3 ratings,$39
COVS,$2.81,1439914253081,"31,313",67% bullish,of 3 ratings,N/A
COWN,$5.515,1439914253109,"183,214",75% bullish,of 4 ratings,$7
COWNL,$27.36,1439914253248,190,Not yet rated,NULL,N/A
BREW,$8.1901,1439914253294,"12,063",67% bullish,of 6 ratings,$15
CBRL,$151.17,1439914253322,"35,270",50% bullish,of 2 ratings,$155
CRAI,$22.97,1439914253400,"2,695",Not yet rated,NULL,$36
CPSH,NULL,1439914253456,0,Not yet rated,NULL,N/A
CRAY,$22.54,1439914253591,"48,764",83% bullish,of 6 ratings,$38.50
CACC,$203.44,1439914253667,"19,883",50% bullish,of 2 ratings,$158.50
GLDI,$10.8,1439914253737,300,100% bearish,of 1 rating,N/A
SLVO,$10.2,1439914253807,"8,569",100% bearish,of 1 rating,N/A
CRESY,$11.64,1439914253913,"29,674",100% bearish,of 1 rating,$19
CROX,$14.71,1439914253943,"202,539",63% bullish,of 8 ratings,$16.50
CRTO,$47.93,1439914253970,"114,748",67% bullish,of 6 ratings,$64
CREE,$27.53,1439914254020,"387,680",65% bullish,of 17 ratings,$28.50
CRDS,$1.15,1439914254190,300,50% bullish,of 4 ratings,$4.50
CRWS,$8.1699,1439914254337,400,Not yet rated,NULL,$10
CRWN,$4.77,1439914254365,"24,196",75% bullish,of 4 ratings,N/A
CCRN,$14.585,1439914254386,"77,737",100% bearish,of 1 rating,$14.25
CSGS,$32.25,1439914254568,"18,445",Not yet rated,NULL,$40
CCLP,$14.99,1439914254638,"17,458",67% bearish,of 3 ratings,$21
CTCM,$1.78,1439914254704,"270,830",80% bearish,of 5 ratings,$3.90
CTIC,$1.8114,1439914254733,"179,726",84% bullish,of 76 ratings,$5.75
CYRXW,$0.88,1439914254757,"1,500",Not yet rated,NULL,N/A
CSPI,$6.15,1439914254778,"1,445",67% bullish,of 3 ratings,N/A
CTIB,NULL,1439914254814,0,100% bearish,of 1 rating,N/A
CUNB,$22.15,1439914255109,400,Not yet rated,NULL,$24.50
CTRP,$70.73,1439914255136,"566,785",75% bullish,of 8 ratings,$92
CPIX,$5.99,1439914255157,3,Not yet rated,NULL,N/A
CUI,$5.5,1439914255191,"8,299",50% bullish,of 2 ratings,$10
CYRX,$3.01,1439914255213,"18,421",Not yet rated,NULL,$9
CMLS,$1.27,1439914255287,"151,776",50% bullish,of 4 ratings,$6
CUTR,$14.99,1439914255419,"13,087",67% bearish,of 3 ratings,$18
CRIS,$2.845,1439914255451,"73,293",100% bullish,of 8 ratings,$6
CVBF,$17.48,1439914255477,"65,443",Not yet rated,NULL,$18
CYAN,NULL,1439914255559,0,100% bearish,of 1 rating,N/A
CVV,$12.3898,1439914255629,"7,762",100% bullish,of 5 ratings,N/A
CYBX,$59.79,1439914255661,"22,213",50% bullish,of 4 ratings,$70
CYBE,$5.68,1439914255686,"4,427",100% bearish,of 1 rating,N/A
CYBR,$59.5901,1439914255714,"406,760",86% bullish,of 7 ratings,$66
CYCCP,NULL,1439914255873,0,100% bearish,of 1 rating,N/A
CYCC,$0.62,1439914255898,"12,246",73% bullish,of 11 ratings,N/A
CBAY,$2.8001,1439914256090,"53,337",100% bullish,of 1 rating,$4
CYNA,$15,1439914256144,"6,655",100% bullish,of 1 rating,$33
CYRN,$1.72,1439914256231,"154,168",67% bullish,of 3 ratings,$4
CY,$10.15,1439914256275,"1,419,494",80% bullish,of 10 ratings,$15.50
CYNO,$34.43,1439914256311,"35,430",67% bearish,of 3 ratings,$45.50
CYTX,$0.3959,1439914256408,"304,640",83% bullish,of 12 ratings,$5.50
CTSO,$7.47,1439914256438,"49,195",Not yet rated,NULL,$15.625
CONE,$34.42,1439914256466,"74,687",67% bearish,of 3 ratings,$35
CYTK,$6.65,1439914256497,"27,525",71% bullish,of 14 ratings,$13.50
TVIZ,NULL,1439914256570,0,100% bearish,of 1 rating,N/A
CYTR,$2.35,1439914256639,"266,349",67% bullish,of 6 ratings,$10
DAEG,$0.36,1439914256726,"1,400",100% bearish,of 1 rating,N/A
TVIX,$5.5799,1439914256871,"1,466,082",81% bullish,of 16 ratings,N/A
ZIV,$49.7,1439914256896,"11,458",Not yet rated,NULL,N/A
DARA,$0.93,1439914257067,"38,855",83% bullish,of 6 ratings,$1.50
DAKT,$11.88,1439914257097,"52,423",50% bullish,of 2 ratings,$14
XIV,$48.16,1439914257127,"2,459,748",75% bearish,of 4 ratings,N/A
DJCO,NULL,1439914257153,0,Not yet rated,NULL,N/A
DTLK,$5.82,1439914257198,"14,802",100% bearish,of 1 rating,$9
DAIO,$2.69,1439914257230,72,Not yet rated,NULL,N/A
DRAM,$1.495,1439914257327,500,78% bullish,of 9 ratings,N/A
PLAY,$36.73,1439914257376,"40,776",100% bullish,of 5 ratings,$42
DTEA,$13.08,1439914257512,"21,331",100% bearish,of 2 ratings,$24
DWSN,$5.1,1439914257577,"19,699",67% bullish,of 3 ratings,$6
DWCH,$5.3,1439914257642,"9,946",75% bullish,of 4 ratings,$8.25
DBVT,$44,1439914257747,"35,303",100% bearish,of 1 rating,$53
TRAK,$62.26,1439914257797,"76,096",50% bullish,of 2 ratings,$62.50
TACO,$13.695,1439914257942,"63,067",100% bullish,of 3 ratings,$20
DFRG,$15.49,1439914257964,"30,218",100% bearish,of 1 rating,$20
DHRM,$1.84,1439914258001,"1,000",Not yet rated,NULL,N/A
TACOW,$4.3375,1439914258045,"1,910",100% bullish,of 1 rating,N/A
DCTH,$0.4997,1439914258109,"37,767",78% bullish,of 9 ratings,N/A
DGAS,$20.23,1439914258143,572,67% bearish,of 3 ratings,N/A
DENN,$12.39,1439914258215,"137,088",100% bullish,of 3 ratings,$15
DELTW,NULL,1439914258274,0,Not yet rated,NULL,N/A
DELT,NULL,1439914258346,0,Not yet rated,NULL,N/A
XRAY,$57.405,1439914258480,"321,716",100% bullish,of 1 rating,$58
DEPO,$31.86,1439914258516,"210,440",80% bullish,of 5 ratings,$32
DSCI,$6.49,1439914258720,"8,505",50% bullish,of 2 ratings,$16
DXLG,$4.89,1439914258804,"2,400",100% bearish,of 1 rating,$8
DEST,$12.1,1439914258837,"13,515",50% bullish,of 2 ratings,N/A
DHXM,$7.55,1439914258890,2,Not yet rated,NULL,N/A
DERM,$25.3899,1439914258918,"23,992",100% bearish,of 1 rating,$33
DSWL,$1.7603,1439914258944,"4,454",100% bullish,of 1 rating,N/A
DXM,$0.329,1439914258998,"104,586",50% bullish,of 2 ratings,N/A
DXCM,$97.2465,1439914259071,"136,770",57% bullish,of 7 ratings,$98
DMND,$31.99,1439914259175,"37,442",75% bullish,of 12 ratings,$32
DHIL,$193.89,1439914259342,336,Not yet rated,NULL,N/A
FANG,$72.9,1439914259390,"167,276",50% bullish,of 2 ratings,$86
DCIX,$1.8403,1439914259416,"2,819",50% bullish,of 4 ratings,$3.50
DRNA,$10.53,1439914259547,"32,029",67% bearish,of 3 ratings,$25
DMRC,$36.2915,1439914259573,"9,458",100% bearish,of 1 rating,$44
DGII,$10.2,1439914259729,"35,770",100% bearish,of 1 rating,$10
DRAD,$4.0501,1439914259756,"4,504",100% bullish,of 1 rating,$5.25
APPS,$2.3,1439914259798,"26,199",100% bearish,of 1 rating,$10.25
DCOM,$17.21,1439914259828,"11,436",100% bearish,of 2 ratings,$16.50
DGLY,$7.525,1439914259855,"46,398",50% bullish,of 6 ratings,$20
DPRX,$13.54,1439914259890,"3,413",100% bullish,of 2 ratings,$27.75
DISCA,$29.06,1439914259926,"299,513",67% bullish,of 3 ratings,$34
DIOD,$19.68,1439914259988,"62,294",75% bearish,of 4 ratings,$24
DISCB,NULL,1439914260193,0,100% bearish,of 1 rating,$35
DSCO,$0.49,1439914260219,"143,879",83% bullish,of 6 ratings,$2.75
DISCK,$27.6337,1439914260279,"601,677",100% bearish,of 1 rating,$40
DISH,$66.53,1439914260411,"194,153",69% bullish,of 13 ratings,$73
DVCR,$11.76,1439914260458,"1,445",100% bullish,of 1 rating,N/A
BAGR,$3,1439914260483,"7,661",100% bearish,of 1 rating,$6
DNBF,$26.5,1439914260651,1,Not yet rated,NULL,$27.50
DLTR,$79.15,1439914260682,"258,359",82% bullish,of 11 ratings,$88
DLHC,$2.6,1439914260708,500,100% bearish,of 1 rating,N/A
DGICB,$18.23,1439914260747,2,100% bearish,of 1 rating,N/A
DGICA,$14.61,1439914260776,"1,823",100% bearish,of 1 rating,$17
DMLP,$14.85,1439914260842,"13,281",100% bearish,of 1 rating,N/A
DORM,$51.55,1439914260874,"43,148",100% bearish,of 1 rating,$56
DRWI,$0.2979,1439914260918,"28,200",60% bullish,of 5 ratings,$.45
HILL,$5.33,1439914261141,"234,547",60% bearish,of 5 ratings,$8
DRWIW,NULL,1439914261321,0,Not yet rated,NULL,N/A
DSKX,$3.71,1439914261370,"86,464",100% bullish,of 1 rating,N/A
DWA,$19.35,1439914261402,"65,254",63% bullish,of 8 ratings,$26
DRYS,$0.347,1439914261500,"1,115,821",77% bullish,of 31 ratings,$.60
CADT,NULL,1439914261528,0,Not yet rated,NULL,N/A
CADTR,NULL,1439914261553,0,Not yet rated,NULL,N/A
CADTW,NULL,1439914261574,0,Not yet rated,NULL,N/A
DSPG,$8.58,1439914261607,"21,818",100% bearish,of 1 rating,$13.50
CADTU,NULL,1439914261825,0,Not yet rated,NULL,N/A
DTSI,$27.44,1439914261858,"11,254",100% bearish,of 2 ratings,$39.50
DNKN,$52.03,1439914261892,"142,760",67% bullish,of 15 ratings,$56.50
DXPE,$29.56,1439914261921,"162,849",50% bullish,of 2 ratings,N/A
DRRX,$2.17,1439914261951,"144,914",50% bullish,of 6 ratings,$3
DYAX,$23.77,1439914262080,"128,616",89% bullish,of 9 ratings,$30
BOOM,$10.1,1439914262165,"17,208",67% bullish,of 3 ratings,$12
DVAX,$30.27,1439914262405,"80,516",70% bullish,of 10 ratings,$40
DYNT,$3.08,1439914262432,300,75% bullish,of 4 ratings,N/A
DYSL,NULL,1439914262467,0,100% bullish,of 2 ratings,N/A
ETFC,$28.35,1439914262503,"250,601",57% bullish,of 14 ratings,$33
EBMT,NULL,1439914262563,0,Not yet rated,NULL,$13.50
EGLE,$7.6,1439914262590,"1,654",60% bullish,of 5 ratings,N/A
EGBN,$44.9,1439914262619,"16,271",Not yet rated,NULL,$48
EGRX,$70.59,1439914262648,"63,685",67% bullish,of 3 ratings,$97
EACQU,$10.12,1439914262937,18,Not yet rated,NULL,N/A
EML,$17.249,1439914263014,688,Not yet rated,NULL,N/A
ELNK,$9.18,1439914263041,"309,143",80% bullish,of 5 ratings,$9.50
EWBC,$45.01,1439914263066,"103,287",100% bearish,of 1 rating,$50
EROC,$1.47,1439914263109,"107,932",50% bullish,of 2 ratings,$3
EVBS,$6.45,1439914263139,234,Not yet rated,NULL,$7
EBAY,$27.865,1439914263242,"2,098,271",81% bullish,of 117 ratings,$48
EBIX,$30.16,1439914263486,"35,897",69% bullish,of 13 ratings,$40
ELON,$0.5608,1439914263518,"9,658",50% bullish,of 2 ratings,N/A
ECTE,$1.48,1439914263548,"12,528",75% bullish,of 4 ratings,N/A
ECHO,$25.905,1439914263590,"172,372",67% bearish,of 3 ratings,$35.50
SATS,$46.35,1439914263611,"25,625",50% bullish,of 2 ratings,$60
ECACU,NULL,1439914263644,0,Not yet rated,NULL,N/A
EEI,NULL,1439914263674,0,67% bearish,of 3 ratings,N/A
ESES,$3.44,1439914263700,"1,900",100% bearish,of 1 rating,$7
EDAP,$3.5817,1439914263950,"4,711",60% bullish,of 5 ratings,$4.50
EDGW,NULL,1439914264111,0,100% bearish,of 1 rating,N/A
EFUT,$4.44,1439914264193,"8,607",Not yet rated,NULL,N/A
EGLT,$12.47,1439914264219,"8,250",50% bullish,of 2 ratings,$21
EDUC,$4.69,1439914264244,"1,029",100% bearish,of 1 rating,N/A
EGAN,$3.48,1439914264270,"1,400",50% bullish,of 2 ratings,$6.25
ESLT,$82.76,1439914264418,"4,706",100% bullish,of 2 ratings,N/A
EMITF,$1.2899,1439914264446,"5,171",75% bullish,of 4 ratings,N/A
EHTH,$14.78,1439914264489,"28,633",50% bullish,of 4 ratings,$16.50
ERI,$9.75,1439914264594,"28,494",100% bearish,of 1 rating,$10
EA,$73.875,1439914264626,"722,811",77% bullish,of 35 ratings,$80
LOCO,$14.295,1439914264653,"362,945",69% bullish,of 13 ratings,$23
ELRC,$10.25,1439914264681,"2,888",100% bearish,of 1 rating,N/A
ESIO,$4.64,1439914264711,"14,296",50% bullish,of 2 ratings,$10
ELSE,NULL,1439914264875,0,60% bullish,of 5 ratings,N/A
EFII,$45.58,1439914264900,"129,571",80% bullish,of 5 ratings,$55
ELECU,NULL,1439914265139,0,Not yet rated,NULL,N/A
ELECW,NULL,1439914265185,0,Not yet rated,NULL,N/A
ELEC,NULL,1439914265229,0,Not yet rated,NULL,N/A
EBIO,$4.16,1439914265265,"547,200",100% bearish,of 2 ratings,$8.35
RDEN,$10.42,1439914265317,"50,505",100% bearish,of 4 ratings,$15
CAPX,$23.93,1439914265359,2,Not yet rated,NULL,N/A
ESBK,NULL,1439914265384,0,Not yet rated,NULL,N/A
LONG,$17.19,1439914265462,"18,460",67% bullish,of 3 ratings,$15.75
ELTK,$1.13,1439914265563,800,67% bearish,of 3 ratings,N/A
EMCF,NULL,1439914265631,0,100% bearish,of 1 rating,N/A
EMCI,$23.87,1439914265663,"2,200",Not yet rated,NULL,N/A
EMKR,$7.2999,1439914265689,"36,738",75% bullish,of 4 ratings,$8.50
EMMS,$1.21,1439914265823,"3,096",67% bullish,of 6 ratings,N/A
EMMSP,NULL,1439914265873,0,100% bearish,of 1 rating,N/A
ECPG,$40.81,1439914266097,"44,648",100% bullish,of 2 ratings,$52
ENTA,$41.17,1439914266125,"33,960",50% bullish,of 2 ratings,$42
ERS,$3.01,1439914266146,"2,800",Not yet rated,NULL,N/A
WIRE,$33.8975,1439914266177,"52,113",100% bearish,of 1 rating,$37
NYNY,$4.45,1439914266218,"4,983",50% bullish,of 2 ratings,N/A
ENDP,$86.05,1439914266312,"157,648",50% bullish,of 6 ratings,$104
ECYT,$5.375,1439914266342,"61,121",83% bullish,of 6 ratings,$12
ELGX,$13.15,1439914266363,"172,404",75% bullish,of 4 ratings,$17
EFOI,$15.66,1439914266516,"102,302",50% bullish,of 2 ratings,$17
EIGI,$16.05,1439914266566,"103,026",67% bearish,of 3 ratings,$20
WATT,$6.9824,1439914266618,"39,499",50% bullish,of 2 ratings,$13
ENOC,$8.7,1439914266751,"43,404",75% bullish,of 4 ratings,$18
EXXI,$1.7001,1439914266880,"471,900",86% bullish,of 7 ratings,$3.50
ENPH,$5.27,1439914266911,"284,610",75% bullish,of 4 ratings,$11
ENG,$1.045,1439914266933,"14,322",100% bullish,of 3 ratings,N/A
ERII,$2.99,1439914266966,"56,676",80% bullish,of 5 ratings,$2.50
ENFC,$18.49,1439914267070,"2,402",Not yet rated,NULL,N/A
ENTG,$14.66,1439914267100,"83,382",100% bearish,of 1 rating,$18
ENTL,$22.628,1439914267127,"7,041",Not yet rated,NULL,$28
ESGR,$157.99,1439914267260,"93,332",100% bearish,of 1 rating,$185
EFSC,$24.88,1439914267361,"7,745",Not yet rated,NULL,$27
ETRM,$0.2674,1439914267390,"435,540",69% bearish,of 35 ratings,$1.625
EBTC,$21.44,1439914267491,150,Not yet rated,NULL,N/A
EGT,$2.22,1439914267550,"7,005",100% bullish,of 1 rating,N/A
ENZN,$1.08,1439914267577,"219,187",100% bullish,of 9 ratings,N/A
ENZY,$8.79,1439914267834,"2,400",67% bullish,of 3 ratings,$9.50
ENVI,$1.8,1439914267862,"8,500",67% bullish,of 3 ratings,N/A
EPIQ,$13.99,1439914267916,"14,315",100% bearish,of 1 rating,$18
EPRS,$5.02,1439914267942,"27,793",82% bullish,of 11 ratings,$15
PLUS,$74.85,1439914268023,"9,417",50% bullish,of 2 ratings,$88
EQFN,NULL,1439914268086,0,Not yet rated,NULL,N/A
EPZM,$17.7344,1439914268127,"98,390",60% bullish,of 5 ratings,$34
EQIX,$286.09,1439914268156,"73,504",67% bullish,of 3 ratings,$312.50
EAC,$3.6,1439914268318,"25,510",100% bearish,of 1 rating,$8
ERIE,$87.4,1439914268461,"7,186",Not yet rated,NULL,$73
ERIC,$10.51,1439914268488,"536,987",63% bullish,of 8 ratings,$13.30
ESCRP,$1.9123,1439914268619,"1,513",100% bearish,of 1 rating,N/A
ESCR,$0.2199,1439914268653,"18,940",50% bullish,of 2 ratings,N/A
ESCA,$18.47,1439914268680,"3,600",100% bearish,of 1 rating,$22
ESMC,NULL,1439914268749,0,Not yet rated,NULL,N/A
ESPR,$71.1099,1439914268774,"1,606,454",67% bearish,of 9 ratings,$130
ESND,$36.13,1439914268845,"29,178",100% bearish,of 1 rating,$40
ESSA,$12.81,1439914268917,500,100% bearish,of 1 rating,N/A
EPIX,$7,1439914268946,120,Not yet rated,NULL,N/A
ESSX,$0.49,1439914269080,"10,469",50% bullish,of 2 ratings,N/A
ETSY,$15.98,1439914269153,"260,539",80% bullish,of 5 ratings,$16
EEFT,$69.03,1439914269255,"37,038",100% bearish,of 1 rating,$67.50
CLWT,$2.561,1439914269280,"1,500",100% bearish,of 1 rating,N/A
ESEA,$6.28,1439914269309,331,100% bullish,of 1 rating,$15
EVEP,$8.7,1439914269460,"127,024",50% bullish,of 2 ratings,$15
EVK,NULL,1439914269531,0,75% bearish,of 4 ratings,N/A
EVOK,$5.93,1439914269663,"833,415",100% bearish,of 1 rating,$13.75
EXA,$10.7001,1439914269693,"7,900",100% bearish,of 1 rating,$13
EVLV,$2.21,1439914269720,"28,817",60% bullish,of 5 ratings,$6.50
EVOL,$6.46,1439914269795,"14,759",75% bullish,of 4 ratings,$10
EXAS,$23.5,1439914269850,"143,376",78% bullish,of 9 ratings,$31
EXAC,$18.72,1439914269876,"10,358",100% bearish,of 1 rating,$22.50
EXLS,$37.14,1439914269939,"17,108",100% bullish,of 1 rating,$41
EXFO,NULL,1439914270009,0,67% bearish,of 3 ratings,$3.95
EXPE,$122.94,1439914270151,"204,893",64% bullish,of 11 ratings,$130
EXEL,$5.835,1439914270235,"838,471",81% bullish,of 16 ratings,$6
EXPD,$49.8,1439914270297,"307,983",80% bullish,of 5 ratings,$50.50
EXPO,$43.93,1439914270443,"7,370",100% bearish,of 1 rating,$45.50
ESRX,$90.63,1439914270502,"1,192,838",67% bearish,of 6 ratings,$101
EXTR,$3,1439914270527,"194,166",80% bullish,of 5 ratings,$3
EXLP,$20.7641,1439914270572,"11,451",100% bearish,of 1 rating,$27
EZCH,$21.74,1439914270659,"53,762",75% bullish,of 8 ratings,$19.50
EYEGW,NULL,1439914270701,0,Not yet rated,NULL,N/A
EYEG,$4.54,1439914270730,"8,250",Not yet rated,NULL,N/A
EZPW,$6.09,1439914270937,"32,099",50% bullish,of 4 ratings,$7.50
FCS,$14.29,1439914270966,"150,518",67% bearish,of 3 ratings,$17
FB,$95.595,1439914270988,"8,193,701",73% bullish,of 1064 ratings,$111
FFIV,$133.31,1439914271017,"140,029",71% bullish,of 7 ratings,$132
FRP,$17.74,1439914271150,"15,750",100% bearish,of 1 rating,$18
FWM,$2.33,1439914271228,"40,691",100% bearish,of 2 ratings,$3.20
FALC,$1.69,1439914271334,"40,515",63% bearish,of 8 ratings,N/A
DAVE,$15.43,1439914271393,"7,861",100% bearish,of 1 rating,$15.50
FMNB,$8.11,1439914271415,"11,232",Not yet rated,NULL,N/A
FFKT,$27.44,1439914271495,"5,367",Not yet rated,NULL,$29
FAST,$40.66,1439914271556,"313,630",80% bullish,of 5 ratings,$46
FARM,$22.62,1439914271583,"5,095",100% bearish,of 1 rating,$35
FARO,$41.15,1439914271664,"43,560",50% bullish,of 2 ratings,$48
FBRC,$23.14,1439914271841,"27,771",100% bearish,of 1 rating,$29
FBSS,NULL,1439914271870,0,Not yet rated,NULL,N/A
FDML,$9.69,1439914271972,"51,636",50% bullish,of 4 ratings,$14
FATE,$7.93,1439914272030,"34,466",100% bearish,of 1 rating,$11
FNHC,$23.79,1439914272075,"10,533",100% bearish,of 1 rating,$35
FEIC,$81.1,1439914272113,"155,804",50% bullish,of 2 ratings,$95.50
FENX,$9.76,1439914272256,"13,776",100% bullish,of 1 rating,$14.25
FCSC,$6.46,1439914272338,"32,692",100% bearish,of 1 rating,$8.125
FGEN,$25.04,1439914272373,"191,212",100% bearish,of 1 rating,$39
FHCO,$1.5,1439914272394,"6,564",50% bullish,of 4 ratings,N/A
LION,$19.9399,1439914272470,"29,794",100% bullish,of 1 rating,$20
ONEQ,$199.815,1439914272528,"25,104",100% bullish,of 1 rating,N/A
FSAM,$8.75,1439914272629,"3,549",100% bearish,of 1 rating,$11
FDUS,$15.223,1439914272655,"23,765",100% bullish,of 1 rating,$18
FRGI,$54.97,1439914272730,"40,662",50% bullish,of 2 ratings,$70
FSC,$6.495,1439914272821,"215,222",75% bullish,of 4 ratings,$8
FSCFL,$24.99,1439914272904,"3,163",Not yet rated,NULL,N/A
FSFR,$9.11,1439914273009,"27,529",100% bearish,of 1 rating,$11.50
FISI,$24.53,1439914273062,"1,717",100% bullish,of 2 ratings,$24.50
FITBI,$27.79,1439914273108,"4,603",Not yet rated,NULL,N/A
FNGN,$35.73,1439914273242,"82,940",67% bullish,of 3 ratings,$47
FITB,$21.0863,1439914273268,"768,723",54% bullish,of 13 ratings,$22
FNSR,$17.49,1439914273351,"423,590",86% bullish,of 7 ratings,$25
FNJN,$1.7399,1439914273407,"1,882",100% bearish,of 1 rating,$5
FNTC,NULL,1439914273455,0,Not yet rated,NULL,N/A
FNTCU,NULL,1439914273481,0,Not yet rated,NULL,N/A
FEYE,$43.69,1439914273647,"1,214,327",87% bullish,of 15 ratings,$55.50
FNTCW,NULL,1439914273702,0,Not yet rated,NULL,N/A
FBNC,$17.11,1439914273802,"3,996",100% bullish,of 1 rating,$20
FNLC,$18.82,1439914273886,"2,000",100% bullish,of 1 rating,N/A
FRBA,$6,1439914274015,350,Not yet rated,NULL,$8
BUSE,$6.45,1439914274108,"11,057",Not yet rated,NULL,$6.875
FBIZ,$44.06,1439914274174,"1,323",100% bearish,of 2 ratings,$52
FCVA,NULL,1439914274209,0,Not yet rated,NULL,N/A
FCNCA,$247.5,1439914274307,"1,077",Not yet rated,NULL,N/A
FCAP,NULL,1439914274336,0,Not yet rated,NULL,N/A
FCFS,$38.11,1439914274365,"20,283",100% bearish,of 2 ratings,$48
FCLF,NULL,1439914274437,0,Not yet rated,NULL,N/A
FCCO,$12.14,1439914274525,7,Not yet rated,NULL,$13.25
FCFP,NULL,1439914274606,0,Not yet rated,NULL,N/A
FBNK,$16.26,1439914274738,"2,278",100% bearish,of 1 rating,$17.50
FDEF,$37.51,1439914274767,"7,624",Not yet rated,NULL,$38
FCBC,$18.1554,1439914274870,"1,819",Not yet rated,NULL,$17
FFNM,$6.34,1439914274937,38,Not yet rated,NULL,N/A
FFBCW,NULL,1439914274958,0,100% bearish,of 1 rating,N/A
FFIN,$32.54,1439914275016,"22,459",50% bullish,of 2 ratings,$31.75
THFF,$33.73,1439914275045,"11,198",Not yet rated,NULL,$35
FFBC,$19.36,1439914275100,"26,284",67% bearish,of 3 ratings,$20.25
FFNW,$12.5,1439914275147,800,Not yet rated,NULL,$14
FIBK,$27.87,1439914275328,"8,094",Not yet rated,NULL,$32
INBK,$36,1439914275356,"2,181",50% bullish,of 2 ratings,$37
FRME,$25.975,1439914275383,"12,064",Not yet rated,NULL,$26.50
FMBI,$18.5175,1439914275514,"84,206",Not yet rated,NULL,$20
FFWM,$21.35,1439914275566,"1,008",Not yet rated,NULL,$24
FNBC,$35.38,1439914275621,"41,443",Not yet rated,NULL,$41
FMBH,NULL,1439914275651,0,Not yet rated,NULL,N/A
FNFG,$9.737,1439914275756,"574,027",80% bullish,of 5 ratings,$9
FNWB,$12.2201,1439914275835,"2,943",Not yet rated,NULL,N/A
FSFG,$31.2,1439914275900,102,Not yet rated,NULL,N/A
FSLR,$51.335,1439914275937,"430,561",74% bullish,of 39 ratings,$65
FSGI,NULL,1439914275985,0,Not yet rated,NULL,N/A
BICK,NULL,1439914276141,0,100% bullish,of 1 rating,N/A
FSBK,$7.79,1439914276173,"4,957",100% bullish,of 1 rating,N/A
FBZ,NULL,1439914276193,0,Not yet rated,NULL,N/A
FTCS,$38.7699,1439914276282,"6,761",Not yet rated,NULL,N/A
FV,$24.9199,1439914276324,"596,848",Not yet rated,NULL,N/A
FCAN,NULL,1439914276350,0,Not yet rated,NULL,N/A
FCA,$22.08,1439914276417,595,Not yet rated,NULL,N/A
IFV,$18.7347,1439914276554,"135,803",100% bearish,of 1 rating,N/A
FEMB,NULL,1439914276579,0,Not yet rated,NULL,N/A
FTSM,$59.94,1439914276605,"17,519",100% bearish,of 1 rating,N/A
TDIV,$25.9812,1439914276773,"84,255",100% bearish,of 1 rating,N/A
FEUZ,$32.79,1439914276908,30,Not yet rated,NULL,N/A
FTGC,$22.68,1439914276961,"24,733",Not yet rated,NULL,N/A
MDIV,$19.8744,1439914277010,"37,935",Not yet rated,NULL,N/A
FGM,$37.24,1439914277041,600,Not yet rated,NULL,N/A
FTHI,NULL,1439914277064,0,Not yet rated,NULL,N/A
FPXI,NULL,1439914277095,0,Not yet rated,NULL,N/A
HYLS,$49.7867,1439914277116,"214,771",100% bearish,of 1 rating,N/A
FHK,$35.36,1439914277258,"3,075",Not yet rated,NULL,N/A
YDIV,NULL,1439914277419,0,Not yet rated,NULL,N/A
SKYY,$30.6799,1439914277456,"25,304",100% bullish,of 1 rating,N/A
PLTM,$6.46,1439914277503,400,100% bearish,of 1 rating,N/A
CU,$12.97,1439914277551,"1,500",100% bearish,of 1 rating,N/A
FJP,$50.26,1439914277712,"2,984",Not yet rated,NULL,N/A
LMBS,NULL,1439914277772,0,Not yet rated,NULL,N/A
QABA,$39.5599,1439914277906,"3,531",100% bearish,of 1 rating,N/A
FONE,$36.81,1439914277932,11,Not yet rated,NULL,N/A
FTLB,NULL,1439914277960,0,100% bearish,of 1 rating,N/A
CIBR,$19.6846,1439914277989,"19,082",Not yet rated,NULL,N/A
FMB,$50.86,1439914278014,"3,618",Not yet rated,NULL,N/A
GRID,NULL,1439914278149,0,100% bearish,of 1 rating,N/A
CARZ,$36.9348,1439914278180,"1,661",100% bearish,of 1 rating,N/A
QCLN,$16.1499,1439914278201,"4,315",Not yet rated,NULL,N/A
RDVY,$22.56,1439914278373,"4,584",Not yet rated,NULL,N/A
QQEW,$44.29,1439914278398,"5,285",Not yet rated,NULL,N/A
QQXT,$42.9506,1439914278592,"2,104",Not yet rated,NULL,N/A
FTSL,$48.9935,1439914278621,"15,301",100% bearish,of 1 rating,N/A
AIRR,$17.02,1439914278642,814,100% bearish,of 1 rating,N/A
QINC,$21.59,1439914278663,1,Not yet rated,NULL,N/A
QTEC,$42.2601,1439914278701,"9,834",Not yet rated,NULL,N/A
FKO,$23.83,1439914278797,"1,300",Not yet rated,NULL,N/A
FTW,$31.242,1439914278832,450,Not yet rated,NULL,N/A
FDIV,NULL,1439914278860,0,100% bearish,of 1 rating,N/A
FKU,$44.02,1439914279000,"5,307",Not yet rated,NULL,N/A
FSZ,$40.56,1439914279028,"5,344",Not yet rated,NULL,N/A
FUNC,$8.28,1439914279049,"1,300",Not yet rated,NULL,N/A
TUSA,NULL,1439914279078,0,Not yet rated,NULL,N/A
SVVC,$10.7125,1439914279219,"3,186",100% bullish,of 1 rating,$26
FMER,$18.805,1439914279359,"401,938",50% bullish,of 2 ratings,$20
FISV,$90.26,1439914279407,"110,037",100% bearish,of 3 ratings,$90
FSV,$33.41,1439914279437,"12,920",Not yet rated,NULL,$33.60
FPRX,$18.86,1439914279490,"92,307",50% bullish,of 2 ratings,$35
FIVN,$4.2,1439914279516,"96,792",100% bullish,of 1 rating,$8.50
FIVE,$37.67,1439914279541,"70,882",75% bearish,of 4 ratings,$44
FLML,$21.5401,1439914279724,"23,080",50% bullish,of 2 ratings,$30
FLXN,$24.3501,1439914279755,"35,650",100% bearish,of 1 rating,$39.50
FLKS,$14.58,1439914279815,"12,486",50% bullish,of 2 ratings,$27
MBSD,NULL,1439914279850,0,Not yet rated,NULL,N/A
SKOR,$50.33,1439914279875,4,Not yet rated,NULL,N/A
FLEX,$11.17,1439914279913,"343,263",63% bullish,of 8 ratings,$12
FLIR,$30.53,1439914279944,"104,455",100% bearish,of 1 rating,$38.50
FLXS,$41.3455,1439914279969,"1,782",100% bearish,of 2 ratings,N/A
FLDM,$12.755,1439914280151,"71,116",67% bearish,of 3 ratings,$21.50
FFIC,$20.73,1439914280367,"9,624",Not yet rated,NULL,$21
FOMX,$10.58,1439914280398,"105,972",50% bullish,of 2 ratings,$23.50
FOGO,$18.94,1439914280424,"37,348",50% bullish,of 2 ratings,$25.50
FES,$0.919,1439914280472,"1,200",50% bullish,of 2 ratings,$1
FONR,$9.5,1439914280497,"2,480",100% bullish,of 1 rating,N/A
FORTY,NULL,1439914280570,0,Not yet rated,NULL,N/A
FORM,$6.47,1439914280642,"85,412",67% bullish,of 3 ratings,$10.50
FTNT,$47.79,1439914280798,"211,348",80% bullish,of 10 ratings,$52
FBIO,$3.06,1439914280870,"45,033",83% bullish,of 6 ratings,N/A
FORD,$1.111,1439914280902,"80,261",50% bullish,of 2 ratings,N/A
FORR,$32.49,1439914280923,"5,335",Not yet rated,NULL,N/A
FWRD,$49.2075,1439914280951,"34,563",100% bearish,of 1 rating,$50
FOSL,$62.04,1439914281099,"206,066",50% bullish,of 4 ratings,$70
FMI,$20.11,1439914281168,"91,372",100% bearish,of 2 ratings,$27.50
FWP,$27.45,1439914281198,"37,646",100% bearish,of 1 rating,$45
FOXF,$15.8,1439914281328,"3,620",100% bearish,of 1 rating,$19
FELE,$30,1439914281356,"48,789",50% bullish,of 4 ratings,$33
FXCB,$17.46,1439914281380,"1,210",Not yet rated,NULL,$19
FRAN,$10.35,1439914281412,"408,405",50% bullish,of 4 ratings,$15
FREE,$0.538,1439914281577,"176,630",92% bullish,of 12 ratings,N/A
FRED,$14.53,1439914281633,"21,260",50% bullish,of 2 ratings,$16.50
FRPT,$13.94,1439914281722,"91,034",67% bearish,of 3 ratings,$23.50
FEIM,$10.7001,1439914281751,212,100% bearish,of 1 rating,N/A
FTR,$5.48,1439914281777,"4,824,036",78% bullish,of 27 ratings,$6.25
RAIL,$21.24,1439914281883,"16,441",100% bearish,of 1 rating,$24.50
FRPH,NULL,1439914281914,0,100% bearish,of 1 rating,N/A
FTRPR,$107.11,1439914281936,800,100% bearish,of 1 rating,N/A
FSBW,$23.5,1439914282071,"1,512",Not yet rated,NULL,N/A
FTEK,$2.34,1439914282215,"11,068",75% bullish,of 4 ratings,N/A
FTD,$31.91,1439914282245,"60,616",100% bearish,of 1 rating,$40
FSYS,$6.59,1439914282309,"7,000",67% bullish,of 3 ratings,$10
FCEL,$0.7907,1439914282341,"209,754",88% bullish,of 40 ratings,$2.65
FULL,$3.2199,1439914282392,"24,487",67% bearish,of 3 ratings,$4.25
FULLL,NULL,1439914282440,0,Not yet rated,NULL,N/A
FULT,$13.115,1439914282597,"314,399",100% bearish,of 1 rating,$13
FLL,$1.5301,1439914282627,"4,675",75% bullish,of 4 ratings,$2.825
FFHL,NULL,1439914282657,0,50% bullish,of 4 ratings,N/A
FXEN,$1.0601,1439914282692,"57,353",75% bullish,of 4 ratings,$1.10
FSNN,$2.52,1439914282761,950,67% bullish,of 3 ratings,$6
FXENP,$16.4895,1439914282794,750,100% bearish,of 1 rating,N/A
GK,$72.08,1439914282863,"13,707",Not yet rated,NULL,$78
WILC,$5.0999,1439914282888,"1,308",100% bullish,of 2 ratings,N/A
GAIA,$5.7,1439914283029,"15,722",50% bullish,of 2 ratings,$8.50
GLPG,$64.72,1439914283282,"25,676",100% bullish,of 1 rating,$75
GALTU,NULL,1439914283311,0,100% bearish,of 1 rating,N/A
GALTW,$0.65,1439914283340,"18,100",100% bullish,of 1 rating,N/A
GALT,$2.17,1439914283368,"12,415",80% bullish,of 5 ratings,N/A
GALE,$1.485,1439914283389,"410,346",89% bullish,of 47 ratings,$4
GLMD,$9.01,1439914283428,"2,090",67% bullish,of 3 ratings,$20.50
GPIC,NULL,1439914283522,0,100% bearish,of 1 rating,N/A
GLPI,$33.68,1439914283550,"61,931",100% bearish,of 1 rating,$37.50
GGAC,$9.82,1439914283679,750,100% bearish,of 1 rating,N/A
GGACR,$0.1999,1439914283728,800,100% bullish,of 1 rating,N/A
GGACW,$0.12,1439914283810,"11,635",Not yet rated,NULL,N/A
GRMN,$40.29,1439914283840,"143,752",50% bullish,of 6 ratings,$48
GGACU,NULL,1439914283861,0,Not yet rated,NULL,N/A
GARS,$14.82,1439914284002,"10,301",Not yet rated,NULL,$16
GENC,NULL,1439914284196,0,100% bearish,of 1 rating,N/A
GFNSL,$25.8,1439914284241,"2,000",Not yet rated,NULL,N/A
GNCMA,$17.725,1439914284268,"19,309",100% bearish,of 1 rating,$12
GFN,$3.99,1439914284336,"2,028",100% bearish,of 2 ratings,$8
GENE,$2.78,1439914284399,"36,556",100% bullish,of 12 ratings,N/A
GNMK,$9.46,1439914284429,"34,199",67% bullish,of 6 ratings,$14
GFNCP,$98.7,1439914284531,100,Not yet rated,NULL,N/A
GNCA,$13.01,1439914284699,"35,436",100% bearish,of 1 rating,$20
THRM,$48.49,1439914284741,"34,525",75% bearish,of 4 ratings,$55.50
GHDX,$26.02,1439914284767,"46,268",50% bullish,of 2 ratings,$30
GNTX,$15.96,1439914284902,"795,266",Not yet rated,NULL,$20
GABC,$29.75,1439914284937,"1,686",Not yet rated,NULL,$31.50
GEOS,$15.17,1439914284964,"22,638",100% bearish,of 3 ratings,$25.50
GNVC,$2.34,1439914284989,353,90% bullish,of 10 ratings,$8.50
GTWN,NULL,1439914285035,0,Not yet rated,NULL,N/A
GERN,$3.4099,1439914285174,"521,930",88% bullish,of 16 ratings,$5.25
ROCK,$18.65,1439914285232,"22,425",80% bullish,of 5 ratings,$24
GEVO,$2.25,1439914285310,"309,202",75% bullish,of 12 ratings,N/A
GIGM,$0.6533,1439914285369,"17,150",100% bullish,of 2 ratings,N/A
GIGA,$1.44,1439914285398,766,100% bearish,of 1 rating,N/A
GIII,$70,1439914285528,"27,272",67% bullish,of 3 ratings,$75
GILT,$4.65,1439914285553,"8,289",50% bullish,of 2 ratings,N/A
GLAD,$8.25,1439914285697,"24,268",50% bullish,of 2 ratings,$8.75
GBCI,$28.08,1439914285730,"38,311",50% bullish,of 2 ratings,$31
GILD,$117.06,1439914285752,"1,578,492",91% bullish,of 86 ratings,$129
GLADO,$25.46,1439914285801,750,Not yet rated,NULL,N/A
GOOD,$15.79,1439914285828,"5,806",Not yet rated,NULL,$19
GOODN,$25.67,1439914285905,61,Not yet rated,NULL,N/A
GOODO,NULL,1439914285958,0,Not yet rated,NULL,N/A
GOODP,$25.24,1439914285997,350,Not yet rated,NULL,N/A
GAIN,$7.94,1439914286141,"57,873",100% bullish,of 2 ratings,$8.25
GAINN,$25.22,1439914286220,"2,100",Not yet rated,NULL,N/A
GAINO,$25.3,1439914286245,935,Not yet rated,NULL,N/A
GAINP,$26.09,1439914286389,400,Not yet rated,NULL,N/A
LAND,$9.4792,1439914286415,"5,858",50% bullish,of 2 ratings,$13.75
GLBZ,$12.12,1439914286473,254,Not yet rated,NULL,N/A
GDEF,NULL,1439914286666,0,Not yet rated,NULL,N/A
GBLI,$27.05,1439914286693,"3,300",Not yet rated,NULL,N/A
ENT,$12.88,1439914286725,"84,556",100% bearish,of 1 rating,$18
GSOL,$8.5,1439914286754,"3,321",100% bearish,of 1 rating,N/A
GBT,$48.01,1439914286790,"229,543",Not yet rated,NULL,N/A
ACTX,NULL,1439914286830,0,100% bullish,of 1 rating,N/A
GPACU,$10.0329,1439914286888,200,Not yet rated,NULL,N/A
QQQC,$21.0601,1439914286914,"2,562",100% bearish,of 1 rating,N/A
ALTY,NULL,1439914287133,0,Not yet rated,NULL,N/A
SOCL,$18.5051,1439914287187,"19,385",100% bullish,of 2 ratings,N/A
SRET,$13.8973,1439914287213,840,Not yet rated,NULL,N/A
GAI,$5.48,1439914287348,520,50% bullish,of 2 ratings,N/A
GSM,$13.9,1439914287374,"116,606",50% bullish,of 2 ratings,$24.50
YLCO,$12.36,1439914287399,"2,002",Not yet rated,NULL,N/A
GBIM,$2.25,1439914287450,"20,599",50% bullish,of 2 ratings,N/A
GLBS,$1.3399,1439914287542,"4,000",67% bullish,of 3 ratings,N/A
GLUU,$4.69,1439914287628,"1,236,902",92% bullish,of 26 ratings,$9
GLRI,$1.2101,1439914287709,"1,650",100% bearish,of 1 rating,$6
GLYC,$7.283,1439914287772,300,50% bullish,of 2 ratings,$14
GOGO,$16.26,1439914287801,"124,729",80% bullish,of 5 ratings,$25
GMLP,$20.5,1439914287875,"50,448",50% bullish,of 4 ratings,$32.50
GLNG,$39.16,1439914287903,"223,021",83% bullish,of 6 ratings,$58
GLDC,NULL,1439914287973,0,50% bullish,of 2 ratings,N/A
GDEN,NULL,1439914288106,0,50% bullish,of 2 ratings,N/A
GOGL,$3.49,1439914288157,"56,791",75% bullish,of 4 ratings,$5
GOOG,$657.5,1439914288306,"329,416",89% bullish,of 65 ratings,$795
GBDC,$16.64,1439914288341,"13,380",Not yet rated,NULL,$17.75
GOOGL,$688.95,1439914288391,"316,792",88% bullish,of 1078 ratings,$747
GPRO,$58.3,1439914288420,"1,410,518",79% bullish,of 58 ratings,$72
GTIM,$7.01,1439914288441,"10,060",Not yet rated,NULL,$11.50
GMAN,$4.71,1439914288473,"14,147",60% bullish,of 5 ratings,$8
GPIA,NULL,1439914288499,0,Not yet rated,NULL,N/A
GPIAU,$10.08,1439914288625,200,Not yet rated,NULL,N/A
LOPE,$39,1439914288760,"57,248",100% bearish,of 2 ratings,$50
GRVY,$3.57,1439914288787,174,50% bullish,of 2 ratings,N/A
GPIAW,NULL,1439914288921,0,Not yet rated,NULL,N/A
GBSNU,$16.4,1439914288981,"10,325",Not yet rated,NULL,N/A
GBSN,$2.215,1439914289007,"62,622",100% bearish,of 1 rating,$8.25
GLDD,$5.54,1439914289140,"39,272",100% bearish,of 4 ratings,$7.75
GRBK,$14.71,1439914289171,"86,543",77% bullish,of 13 ratings,N/A
GNBC,$13.21,1439914289206,"2,000",100% bearish,of 1 rating,$17
GPP,$14.8,1439914289271,"9,006",Not yet rated,NULL,$20.50
GSBC,$42,1439914289299,"3,343",100% bullish,of 1 rating,$44
GLRE,$26.57,1439914289443,"16,406",100% bullish,of 1 rating,$41
GCBC,$28.4999,1439914289473,100,100% bullish,of 1 rating,N/A
GPRE,$22.078,1439914289512,"123,769",67% bullish,of 6 ratings,$28.50
GRIF,NULL,1439914289538,0,100% bearish,of 1 rating,N/A
GRPN,$4.26,1439914289667,"2,783,967",61% bullish,of 71 ratings,$6.75
GRFS,$32.66,1439914289721,"253,286",50% bullish,of 2 ratings,$35
OMAB,$42.78,1439914289879,"6,808",100% bullish,of 1 rating,$44
GGAL,$20.619,1439914289906,"48,225",80% bullish,of 5 ratings,$40
GSIG,$13.52,1439914289928,"4,887",100% bearish,of 2 ratings,N/A
GSIT,$5,1439914289984,"1,380",100% bearish,of 1 rating,N/A
GSVC,$9.4675,1439914290017,"4,400",50% bullish,of 2 ratings,$14.50
GTXI,$0.97,1439914290117,"19,738",100% bullish,of 5 ratings,$.75
GFED,$14.8,1439914290143,1,Not yet rated,NULL,$17
GBNK,$15.86,1439914290290,"3,509",100% bearish,of 1 rating,$18
GUID,$8.96,1439914290323,"10,941",100% bearish,of 3 ratings,$10
GULTU,$0.33,1439914290351,"10,830",100% bearish,of 1 rating,N/A
GIFI,$12.25,1439914290422,"17,180",100% bearish,of 1 rating,$16
GURE,$1.84,1439914290482,"9,661",88% bullish,of 8 ratings,N/A
GPOR,$36.04,1439914290625,"218,791",75% bullish,of 4 ratings,$55.50
GWPH,$114.8,1439914290667,"29,461",78% bullish,of 9 ratings,$148.50
GWGH,$8.175,1439914290696,100,100% bearish,of 1 rating,$15.05
GYRO,$2.9,1439914290766,"3,300",100% bearish,of 1 rating,N/A
HLG,$9.39,1439914290897,2,100% bearish,of 1 rating,N/A
HEES,$16.99,1439914290923,"75,989",67% bearish,of 3 ratings,$31
HNRG,$7.71,1439914290949,"36,496",100% bearish,of 1 rating,$10
HALL,$11.76,1439914290995,"3,799",Not yet rated,NULL,N/A
HALO,$19.41,1439914291093,"385,388",67% bullish,of 3 ratings,$22.50
HBK,NULL,1439914291153,0,50% bullish,of 2 ratings,N/A
HMPR,$1.96,1439914291179,"9,198",100% bullish,of 1 rating,N/A
HBHC,$28.5,1439914291325,"112,382",50% bullish,of 2 ratings,$30
HBHCL,$24.5501,1439914291455,"16,039",Not yet rated,NULL,N/A
HNH,$29.03,1439914291483,200,100% bullish,of 1 rating,N/A
HNSN,$0.54,1439914291510,"36,175",88% bullish,of 8 ratings,$.40
HAFC,$25.52,1439914291531,"9,267",100% bullish,of 2 ratings,$28.50
HQCL,$10.6435,1439914291671,"7,668",67% bullish,of 3 ratings,N/A
HLIT,$5.875,1439914291701,"112,717",100% bearish,of 1 rating,$6.50
HDNG,$10.5,1439914291742,"23,830",50% bullish,of 4 ratings,N/A
HRMNU,NULL,1439914291925,0,Not yet rated,NULL,N/A
HRMN,NULL,1439914291955,0,Not yet rated,NULL,N/A
TINY,$2.5512,1439914291992,"7,516",50% bullish,of 2 ratings,$5.26
HRMNW,NULL,1439914292064,0,Not yet rated,NULL,N/A
HART,$0.645,1439914292093,"71,563",100% bearish,of 1 rating,N/A
HBIO,$4.6,1439914292118,"24,794",Not yet rated,NULL,$10
HCAPL,$25.68,1439914292320,100,Not yet rated,NULL,N/A
HCAP,$12.4,1439914292366,"1,856",50% bullish,of 2 ratings,$15
HAS,$80.32,1439914292496,"134,028",63% bullish,of 8 ratings,$84.50
HA,$25.43,1439914292528,"129,720",67% bullish,of 9 ratings,$27
HCOM,$23.11,1439914292550,"2,000",100% bearish,of 1 rating,$28
HAYN,$39.64,1439914292583,"11,948",100% bearish,of 1 rating,$59
HWBK,$13.72,1439914292611,200,100% bearish,of 1 rating,N/A
HWKN,$37.0249,1439914292638,"8,925",Not yet rated,NULL,N/A
HDS,$34.76,1439914292773,"208,796",100% bearish,of 2 ratings,$39.50
HIIQ,$4.75,1439914292853,"3,575",50% bullish,of 2 ratings,$7
HCSG,$34.59,1439914292985,"32,756",50% bullish,of 4 ratings,$35
HSTM,$25.795,1439914293014,"29,667",50% bullish,of 2 ratings,$33.75
HQY,$33.5,1439914293113,"31,524",67% bullish,of 3 ratings,$31
HTLF,$37.43,1439914293176,"9,156",100% bullish,of 1 rating,$39.50
HTLD,$21.38,1439914293211,"43,740",Not yet rated,NULL,$22.50
HWAY,$12.61,1439914293241,"76,836",100% bearish,of 1 rating,$15
HTBX,$5.69,1439914293342,"4,610",50% bullish,of 2 ratings,$15.50
HSII,$19.99,1439914293427,"14,493",100% bullish,of 3 ratings,$25
HTWR,$89.09,1439914293456,"18,395",50% bullish,of 2 ratings,$103
HELE,$91.305,1439914293490,"30,464",67% bearish,of 3 ratings,$100
HMNY,$2.2801,1439914293519,"1,000",100% bearish,of 1 rating,N/A
HMTV,$13.35,1439914293680,"3,002",100% bearish,of 1 rating,$16
HNNA,$23.15,1439914293759,"2,800",Not yet rated,NULL,N/A
HCACU,$9.98,1439914293830,"1,000",Not yet rated,NULL,N/A
HSIC,$147.55,1439914293890,"94,096",83% bullish,of 6 ratings,$146
HERO,$0.0722,1439914293916,"1,092,413",81% bullish,of 16 ratings,$.75
HFWA,$18.3,1439914294058,"4,976",100% bullish,of 1 rating,$20
HTBK,$10.97,1439914294085,"6,003",Not yet rated,NULL,$12
HEOP,$8,1439914294224,"3,040",Not yet rated,NULL,$8.50
MLHR,$29.615,1439914294245,"74,358",50% bullish,of 2 ratings,$33.50
HCCI,$12.6401,1439914294286,"3,630",100% bearish,of 1 rating,$16.50
HRTX,$32.2,1439914294320,"76,083",67% bullish,of 6 ratings,$41
HSKA,$34.232,1439914294380,"12,691",100% bearish,of 1 rating,$38
HIBB,$40.45,1439914294477,"74,419",100% bearish,of 1 rating,$48.50
HPJ,$2.83,1439914294532,"3,733",75% bullish,of 4 ratings,$12.43
HIHO,$4.1001,1439914294637,"6,524",Not yet rated,NULL,N/A
HFFC,$16.43,1439914294662,202,Not yet rated,NULL,N/A
HIMX,$6.84,1439914294792,"335,073",85% bullish,of 20 ratings,$8.50
HIFS,$115.052,1439914294942,804,Not yet rated,NULL,N/A
HSGX,$6.73,1439914294974,210,100% bearish,of 1 rating,$17
HOLX,$42.59,1439914294995,"268,729",67% bullish,of 3 ratings,$42
HMNF,$11.49,1439914295041,600,Not yet rated,NULL,N/A
HMSY,$9.53,1439914295069,"332,189",67% bullish,of 3 ratings,$19.35
HOLI,$17.87,1439914295095,"121,729",50% bullish,of 4 ratings,$27
HBCP,NULL,1439914295249,0,Not yet rated,NULL,$29
AWAY,$31.195,1439914295291,"153,248",67% bullish,of 3 ratings,$36
HFBL,$22,1439914295327,1,Not yet rated,NULL,N/A
HOMB,$40.785,1439914295425,"34,979",Not yet rated,NULL,$41
HMIN,$29.5,1439914295473,"17,050",100% bearish,of 2 ratings,$35
HMST,$21.74,1439914295696,"19,654",100% bullish,of 2 ratings,$27
HTBI,$18.49,1439914295725,"3,909",67% bullish,of 3 ratings,$18.625
HOFT,$25.3,1439914295756,"3,160",100% bearish,of 1 rating,N/A
HFBC,$11.6399,1439914295787,"1,600",Not yet rated,NULL,N/A
HKTV,$5.17,1439914295860,"2,226",100% bearish,of 1 rating,N/A
CETC,$0.9197,1439914295894,"17,681",86% bullish,of 7 ratings,N/A
HBNC,$25.0628,1439914295920,"13,530",100% bullish,of 1 rating,$27
HZNP,$31.8,1439914295991,"384,306",85% bullish,of 20 ratings,$40
HRZN,$11.1202,1439914296123,"6,449",100% bearish,of 1 rating,$14.25
HDP,$26.41,1439914296155,"66,590",67% bearish,of 3 ratings,$30.50
ZINC,$8.16,1439914296182,"180,458",100% bearish,of 1 rating,$17
HWCC,$7.44,1439914296385,"72,062",100% bearish,of 1 rating,$9
HMHC,$23.48,1439914296418,"67,224",Not yet rated,NULL,$27
HOVNP,$5.41,1439914296473,"1,000",100% bearish,of 1 rating,N/A
HSNI,$63.64,1439914296553,"44,941",Not yet rated,NULL,$80
HBMD,$14.82,1439914296584,102,100% bearish,of 1 rating,N/A
HTGM,$5.85,1439914296615,"8,500",100% bearish,of 1 rating,$19.50
HCBK,$10.3163,1439914296636,"222,235",83% bullish,of 6 ratings,$8.61
HUBG,$41.68,1439914296686,"20,307",100% bearish,of 1 rating,$43
HBAN,$11.8,1439914296829,"2,053,126",76% bullish,of 17 ratings,$12.50
HDSN,$3.16,1439914296858,"2,323",100% bullish,of 1 rating,$6.25
HSON,$3.019,1439914296889,"3,330",100% bearish,of 1 rating,$5
HBANP,NULL,1439914296990,0,100% bearish,of 1 rating,N/A
HURC,$30.74,1439914297015,"2,272",100% bearish,of 1 rating,N/A
HDRA,NULL,1439914297249,0,Not yet rated,NULL,N/A
HTCH,$1.673,1439914297281,"24,301",100% bearish,of 1 rating,$3.50
HBP,$3.15,1439914297302,"3,091",100% bullish,of 1 rating,N/A
HURN,$75.51,1439914297341,"17,322",50% bullish,of 2 ratings,$80
HDRAR,NULL,1439914297431,0,Not yet rated,NULL,N/A
HDRAU,NULL,1439914297461,0,Not yet rated,NULL,N/A
IDSY,$4.03,1439914297489,"2,500",100% bearish,of 1 rating,$7
HYGS,$7.7099,1439914297510,"5,306",50% bullish,of 2 ratings,$13
IACI,$75.15,1439914297711,"89,758",75% bullish,of 4 ratings,$90
HDRAW,NULL,1439914297802,0,Not yet rated,NULL,N/A
IKGH,$1.87,1439914297827,"39,894",75% bullish,of 4 ratings,N/A
IBKC,$63.19,1439914297857,"22,990",100% bullish,of 1 rating,$70
ICAD,$3.6584,1439914297965,"20,520",50% bullish,of 2 ratings,$7.25
IEP,$72.76,1439914298000,"24,467",75% bullish,of 4 ratings,$99
ICFI,$35.272,1439914298258,"37,702",50% bullish,of 2 ratings,$48.50
ICON,$13.55,1439914298319,"249,660",50% bullish,of 2 ratings,$18.50
ICLR,$80.5,1439914298345,"342,090",100% bearish,of 3 ratings,$85
INVE,$5.2,1439914298375,"90,381",75% bullish,of 4 ratings,$4
IPWR,$7.74,1439914298407,"7,839",100% bullish,of 1 rating,$15
ICUI,$122.5,1439914298429,"74,126",Not yet rated,NULL,$122
IDRA,$2.67,1439914298510,"276,019",89% bullish,of 9 ratings,$6.50
IDXX,$79.28,1439914298562,"172,960",100% bearish,of 1 rating,$77
IROQ,$16.6,1439914298726,"2,300",100% bullish,of 1 rating,N/A
DSKY,$12.32,1439914298753,"33,430",67% bullish,of 6 ratings,$11.50
RXDX,$13.68,1439914298942,"55,340",100% bullish,of 1 rating,$20
IRG,$4.3337,1439914299041,"7,141",100% bearish,of 1 rating,$4.50
IKAN,$2.73,1439914299071,"11,232",83% bullish,of 6 ratings,$5
KANG,$17.13,1439914299100,"59,740",50% bullish,of 2 ratings,$22.55
IIVI,$17.61,1439914299121,"26,950",100% bearish,of 1 rating,$22
ISNS,$4.1201,1439914299172,"16,195",50% bullish,of 2 ratings,N/A
IKNX,NULL,1439914299267,0,100% bearish,of 1 rating,N/A
ILMN,$206.9901,1439914299297,"230,686",80% bullish,of 5 ratings,$240
IMDZ,$17.39,1439914299484,"33,998",100% bearish,of 1 rating,$33
ICCC,$8.99,1439914299520,885,100% bullish,of 1 rating,N/A
IMNP,$1.5,1439914299550,"62,464",50% bullish,of 2 ratings,$6
IMMR,$12.49,1439914299619,"18,533",80% bullish,of 5 ratings,$15.50
IMGN,$13.93,1439914299647,"269,200",75% bullish,of 4 ratings,$17.50
IMMU,$1.94,1439914299675,"268,692",86% bullish,of 7 ratings,$2
IPXL,$47.2225,1439914299891,"127,431",67% bullish,of 3 ratings,$46.50
INCR,$44.455,1439914299961,"250,723",50% bullish,of 2 ratings,$53
SAAS,$8.02,1439914300010,"80,392",50% bullish,of 2 ratings,$15
INCY,$116.38,1439914300038,"302,781",50% bullish,of 6 ratings,$125.50
IMMY,$7.912,1439914300059,"2,735",100% bearish,of 1 rating,$11
IBCP,$14.57,1439914300087,"5,143",100% bullish,of 1 rating,$14.50
INDB,$48.34,1439914300196,"5,387",Not yet rated,NULL,$44
IBTX,$43.09,1439914300253,"9,752",100% bullish,of 2 ratings,$47.25
IDSA,$3.74,1439914300492,"3,293",Not yet rated,NULL,N/A
INFI,$9.6,1439914300537,"49,819",50% bullish,of 4 ratings,$18
IPCC,$80.385,1439914300623,"12,214",Not yet rated,NULL,$77
INFN,$24.59,1439914300673,"506,157",71% bullish,of 7 ratings,$27.50
INWK,$7.66,1439914300787,"30,491",50% bullish,of 2 ratings,$10
III,$4.195,1439914300851,"9,388",57% bullish,of 7 ratings,$6
IFON,$1.34,1439914300879,"22,663",75% bullish,of 4 ratings,N/A
IMKTA,$54.41,1439914300909,"30,775",100% bearish,of 1 rating,N/A
INOD,$2.54,1439914301011,200,100% bearish,of 1 rating,N/A
IPHS,$50.37,1439914301085,"27,024",100% bearish,of 1 rating,$60
INNL,NULL,1439914301119,0,100% bearish,of 1 rating,$16.50
ISSC,$2.88,1439914301186,"1,600",67% bearish,of 3 ratings,N/A
IOSP,$46.78,1439914301218,"34,656",100% bearish,of 1 rating,N/A
INGN,$50.545,1439914301318,"67,401",100% bearish,of 1 rating,$50.50
INOV,$22.34,1439914301403,"153,199",100% bearish,of 1 rating,$33
ITEK,$15.875,1439914301453,"289,712",67% bearish,of 3 ratings,$20
ISIG,NULL,1439914301618,0,100% bearish,of 1 rating,N/A
INO,$7.711,1439914301648,"242,836",89% bullish,of 18 ratings,$20
INSM,$27.45,1439914301706,"81,910",71% bullish,of 7 ratings,$32
NSIT,$26.13,1439914301753,"18,697",50% bullish,of 2 ratings,N/A
PODD,$30.29,1439914301778,"67,464",50% bullish,of 2 ratings,$35
INSY,$35.24,1439914301839,"138,152",75% bullish,of 4 ratings,$48
IIIN,$18.015,1439914301933,"2,940",100% bearish,of 2 ratings,N/A
IART,$62.72,1439914302031,"20,818",100% bearish,of 1 rating,$71.50
IDTI,$18.37,1439914302122,"3,433,197",60% bullish,of 5 ratings,$25
IESC,$7.25,1439914302195,"12,000",100% bearish,of 1 rating,N/A
INTC,$28.92,1439914302224,"5,566,051",82% bullish,of 238 ratings,$36
ISSI,$22.33,1439914302246,"23,705",67% bullish,of 3 ratings,$19.75
NTEC,$6.05,1439914302275,902,Not yet rated,NULL,N/A
IQNT,$22.3,1439914302409,"811,030",86% bullish,of 7 ratings,$20
IPCI,$2.25,1439914302570,"20,582",67% bullish,of 6 ratings,$7.75
IPAR,$28.73,1439914302612,"37,283",67% bullish,of 3 ratings,$38
ICPT,$212.62,1439914302704,"44,049",70% bullish,of 10 ratings,$363
ININ,$40.28,1439914302734,"7,700",67% bearish,of 3 ratings,$57
IBKR,$42.36,1439914302759,"62,616",100% bullish,of 1 rating,N/A
ICLDW,NULL,1439914302790,0,100% bearish,of 1 rating,N/A
ICLD,$1.9401,1439914302866,"79,409",75% bullish,of 4 ratings,N/A
IDCC,$50.2,1439914302928,"52,733",80% bullish,of 5 ratings,$63
IMI,NULL,1439914303144,0,67% bullish,of 3 ratings,$2.22
INAP,$8.74,1439914303173,"30,977",75% bullish,of 4 ratings,$11
TILE,$26.12,1439914303251,"78,899",67% bearish,of 3 ratings,$27
IBOC,$27.51,1439914303309,"14,558",100% bearish,of 1 rating,N/A
IGLD,$7.7401,1439914303334,"2,800",50% bullish,of 2 ratings,N/A
ISCA,$33.96,1439914303364,"23,675",100% bearish,of 1 rating,N/A
IIJI,NULL,1439914303465,0,50% bullish,of 2 ratings,$11.50
PTNT,NULL,1439914303524,0,Not yet rated,NULL,N/A
INPH,$0.315,1439914303550,"14,956",50% bullish,of 2 ratings,N/A
XENT,$30.36,1439914303576,"75,926",50% bullish,of 2 ratings,$36.50
IILG,$21.5699,1439914303718,"16,897",100% bearish,of 1 rating,$30.50
ISIL,$10.895,1439914303750,"156,861",50% bullish,of 6 ratings,$15
INTX,$2.55,1439914303799,"7,612",67% bullish,of 3 ratings,N/A
IVAC,$5.0001,1439914303850,"2,534",Not yet rated,NULL,$6.625
INTL,$28.16,1439914304072,"20,889",67% bearish,of 3 ratings,N/A
ITCI,$30.79,1439914304137,"132,976",75% bearish,of 4 ratings,$40
ISRG,$531.705,1439914304201,"27,101",67% bullish,of 3 ratings,$600
INTLL,$25.87,1439914304233,"14,000",Not yet rated,NULL,N/A
INTU,$106.23,1439914304264,"200,942",100% bullish,of 7 ratings,$107.50
IIN,$6.44,1439914304291,5,100% bearish,of 1 rating,$12
INVT,$0.285,1439914304313,"38,332",67% bullish,of 3 ratings,N/A
SNAK,$8.75,1439914304451,"13,590",50% bullish,of 2 ratings,$14
ITIC,NULL,1439914304600,0,100% bearish,of 2 ratings,N/A
ISBC,$12.28,1439914304627,"714,177",100% bullish,of 1 rating,$13.25
NVIV,$11.7301,1439914304658,"77,458",50% bullish,of 4 ratings,$24.50
ISTR,$15.85,1439914304764,502,100% bearish,of 1 rating,$18.50
IPAS,$1.06,1439914304846,"5,056",67% bullish,of 3 ratings,N/A
IVTY,$11.93,1439914304872,"6,992",Not yet rated,NULL,$18
DFVL,$65.55,1439914305050,"1,000",Not yet rated,NULL,N/A
IPCM,$79.4,1439914305176,"29,616",50% bullish,of 2 ratings,$80.125
DTUL,$64.46,1439914305205,200,Not yet rated,NULL,N/A
IPGP,$91.36,1439914305279,"38,082",100% bearish,of 2 ratings,$109.50
IRDM,$6.91,1439914305335,"64,205",60% bullish,of 5 ratings,$11.50
IRMD,$26.3572,1439914305364,"3,575",67% bearish,of 3 ratings,$25
IRIX,$7.02,1439914305466,"3,400",100% bearish,of 1 rating,N/A
IRBT,$30.9,1439914305539,"29,360",67% bullish,of 6 ratings,$37
IRDMB,$272,1439914305566,300,67% bearish,of 3 ratings,N/A
IRWD,$11.62,1439914305646,"168,062",100% bearish,of 1 rating,$13
IRCP,$33,1439914305773,"1,100",100% bullish,of 2 ratings,N/A
GNMA,$49.9542,1439914305803,"2,310",Not yet rated,NULL,N/A
COMT,$33.37,1439914305906,"2,122",100% bearish,of 1 rating,N/A
IFAS,NULL,1439914305931,0,Not yet rated,NULL,N/A
FCHI,$49.81,1439914305998,"2,922",Not yet rated,NULL,N/A
IFEU,NULL,1439914306030,0,Not yet rated,NULL,N/A
IFGL,$30.02,1439914306130,"75,208",Not yet rated,NULL,N/A
IFNA,$55.96,1439914306276,"1,500",Not yet rated,NULL,N/A
ACWX,$42.918,1439914306312,"69,316",100% bearish,of 1 rating,N/A
ACWI,$59.0675,1439914306405,"149,545",Not yet rated,NULL,N/A
AXJS,NULL,1439914306430,0,Not yet rated,NULL,N/A
AAXJ,$55.75,1439914306458,"346,004",Not yet rated,NULL,N/A
AAIT,$30.934,1439914306589,"2,266",100% bullish,of 1 rating,N/A
EEMA,$52.665,1439914306681,"2,117",Not yet rated,NULL,N/A
EMDI,NULL,1439914306719,0,Not yet rated,NULL,N/A
EEML,$28.8,1439914306933,173,Not yet rated,NULL,N/A
EGRW,$47.1,1439914306964,325,Not yet rated,NULL,N/A
EMEY,NULL,1439914306991,0,Not yet rated,NULL,N/A
EVAL,$37,1439914307066,"2,602",Not yet rated,NULL,N/A
EUFN,$23.14,1439914307148,"45,609",100% bearish,of 1 rating,N/A
EEME,$39,1439914307175,16,100% bearish,of 1 rating,N/A
IEUS,$47.5517,1439914307196,"4,383",100% bearish,of 1 rating,N/A
IBB,$371.23,1439914307359,"174,484",63% bullish,of 8 ratings,N/A
QAT,$21.95,1439914307425,145,Not yet rated,NULL,N/A
UAE,$18.51,1439914307450,900,Not yet rated,NULL,N/A
SOXX,$85.22,1439914307637,"57,056",50% bullish,of 2 ratings,N/A
EMIF,$30.0005,1439914307707,"2,754",Not yet rated,NULL,N/A
ICLN,$10.22,1439914307740,"5,333",50% bullish,of 2 ratings,N/A
WOOD,$51.3732,1439914307768,"1,119",50% bullish,of 2 ratings,N/A
INDY,$29.56,1439914307840,"59,536",100% bullish,of 1 rating,N/A
ISIS,$52.42,1439914307866,"293,719",53% bullish,of 15 ratings,$67
IGOV,$90,1439914308001,"3,322",100% bearish,of 1 rating,N/A
ISLE,$19.53,1439914308030,"109,479",50% bullish,of 4 ratings,$16
ISHG,$78.4086,1439914308061,"3,485",100% bearish,of 1 rating,N/A
ISRL,NULL,1439914308167,0,100% bearish,of 1 rating,N/A
ITRI,$33.56,1439914308203,"65,651",Not yet rated,NULL,$37
ITUS,$4.31,1439914308267,966,Not yet rated,NULL,N/A
ITRN,$25.76,1439914308337,236,50% bullish,of 2 ratings,N/A
IXYS,$10.66,1439914308495,"29,461",50% bullish,of 4 ratings,N/A
XXIA,$15.7,1439914308520,"109,301",71% bullish,of 7 ratings,$14.625
JJSF,$119.41,1439914308565,"8,711",100% bearish,of 1 rating,N/A
MAYS,NULL,1439914308594,0,Not yet rated,NULL,N/A
JCOM,$73.475,1439914308662,"65,397",100% bullish,of 2 ratings,$77
JASO,$8.27,1439914308693,"454,563",82% bullish,of 17 ratings,$10
JBHT,$80.31,1439914308721,"180,934",50% bullish,of 4 ratings,$89.50
JKHY,$71.58,1439914308856,"21,071",50% bullish,of 2 ratings,$72
JACK,$86.69,1439914308894,"129,005",83% bullish,of 6 ratings,$105
JXSB,$24.214,1439914309023,100,Not yet rated,NULL,N/A
JAXB,NULL,1439914309190,0,100% bullish,of 1 rating,N/A
JAKK,$9.69,1439914309221,"118,134",60% bearish,of 5 ratings,$10.50
JAGX,$2.8,1439914309252,"2,200",Not yet rated,NULL,N/A
JRVR,$26.92,1439914309323,"3,028",Not yet rated,NULL,$27
JMBA,$14.24,1439914309350,"56,601",75% bullish,of 4 ratings,$18
JASNW,NULL,1439914309379,0,50% bullish,of 2 ratings,N/A
ERW,NULL,1439914309428,0,Not yet rated,NULL,N/A
JASN,$5.28,1439914309484,"5,358",50% bullish,of 2 ratings,$9.50
JD,$26.92,1439914309754,"2,603,668",75% bullish,of 16 ratings,$36
JCTCF,$9.54,1439914309897,20,100% bullish,of 1 rating,N/A
JAZZ,$188.24,1439914309922,"44,670",80% bullish,of 15 ratings,$206.50
JBLU,$24.075,1439914309948,"2,401,644",94% bullish,of 16 ratings,$27
JTPY,$2.96,1439914309976,100,100% bearish,of 1 rating,N/A
DATE,$6.56,1439914310160,"42,265",75% bullish,of 4 ratings,$9
JST,$4.3576,1439914310189,914,75% bullish,of 4 ratings,N/A
JIVE,$4.1,1439914310211,"216,069",75% bullish,of 4 ratings,$5
JOEZ,$0.1989,1439914310347,"66,148",92% bullish,of 12 ratings,N/A
JBSS,$47.5,1439914310375,"4,487",67% bearish,of 3 ratings,N/A
WYIGU,$10.02,1439914310396,997,Not yet rated,NULL,N/A
JOUT,$26.46,1439914310429,"3,901",100% bearish,of 1 rating,$34
KALU,$85.52,1439914310587,"23,183",67% bearish,of 3 ratings,$91
JUNO,$44.07,1439914310613,"718,569",73% bullish,of 11 ratings,$71.50
JNP,$9.77,1439914310644,"6,678",100% bullish,of 3 ratings,$15
KTWO,$21.9,1439914310670,"41,556",100% bearish,of 1 rating,$28.50
KBIO,$1.92,1439914310750,"27,600",50% bullish,of 4 ratings,N/A
KRNY,$11.82,1439914311003,"159,839",100% bearish,of 1 rating,$12
KNDI,$7.05,1439914311032,"69,005",86% bullish,of 22 ratings,N/A
KMDA,$3.87,1439914311061,"12,348",50% bullish,of 2 ratings,$8
KBSF,NULL,1439914311095,0,100% bullish,of 1 rating,N/A
KPTI,$13.63,1439914311117,"204,123",67% bearish,of 3 ratings,$41
KCLI,$47.82,1439914311138,"6,389",Not yet rated,NULL,N/A
KCAP,$4.84,1439914311175,"61,072",75% bullish,of 4 ratings,$6.75
KELYA,$14.82,1439914311411,"10,119",67% bullish,of 6 ratings,$20
KELYB,NULL,1439914311469,0,50% bullish,of 2 ratings,N/A
KMPH,$21.02,1439914311499,"39,700",100% bearish,of 2 ratings,$22
KFFB,$8.66,1439914311542,"7,713",100% bearish,of 1 rating,N/A
KERX,$6.345,1439914311601,"305,063",82% bullish,of 11 ratings,$12
GMCR,$50.79,1439914311734,"362,833",71% bullish,of 42 ratings,$64
KEQU,$17,1439914311792,"4,498",100% bullish,of 1 rating,N/A
KFRC,$28.48,1439914311842,"33,080",100% bullish,of 2 ratings,$29
KTCC,$10.31,1439914311898,"2,014",100% bearish,of 1 rating,$15
KIN,$6,1439914312000,"2,918",50% bullish,of 2 ratings,$6.25
KTEC,$12.1,1439914312031,"1,172",Not yet rated,NULL,N/A
KBAL,$11.32,1439914312053,"10,229",50% bullish,of 2 ratings,N/A
KE,$11.71,1439914312084,"4,081",67% bearish,of 3 ratings,$16
KGJI,$0.82,1439914312218,"68,892",89% bullish,of 9 ratings,N/A
KONE,$4.17,1439914312322,"2,203",Not yet rated,NULL,N/A
