Symbol,Price,Date,Volume,Rating,RatingVoteCount,OneYearEstimate
TFSCR,NULL,1441214102358,0,Not yet rated,NULL,N/A
TFSC,NULL,1441214102387,0,100% bearish,of 1 rating,N/A
TFSCU,NULL,1441214102412,0,Not yet rated,NULL,N/A
PIH,NULL,1441214102439,0,100% bearish,of 1 rating,N/A
TFSCW,NULL,1441214102463,0,100% bearish,of 1 rating,N/A
FCTY,$7.7401,1441214102489,790,100% bullish,of 1 rating,$8.50
FLWS,$8.495,1441214102623,"117,384",80% bullish,of 5 ratings,$15
SRCE,$29.59,1441214102671,"5,408",100% bullish,of 3 ratings,$33
VNET,$16.66,1441214102697,"221,605",60% bullish,of 5 ratings,$35
FCCY,$11.74,1441214102718,150,100% bullish,of 1 rating,$13
TWOU,$34.755,1441214102755,"44,850",50% bullish,of 2 ratings,$39
UGLD,$9.32,1441214102788,"90,578",100% bearish,of 1 rating,N/A
DSLV,$68.66,1441214102849,"15,540",100% bearish,of 1 rating,N/A
DGLD,$81.0476,1441214102882,"3,975",100% bullish,of 1 rating,N/A
JOBS,$26.45,1441214102983,"46,724",50% bullish,of 4 ratings,$36
USLV,$12.81,1441214103112,"199,318",86% bullish,of 7 ratings,N/A
SIXD,$2.6999,1441214103214,"13,577",Not yet rated,NULL,N/A
AAON,$20.23,1441214103294,"39,686",100% bearish,of 1 rating,$24
SHLM,$33.09,1441214103320,"45,520",100% bearish,of 1 rating,$47
CAFD,$14.855,1441214103342,"81,840",Not yet rated,NULL,$24.50
AVHI,$13.95,1441214103377,"2,027",100% bearish,of 1 rating,$19
EGHT,$7.67,1441214103475,"100,315",82% bullish,of 17 ratings,$11
ABAX,$46.9,1441214103676,"56,727",100% bearish,of 1 rating,$60
ABY,$22.42,1441214103707,"262,434",100% bearish,of 2 ratings,$46
ABGB,$5.215,1441214103744,"9,017",67% bullish,of 3 ratings,$5.50
ABEO,$4.811,1441214103765,"40,538",50% bullish,of 4 ratings,$15.50
ABMD,$94.72,1441214103787,"136,547",75% bullish,of 4 ratings,$100.50
ACTG,$9.115,1441214103824,"223,343",67% bullish,of 3 ratings,$18.50
AXAS,$1.79,1441214103849,"265,354",78% bullish,of 9 ratings,$3.50
ABEOW,$1.8,1441214103982,400,100% bullish,of 1 rating,N/A
ACHC,$72.15,1441214104064,"94,780",50% bullish,of 2 ratings,$92
ACAD,$36.82,1441214104093,"287,924",80% bullish,of 20 ratings,$48
ACST,$0.34,1441214104195,490,100% bullish,of 2 ratings,N/A
AXDX,$19.06,1441214104365,"33,903",100% bearish,of 1 rating,N/A
VXDN,$1.7688,1441214104410,"15,395",100% bearish,of 1 rating,N/A
XLRN,$28.73,1441214104467,"30,499",50% bullish,of 2 ratings,$57
ARAY,$6.625,1441214104543,"172,579",100% bearish,of 1 rating,$10.50
AKAO,$6.95,1441214104570,"25,883",75% bullish,of 4 ratings,$15
VXUP,$1.7,1441214104591,"17,772",100% bearish,of 1 rating,N/A
ACHN,$7.15,1441214104725,"1,055,624",90% bullish,of 21 ratings,$16
ACRX,$4.5,1441214104751,"209,143",67% bearish,of 6 ratings,$5.50
ANCX,$20.07,1441214104827,"8,157",Not yet rated,NULL,$20
ACOR,$32.24,1441214104919,"222,137",67% bearish,of 3 ratings,$38.50
ACET,$21.735,1441214104955,"34,409",75% bullish,of 4 ratings,$30
ACIW,$21.0898,1441214105025,"128,375",67% bearish,of 3 ratings,$24
ACNB,$19.8,1441214105052,268,Not yet rated,NULL,N/A
ACPW,$1.9592,1441214105394,"17,224",100% bullish,of 4 ratings,$3.25
ACTA,$13.9093,1441214105419,"34,772",67% bearish,of 3 ratings,$25
ACTS,$1.6,1441214105447,"7,448",100% bearish,of 1 rating,N/A
ATVI,$28.2925,1441214105472,"4,364,675",67% bullish,of 84 ratings,$31.50
ACXM,$20.4,1441214105493,"67,584",67% bullish,of 3 ratings,N/A
ACUR,$2.8228,1441214105576,"1,448",100% bullish,of 5 ratings,$5
ADUS,$29.07,1441214105658,"14,499",100% bearish,of 1 rating,$31
ADAP,$11.162,1441214105687,"21,681",67% bullish,of 3 ratings,$22
ADMS,$19.27,1441214105787,"12,424",100% bearish,of 2 ratings,$36
ADMP,$3.7,1441214105817,"1,900",50% bullish,of 2 ratings,$10
ADEP,$6.79,1441214105866,"17,990",50% bullish,of 2 ratings,$10.75
AEY,$2.3441,1441214105894,"1,220",100% bearish,of 2 ratings,N/A
ADMA,$9.05,1441214105915,"1,031",Not yet rated,NULL,$19
ADRO,$18.93,1441214106049,"91,149",80% bullish,of 5 ratings,$45.50
ADTN,$15.76,1441214106074,"65,723",67% bullish,of 3 ratings,$17.125
ADBE,$76.305,1441214106139,"633,957",65% bullish,of 17 ratings,$90
ADXS,$13.305,1441214106356,"279,218",64% bullish,of 14 ratings,$27
AMD,$1.76,1441214106382,"2,443,916",83% bullish,of 103 ratings,$2
AEHR,$2.27,1441214106426,"2,686",50% bullish,of 2 ratings,N/A
ADXSW,$9,1441214106451,"5,040",100% bullish,of 1 rating,N/A
AEGR,$17.71,1441214106476,"62,386",50% bullish,of 6 ratings,$26
AEIS,$24.06,1441214106511,"37,701",50% bullish,of 2 ratings,$32.50
YPRO,$22.9,1441214106536,2,100% bearish,of 1 rating,N/A
AEGN,$17.85,1441214106667,"25,216",100% bearish,of 2 ratings,$21
AMTX,$2.785,1441214106694,"4,568",50% bullish,of 2 ratings,$26.11
MULT,NULL,1441214106718,0,100% bearish,of 1 rating,N/A
AERI,$15.35,1441214106820,"283,296",75% bullish,of 4 ratings,$31.50
AVAV,$21.37,1441214106925,"455,356",50% bullish,of 4 ratings,$31
AEPI,$55.69,1441214106952,"2,908",100% bearish,of 1 rating,N/A
AEZS,$0.087,1441214107030,"4,567,871",90% bullish,of 21 ratings,$1.50
AFMD,$10.21,1441214107095,"60,039",50% bullish,of 4 ratings,$15
AFFX,$9.09,1441214107135,"82,754",80% bullish,of 5 ratings,$12.50
AEMD,$7.35,1441214107195,"10,298",Not yet rated,NULL,$27.50
AGRX,$8.34,1441214107237,"15,281",100% bearish,of 1 rating,$17.50
AGEN,$6.92,1441214107269,"147,749",85% bullish,of 13 ratings,$14
AGYS,$9.83,1441214107332,"5,124",100% bearish,of 1 rating,N/A
AGFS,$9.7101,1441214107365,"88,569",100% bearish,of 1 rating,N/A
AGFSW,$1.98,1441214107435,200,100% bearish,of 2 ratings,N/A
AGIO,$85.81,1441214107493,"48,385",88% bullish,of 8 ratings,$114
AIMT,$21.91,1441214107619,"30,369",Not yet rated,NULL,$35.50
AIRT,$22.38,1441214107723,976,100% bullish,of 1 rating,N/A
ATSG,$8.79,1441214107754,"58,307",67% bullish,of 3 ratings,$13
AIRM,$35.93,1441214107784,"48,305",80% bearish,of 5 ratings,$53
AKAM,$70.54,1441214107855,"456,075",63% bullish,of 8 ratings,$77.50
AMCN,$4.45,1441214107880,"38,287",83% bullish,of 6 ratings,N/A
AIXG,$6.31,1441214107920,"3,600",67% bearish,of 3 ratings,$5.25
AKRX,$39.14,1441214108010,"166,483",78% bullish,of 9 ratings,$56
AKER,$2.6,1441214108042,"9,523",Not yet rated,NULL,N/A
ALRM,$15.75,1441214108063,"81,448",100% bearish,of 1 rating,$22
AKBA,$7.5,1441214108101,"141,446",100% bearish,of 1 rating,$18
AMRI,$19.76,1441214108143,"39,789",75% bearish,of 4 ratings,$24
ALSK,$2.21,1441214108206,"38,670",78% bullish,of 18 ratings,$2
ADHD,$7.9,1441214108275,"91,005",50% bullish,of 4 ratings,$18
ABDC,$12.85,1441214108305,"11,600",Not yet rated,NULL,$15
ALDR,$40.57,1441214108410,"328,710",67% bearish,of 3 ratings,$62
ALDX,$6.97,1441214108539,"5,859",100% bearish,of 1 rating,$14.50
ALXN,$172.82,1441214108564,"302,823",88% bullish,of 8 ratings,$223.50
ALIM,$3.18,1441214108623,"25,774",80% bullish,of 5 ratings,$10
ALXA,$1.2,1441214108695,"3,100",83% bullish,of 6 ratings,$2.125
ALGN,$54.53,1441214108721,"208,170",100% bearish,of 2 ratings,$73
ALGT,$202.47,1441214108742,"61,594",100% bearish,of 2 ratings,$235
ALKS,$61.42,1441214108875,"323,547",67% bullish,of 3 ratings,$75
ALLB,$22.66,1441214108907,300,Not yet rated,NULL,N/A
ALCO,$41.4,1441214108928,"3,452",50% bullish,of 2 ratings,N/A
AFOP,$18.54,1441214108964,"61,386",75% bullish,of 8 ratings,$21
AIQ,$14.25,1441214109068,"2,207",67% bullish,of 3 ratings,N/A
AHGP,$35.05,1441214109096,"12,737",67% bullish,of 3 ratings,N/A
ARLP,$24.68,1441214109126,"112,489",67% bearish,of 3 ratings,$32
AHPI,$1.49,1441214109224,300,50% bullish,of 2 ratings,N/A
AMOT,$18.06,1441214109445,"101,740",100% bearish,of 1 rating,N/A
MDRX,$13.235,1441214109498,"1,050,430",60% bullish,of 5 ratings,$16
AOSL,$8,1441214109524,"68,445",67% bullish,of 3 ratings,$9
ALNY,$98.7899,1441214109553,"186,090",67% bullish,of 3 ratings,$151.50
ALQA,$4.64,1441214109588,"8,979",75% bullish,of 4 ratings,$8.50
ALLT,$5.08,1441214109654,"23,470",75% bullish,of 4 ratings,$6.25
SMCP,$22.84,1441214109683,211,Not yet rated,NULL,N/A
AFAM,$44.78,1441214109712,"22,752",50% bullish,of 2 ratings,$44
ATEC,$0.5808,1441214109824,"8,470",100% bullish,of 1 rating,$2
ALTR,$48.9101,1441214109851,"477,096",80% bearish,of 5 ratings,$54
AIMC,$23.59,1441214109876,"31,550",100% bearish,of 2 ratings,$28.50
ASPS,$25.71,1441214110007,"70,515",67% bullish,of 3 ratings,$46.50
AMAG,$63.49,1441214110036,"199,465",100% bullish,of 2 ratings,$75
AYA,$20.25,1441214110137,"15,532",100% bearish,of 1 rating,$40
AMRK,$10.5,1441214110194,800,50% bullish,of 2 ratings,$14
AMRN,$2.275,1441214110226,"975,283",85% bullish,of 39 ratings,$8
AMZN,$506.74,1441214110327,"936,142",81% bullish,of 267 ratings,$646
EPAX,$2.68,1441214110464,"23,641",100% bearish,of 1 rating,N/A
AMCX,$69.08,1441214110494,"256,278",67% bullish,of 3 ratings,$87.50
AMDA,$0.4689,1441214110573,"230,841",90% bullish,of 10 ratings,$1
AMBCW,$8.01,1441214110603,"2,700",100% bearish,of 1 rating,N/A
DOX,$56.14,1441214110633,"184,811",67% bearish,of 3 ratings,$60
AMBA,$78.3679,1441214110654,"4,584,596",83% bullish,of 12 ratings,$102.50
UHAL,$368.04,1441214110735,"4,847",100% bullish,of 2 ratings,$393.50
AMBC,$16.8,1441214110787,"142,907",100% bearish,of 1 rating,$16.50
AMED,$40.68,1441214110867,"85,652",100% bearish,of 1 rating,$42
ASBI,$22.73,1441214110918,200,Not yet rated,NULL,N/A
ATAX,$5.3,1441214110943,"14,068",100% bullish,of 1 rating,$6.50
AAL,$40.96,1441214110998,"5,796,179",93% bullish,of 88 ratings,$57
AMOV,$17.72,1441214111030,"4,553",100% bearish,of 1 rating,N/A
AGNC,$19.13,1441214111131,"661,292",71% bullish,of 28 ratings,$22
AGNCB,$24.266,1441214111283,"1,300",Not yet rated,NULL,N/A
ACSF,$12.39,1441214111313,"9,323",100% bearish,of 1 rating,$15
MTGEP,$24.69,1441214111334,200,Not yet rated,NULL,N/A
MTGE,$15.295,1441214111374,"146,474",75% bullish,of 4 ratings,$19.50
AGNCP,$25.32,1441214111400,"5,518",Not yet rated,NULL,N/A
ACAS,$13.56,1441214111468,"398,264",60% bullish,of 5 ratings,$16.75
ANCI,$1.54,1441214111494,300,100% bearish,of 1 rating,N/A
AMIC,NULL,1441214111622,0,100% bearish,of 1 rating,N/A
AETI,$3.95,1441214111723,300,67% bearish,of 3 ratings,N/A
ANAT,$97.57,1441214111801,"9,058",100% bullish,of 1 rating,N/A
AMNB,$23.36,1441214111833,"1,008",Not yet rated,NULL,$25.50
APEI,$21.4952,1441214111864,"11,509",100% bearish,of 1 rating,$25.50
ARII,$40.35,1441214111885,"69,117",67% bearish,of 3 ratings,$45
ASEI,$38.5,1441214111931,"7,395",100% bearish,of 1 rating,$52.50
AMRB,$10.13,1441214111959,"2,100",Not yet rated,NULL,$11
AMSWA,$8.93,1441214112011,"21,212",100% bearish,of 2 ratings,$10.75
AMWD,$64.92,1441214112118,"38,899",50% bullish,of 2 ratings,$70
CRMT,$35.87,1441214112191,"16,473",100% bearish,of 1 rating,$39
ABCB,$26.285,1441214112248,"25,110",Not yet rated,NULL,$31
ASRV,$3.23,1441214112273,974,100% bullish,of 2 ratings,N/A
AMSF,$46.27,1441214112299,"5,761",Not yet rated,NULL,$57.50
AMSC,$4.89,1441214112325,"26,869",50% bullish,of 4 ratings,N/A
ASRVP,NULL,1441214112425,0,Not yet rated,NULL,N/A
ATLO,$23.94,1441214112485,"1,669",Not yet rated,NULL,N/A
AMGN,$148.875,1441214112521,"981,706",89% bullish,of 19 ratings,$185
AMKR,$5.08,1441214112553,"482,552",100% bearish,of 2 ratings,$5
AMPH,$13.25,1441214112578,"34,407",50% bullish,of 2 ratings,$20
FOLD,$14.63,1441214112772,"424,089",56% bullish,of 9 ratings,$21
AMSG,$77.15,1441214112809,"46,822",100% bearish,of 1 rating,$85.50
AMSGP,$146.04,1441214112837,100,Not yet rated,NULL,N/A
ASYS,$5.38,1441214112863,"5,799",67% bullish,of 3 ratings,$12
AFSI,$56.17,1441214112884,"124,196",60% bullish,of 5 ratings,$72
AMRS,$1.664,1441214112917,"68,947",70% bullish,of 10 ratings,N/A
ANAC,$130.565,1441214112940,"117,628",80% bullish,of 5 ratings,$180.50
ANAD,$0.31,1441214113098,"86,604",100% bullish,of 2 ratings,$.50
ANCB,$21.4,1441214113165,"1,300",Not yet rated,NULL,$23
ADI,$54.109,1441214113253,"496,441",75% bullish,of 4 ratings,$69
AMCF,NULL,1441214113278,0,NULL,NULL,NULL
ALOG,$81.18,1441214113304,"16,747",100% bearish,of 2 ratings,$100.50
ABCW,$40.24,1441214113435,"3,004",67% bullish,of 3 ratings,N/A
ANGI,$5.11,1441214113469,"79,603",64% bullish,of 11 ratings,$5.50
ANGO,$14.59,1441214113490,"25,928",67% bullish,of 3 ratings,$19
ANIP,$50.17,1441214113521,"51,522",89% bullish,of 19 ratings,$66
ANSS,$87.53,1441214113565,"172,592",100% bearish,of 1 rating,$100
ATRS,$1.85,1441214113652,"229,206",92% bullish,of 12 ratings,$4.50
ANIK,$35.22,1441214113709,"39,957",60% bullish,of 5 ratings,$51.25
ANTH,$7.1999,1441214113730,"294,480",80% bullish,of 10 ratings,$13
ATNY,$2.4,1441214113807,"1,100",50% bullish,of 2 ratings,$3.75
ABAC,$0.798,1441214113864,"2,001",100% bearish,of 1 rating,N/A
APIC,$6.47,1441214113933,"33,638",100% bearish,of 1 rating,$19
APOG,$50.64,1441214113960,"61,243",50% bullish,of 2 ratings,$67
APOL,$10.94,1441214114030,"298,966",87% bearish,of 68 ratings,$14
APPF,$15.65,1441214114134,"13,163",50% bullish,of 2 ratings,$22
AAPL,$110.89,1441214114216,"17,909,706",86% bullish,of 2361 ratings,$150
APDNW,$1.46,1441214114264,700,Not yet rated,NULL,N/A
ARCI,$1.26,1441214114347,"7,512",Not yet rated,NULL,N/A
APDN,$3.38,1441214114378,"17,999",Not yet rated,NULL,$9
AINV,$6.3499,1441214114406,"343,836",50% bullish,of 4 ratings,$8
AMAT,$15.62,1441214114478,"4,228,633",82% bullish,of 11 ratings,$23
AGTC,$15.99,1441214114603,"18,737",50% bullish,of 2 ratings,$33
AMCC,$5.665,1441214114631,"154,119",80% bullish,of 5 ratings,$8
AREX,$2.26,1441214114656,"643,947",50% bullish,of 2 ratings,$3
APRI,$1.614,1441214114686,"255,521",83% bullish,of 6 ratings,$4.86
AAOI,$20.21,1441214114789,"71,818",50% bullish,of 4 ratings,$26
AQMS,$4.86,1441214114814,"1,902",Not yet rated,NULL,N/A
AQXP,$16.24,1441214114949,"88,072",50% bullish,of 2 ratings,$2
APTO,$5.2827,1441214114998,"1,730",Not yet rated,NULL,$17
AUMA,NULL,1441214115022,0,Not yet rated,NULL,N/A
AUMAW,NULL,1441214115079,0,Not yet rated,NULL,N/A
ARDM,NULL,1441214115223,0,100% bullish,of 1 rating,$26
AUMAU,NULL,1441214115250,0,Not yet rated,NULL,N/A
PETX,$18.16,1441214115276,"124,968",100% bearish,of 2 ratings,$26
ARCW,$3.24,1441214115433,"13,319",100% bearish,of 2 ratings,$10.50
RKDA,$5.96,1441214115462,"2,634",100% bearish,of 2 ratings,$10
ABIO,$0.9072,1441214115493,"5,354",50% bullish,of 2 ratings,$3.75
ABUS,$6.89,1441214115514,"327,087",86% bullish,of 14 ratings,$23
ARCB,$27.77,1441214115545,"59,033",67% bearish,of 3 ratings,$39.50
ACAT,$25.64,1441214115593,"38,594",100% bearish,of 3 ratings,$33
ARNA,$2.655,1441214115730,"473,835",90% bullish,of 78 ratings,$5.50
ARDX,$18.76,1441214115761,"34,846",50% bullish,of 2 ratings,$24.50
ACGL,$68.27,1441214115787,"76,228",50% bullish,of 2 ratings,$72
AGII,$55.29,1441214115915,"12,236",Not yet rated,NULL,$59.50
ARCC,$15.37,1441214115972,"465,250",67% bearish,of 3 ratings,$17.75
ARIS,$3.654,1441214116009,"1,874",Not yet rated,NULL,$4.50
AGIIL,$25.159,1441214116044,"5,116",Not yet rated,NULL,N/A
ARGS,$6.28,1441214116074,"19,391",50% bullish,of 2 ratings,$19.50
ARIA,$7.2978,1441214116175,"5,254,261",87% bullish,of 46 ratings,$9
ARKR,$25,1441214116201,"6,409",50% bullish,of 2 ratings,N/A
ARMH,$42.21,1441214116267,"402,843",54% bearish,of 13 ratings,$60
ARTX,$1.45,1441214116335,"25,191",88% bullish,of 16 ratings,$4.50
ARWAR,NULL,1441214116363,0,Not yet rated,NULL,N/A
ARWA,NULL,1441214116463,0,Not yet rated,NULL,N/A
ARWAU,NULL,1441214116489,0,100% bullish,of 1 rating,N/A
ARWAW,$0.17,1441214116686,"7,500",Not yet rated,NULL,N/A
ARRY,$5.81,1441214116738,"389,889",100% bullish,of 7 ratings,$10
ARRS,$25.8,1441214116816,"334,307",50% bullish,of 2 ratings,$38
DWAT,$9.73,1441214116866,"1,200",100% bearish,of 1 rating,N/A
ARQL,$1.63,1441214116894,"20,995",75% bullish,of 4 ratings,$5
ARWR,$5.65,1441214116920,"570,224",75% bullish,of 4 ratings,$10.50
AROW,$27.06,1441214116941,"2,116",Not yet rated,NULL,N/A
ARTW,$4.11,1441214117072,"1,457",75% bearish,of 4 ratings,N/A
ASNA,$12.21,1441214117203,"839,529",50% bullish,of 2 ratings,$18
ASBB,$24.8,1441214117237,100,Not yet rated,NULL,N/A
ASCMA,$27.67,1441214117335,"15,300",100% bearish,of 1 rating,$45
ARTNA,$21.94,1441214117368,"2,441",100% bearish,of 1 rating,$29
ASND,$19.2,1441214117396,"7,847",50% bullish,of 2 ratings,$30
ASTI,$0.2631,1441214117425,"9,834,987",83% bullish,of 6 ratings,$3
APWC,$1.75,1441214117464,"1,068",100% bearish,of 1 rating,N/A
ASMI,NULL,1441214117490,0,NULL,NULL,NULL
ASML,$89.99,1441214117598,"462,087",50% bullish,of 4 ratings,$127
ASMB,$14.095,1441214117731,"15,102",67% bullish,of 3 ratings,N/A
ASFI,$8.87,1441214117765,879,100% bullish,of 1 rating,N/A
AZPN,$37.07,1441214117786,"92,066",50% bullish,of 2 ratings,$42
ASTE,$38.105,1441214117863,"38,091",100% bearish,of 1 rating,$49
ALOT,$13.77,1441214117896,200,100% bearish,of 1 rating,N/A
ATRO,$49.86,1441214117923,"27,377",100% bearish,of 2 ratings,$80
ASTC,$2.1,1441214117995,"7,100",100% bullish,of 5 ratings,N/A
ATAI,$2.38,1441214118123,"6,598",100% bearish,of 1 rating,N/A
ATRA,$42.12,1441214118147,"81,915",50% bullish,of 2 ratings,$68
ATHN,$130.4,1441214118215,"73,574",67% bearish,of 3 ratings,$153
AFCB,NULL,1441214118243,0,Not yet rated,NULL,N/A
ASUR,$5.49,1441214118294,"2,126",50% bullish,of 2 ratings,$8
ATHX,$1.1436,1441214118330,"43,677",89% bullish,of 9 ratings,$5
ACFC,$5.456,1441214118420,"12,283",100% bearish,of 1 rating,$6.50
AAME,$3.6,1441214118446,1,Not yet rated,NULL,N/A
AAPC,NULL,1441214118473,0,Not yet rated,NULL,N/A
ATLC,$3.9,1441214118526,"9,457",67% bullish,of 3 ratings,N/A
ATNI,$71.53,1441214118604,"22,362",100% bearish,of 1 rating,$69.50
AAWW,$38.44,1441214118770,"103,868",50% bullish,of 2 ratings,$65
AFH,$16.335,1441214118791,"22,529",Not yet rated,NULL,$21.50
ATML,$7.91,1441214118823,"1,763,840",78% bullish,of 9 ratings,$9.50
ATRC,$24.33,1441214118847,"21,749",100% bullish,of 1 rating,$30
ATOS,$0.7968,1441214118875,"24,482",100% bullish,of 7 ratings,$7
ATRI,$382.94,1441214118904,300,Not yet rated,NULL,N/A
ATRM,$2.83,1441214118981,800,50% bullish,of 2 ratings,N/A
LIFE,$13.8,1441214119087,"20,756",86% bullish,of 7 ratings,$43
AUBN,$26.5,1441214119146,323,Not yet rated,NULL,N/A
AUPH,$3.42,1441214119172,"10,560",100% bearish,of 1 rating,$8
AUDC,$3.2999,1441214119219,"16,430",80% bullish,of 5 ratings,$5
EARS,$4.33,1441214119244,"16,404",100% bearish,of 2 ratings,$11
ATTU,$13.23,1441214119306,"6,424",100% bearish,of 1 rating,$20.50
ADAT,$0.27,1441214119411,"84,174",100% bullish,of 2 ratings,N/A
ABTL,$17.76,1441214119442,"26,885",100% bullish,of 4 ratings,$20.25
AVGO,$121.84,1441214119473,"871,263",88% bullish,of 8 ratings,$165
ADSK,$45.37,1441214119543,"2,531,040",67% bullish,of 6 ratings,$66
AAVL,$10.43,1441214119572,"90,770",100% bearish,of 1 rating,$20
ADP,$76.27,1441214119678,"522,074",100% bearish,of 1 rating,$88
AVNU,$12.9,1441214119711,"86,304",Not yet rated,NULL,$14
AVEO,$1.339,1441214119808,"232,255",75% bullish,of 8 ratings,$3
AVNW,$1.195,1441214119833,"18,550",50% bullish,of 2 ratings,N/A
AVID,$8.345,1441214119903,"137,669",100% bearish,of 1 rating,$20
AWRE,$3.22,1441214119966,"8,903",67% bullish,of 3 ratings,N/A
AVGR,$14.75,1441214120042,"4,446",100% bearish,of 1 rating,$20
CAR,$42.825,1441214120071,"472,285",80% bullish,of 5 ratings,$60
ACLS,$3.21,1441214120177,"91,222",67% bullish,of 6 ratings,$4.75
AXPW,$2.14,1441214120233,"2,239,887",86% bullish,of 7 ratings,N/A
AXPWW,NULL,1441214120261,0,Not yet rated,NULL,N/A
AXGN,$4.7,1441214120293,"57,894",Not yet rated,NULL,$5
AXTI,$2.14,1441214120367,"5,049",50% bullish,of 2 ratings,$2.75
BCOM,NULL,1441214120398,0,100% bearish,of 1 rating,N/A
RILY,NULL,1441214120468,0,Not yet rated,NULL,N/A
BOSC,$2.14,1441214120527,400,50% bullish,of 2 ratings,N/A
BIDU,$146.314,1441214120552,"573,667",81% bullish,of 88 ratings,$210
BEAV,$48.59,1441214120607,"337,190",67% bearish,of 3 ratings,$59
BWINA,NULL,1441214120699,0,Not yet rated,NULL,N/A
BCPC,$57.85,1441214120738,"33,131",100% bearish,of 1 rating,$75
BLDP,$1.3,1441214120764,"209,142",91% bullish,of 22 ratings,$2.50
BANF,$59.73,1441214120799,"6,110",Not yet rated,NULL,$68
BKMU,$7.01,1441214120935,"5,334",Not yet rated,NULL,$8
BWINB,$22.52,1441214120987,"1,749",Not yet rated,NULL,N/A
BANFP,NULL,1441214121012,0,Not yet rated,NULL,N/A
BMRC,$47.91,1441214121045,"16,307",Not yet rated,NULL,$52
BOCH,$5.75,1441214121089,"4,947",Not yet rated,NULL,$6.50
BOTJ,NULL,1441214121143,0,Not yet rated,NULL,N/A
BKSC,$16.9,1441214121192,"3,126",Not yet rated,NULL,N/A
BWFG,$18.23,1441214121366,"1,763",100% bearish,of 1 rating,N/A
BANR,$43.32,1441214121396,"4,045",100% bullish,of 3 ratings,$50
OZRK,$39.86,1441214121431,"170,727",67% bullish,of 3 ratings,$49.50
BFIN,$12.15,1441214121499,"15,557",Not yet rated,NULL,$13
TAPR,$33.5299,1441214121530,"1,331",100% bearish,of 1 rating,N/A
BHAC,NULL,1441214121551,0,Not yet rated,NULL,N/A
BZUN,$4.91,1441214121630,"31,894",50% bullish,of 2 ratings,$11.50
BHACR,NULL,1441214121761,0,Not yet rated,NULL,N/A
BHACU,NULL,1441214121795,0,Not yet rated,NULL,N/A
BHACW,NULL,1441214121830,0,Not yet rated,NULL,N/A
BBSI,$34.38,1441214121857,"6,260",67% bearish,of 3 ratings,$62.50
BYBK,$4.95,1441214121877,200,100% bearish,of 1 rating,N/A
BSET,$28.58,1441214121935,"28,602",100% bearish,of 1 rating,$35
BYLK,$13.01,1441214122008,"2,816",Not yet rated,NULL,$14
BBCN,$14.01,1441214122092,"61,689",100% bearish,of 1 rating,$16
BCBP,$11.6599,1441214122170,627,Not yet rated,NULL,N/A
BDCV,$4.9,1441214122194,6,100% bearish,of 1 rating,$10.19
BV,$4.98,1441214122261,"412,288",67% bullish,of 6 ratings,$8.75
BECN,$35.84,1441214122288,"50,274",50% bullish,of 2 ratings,$40
BSF,$8.51,1441214122342,"2,407",Not yet rated,NULL,N/A
BBGI,$4.23,1441214122469,307,100% bearish,of 1 rating,N/A
BBBY,$61.79,1441214122497,"468,812",71% bullish,of 7 ratings,$75
BELFA,$15.1,1441214122561,707,100% bearish,of 1 rating,N/A
BELFB,$18.25,1441214122625,"4,678",100% bearish,of 1 rating,N/A
BEBE,$1.27,1441214122654,"166,998",75% bullish,of 4 ratings,$2.125
BLPH,$3.9355,1441214122679,"15,452",100% bearish,of 1 rating,$12.50
BLCM,$16.39,1441214122725,"36,625",50% bullish,of 4 ratings,$40
BNCL,$12.42,1441214122813,"137,753",100% bullish,of 3 ratings,$12.50
BNFT,$35.97,1441214122839,"41,370",67% bullish,of 3 ratings,$46
BNTC,$7.7499,1441214122976,"1,640",100% bullish,of 1 rating,N/A
BGFV,$11.34,1441214123109,"26,935",57% bullish,of 7 ratings,$12
BGCP,$8.785,1441214123139,"159,085",88% bullish,of 8 ratings,$14
BGMD,$0.655,1441214123170,"64,143",100% bullish,of 10 ratings,N/A
BIND,$4.81,1441214123195,"133,895",75% bullish,of 4 ratings,$13.50
ORPN,$5.72,1441214123237,"1,540",100% bullish,of 1 rating,$28.50
BCDA,NULL,1441214123267,0,Not yet rated,NULL,N/A
BIOC,$1.9279,1441214123296,"44,659",83% bullish,of 6 ratings,$3.85
BCRX,$11.4,1441214123405,"125,503",63% bullish,of 8 ratings,$18
BIOD,$0.7197,1441214123460,"61,878",80% bullish,of 5 ratings,$4
BASI,$1.62,1441214123489,"6,400",Not yet rated,NULL,N/A
BDSI,$6.2425,1441214123565,"520,690",88% bullish,of 8 ratings,$17
BIOL,$1.55,1441214123596,"13,382",Not yet rated,NULL,N/A
BIIB,$301.76,1441214123706,"484,035",88% bullish,of 16 ratings,$400
BLRX,$1.533,1441214123765,"124,543",100% bullish,of 12 ratings,$5
BLFS,$2.3838,1441214123790,"168,535",100% bearish,of 1 rating,$4.75
BVXV,$4.3199,1441214123934,"1,558,887",Not yet rated,NULL,N/A
BMRN,$126.87,1441214124019,"106,847",80% bullish,of 5 ratings,$160
BPTH,$1.16,1441214124126,"112,737",100% bullish,of 2 ratings,$5
BVXVW,$0.85,1441214124152,"77,145",100% bearish,of 1 rating,N/A
BRLI,NULL,1441214124181,0,NULL,NULL,NULL
BIOS,$2.41,1441214124283,"220,892",71% bullish,of 7 ratings,$4
BBC,$31.3905,1441214124334,"2,172",Not yet rated,NULL,N/A
BSTC,$50.165,1441214124606,"16,158",100% bearish,of 1 rating,$76
BBP,$32.2099,1441214124631,"4,930",Not yet rated,NULL,N/A
BSPM,$0.6492,1441214124660,"10,066",50% bullish,of 2 ratings,N/A
BOTA,$2.178,1441214124788,"2,420",88% bullish,of 8 ratings,N/A
TECH,$93.01,1441214124859,"43,579",100% bullish,of 1 rating,$117
BEAT,$15.63,1441214124996,"398,099",67% bearish,of 3 ratings,$15
BITI,$16.65,1441214125022,"6,502",100% bullish,of 1 rating,$28
BJRI,$43.07,1441214125101,"46,657",50% bullish,of 2 ratings,$55
BLKB,$55.9,1441214125153,"17,121",100% bearish,of 2 ratings,$66
BBOX,$14.98,1441214125184,"11,158",100% bearish,of 1 rating,N/A
BDMS,$12.89,1441214125231,350,100% bearish,of 1 rating,N/A
BDE,$7.361,1441214125286,"51,136",50% bullish,of 2 ratings,$9
HAWK,$38.37,1441214125367,"74,587",91% bullish,of 11 ratings,$49
BKCC,$9.22,1441214125394,"91,733",50% bullish,of 2 ratings,$10
ADRA,$26.41,1441214125420,"1,935",100% bearish,of 1 rating,N/A
BBRY,$7.37,1441214125447,"1,079,700",61% bullish,of 330 ratings,$9
ADRD,$21.58,1441214125578,"7,105",100% bearish,of 1 rating,N/A
ADRU,$21.47,1441214125632,12,100% bearish,of 1 rating,N/A
ADRE,$29.04,1441214125665,"3,943",100% bearish,of 1 rating,N/A
BCOR,$13.34,1441214125763,"38,937",57% bullish,of 7 ratings,$15
BUFF,$24,1441214125789,"117,399",83% bullish,of 12 ratings,$31.50
BLBD,$11.95,1441214125814,"11,000",Not yet rated,NULL,N/A
BLMN,$20.585,1441214125866,"257,889",83% bullish,of 6 ratings,$27.50
BBLU,$0.886,1441214125962,"90,748",100% bullish,of 2 ratings,$4.43
BHBK,$13.98,1441214126003,"19,653",100% bullish,of 1 rating,$14.50
BKEP,$6.22,1441214126098,"18,442",100% bearish,of 1 rating,$8.50
BLUE,$128.91,1441214126132,"103,925",71% bullish,of 7 ratings,$217.50
NILE,$33.68,1441214126177,"72,296",50% bullish,of 2 ratings,$34
BKEPP,$7.59,1441214126210,24,100% bearish,of 1 rating,N/A
BPMC,$27.855,1441214126311,"16,754",50% bullish,of 2 ratings,$47.50
BNCN,$20.61,1441214126377,"24,745",Not yet rated,NULL,$24
BOFI,$107.335,1441214126408,"203,830",100% bullish,of 6 ratings,$144
BOBE,$47.791,1441214126429,"401,158",75% bullish,of 4 ratings,$57
BOJA,$20.37,1441214126513,"46,041",100% bullish,of 1 rating,$30
WIFI,$7.45,1441214126559,"53,788",50% bullish,of 2 ratings,$13.50
BOKF,$61.1399,1441214126647,"59,668",100% bearish,of 1 rating,$69
BONA,$11.3099,1441214126676,"19,817",75% bullish,of 4 ratings,$8.50
BNSO,$1.2788,1441214126707,100,100% bearish,of 1 rating,N/A
BPFHP,$24.9999,1441214126781,"9,035",100% bearish,of 1 rating,N/A
BPFH,$11.53,1441214126808,"101,064",100% bearish,of 1 rating,$14
BPFHW,NULL,1441214126947,0,100% bearish,of 1 rating,N/A
BAMM,$3.19,1441214126973,"1,975",60% bullish,of 5 ratings,N/A
BDBD,$8.25,1441214127106,"160,360",60% bullish,of 5 ratings,$10
EPAY,$26.35,1441214127136,"50,952",100% bearish,of 2 ratings,$30
BBEP,$2.67,1441214127186,"617,477",69% bullish,of 13 ratings,$5.625
BCLI,$3.1,1441214127217,"32,915",80% bullish,of 5 ratings,$12
BDGE,$26.25,1441214127294,"3,032",Not yet rated,NULL,$31.75
BBRG,$12.4699,1441214127327,"8,297",67% bullish,of 3 ratings,$14.50
BLIN,$1.3599,1441214127359,"5,421",100% bullish,of 2 ratings,$2.20
BBEPP,$14.03,1441214127437,"11,663",100% bearish,of 1 rating,N/A
BRID,$8.4,1441214127470,"1,115",100% bearish,of 1 rating,N/A
BRCM,$50.175,1441214127571,"976,947",69% bullish,of 13 ratings,$56
BCOV,$5.2,1441214127615,"23,838",67% bullish,of 3 ratings,$10.20
BYFC,NULL,1441214127703,0,50% bullish,of 2 ratings,N/A
BSFT,$31.37,1441214127732,"36,502",57% bullish,of 7 ratings,$40.50
BWEN,$3.1,1441214127838,"8,238",75% bullish,of 4 ratings,$8
BRCD,$10.17,1441214127940,"876,062",92% bullish,of 13 ratings,$12
BVSN,$6.0499,1441214127972,166,60% bearish,of 5 ratings,N/A
BRKL,$10.13,1441214127993,"185,558",100% bearish,of 1 rating,$10.75
BLMT,$20.803,1441214128039,"1,054",Not yet rated,NULL,N/A
BRKR,$17.85,1441214128066,"155,370",100% bearish,of 2 ratings,$22
BMTC,$28.83,1441214128133,"11,132",Not yet rated,NULL,$34
BWLD,$191.66,1441214128302,"84,380",82% bullish,of 11 ratings,$205
BLDR,$15.07,1441214128339,"335,297",67% bullish,of 3 ratings,$22
BRKS,$10.269,1441214128364,"25,867",67% bullish,of 3 ratings,$15.25
CHRW,$67.7099,1441214128390,"475,870",Not yet rated,NULL,$72
CFFI,$35.59,1441214128422,200,100% bearish,of 1 rating,N/A
BUR,NULL,1441214128443,0,100% bearish,of 1 rating,$8
BSQR,$6.1201,1441214128464,"16,108",67% bullish,of 3 ratings,N/A
CACQ,$7.278,1441214128676,"3,971",100% bearish,of 1 rating,$12.25
CZR,$8.83,1441214128708,"214,327",60% bearish,of 5 ratings,$10.50
CCMP,$42.41,1441214128735,"12,227",50% bullish,of 2 ratings,$59
CDZI,$7.73,1441214128756,"8,256",100% bearish,of 1 rating,N/A
CA,$26.93,1441214128785,"670,354",50% bullish,of 4 ratings,$33
CDNS,$19.67,1441214128812,"509,245",75% bullish,of 4 ratings,$22.50
PRSS,$4.398,1441214129007,"6,222",80% bullish,of 5 ratings,$4.50
CHI,$10.4518,1441214129048,"120,539",100% bearish,of 1 rating,N/A
CLMS,$9.954,1441214129077,"25,059",Not yet rated,NULL,$10.50
CHY,$11.2796,1441214129108,"122,658",Not yet rated,NULL,N/A
CSTE,$38.45,1441214129129,"191,431",50% bullish,of 2 ratings,$65
CLBS,$1.61,1441214129159,"100,767",79% bullish,of 14 ratings,$4
CCD,$19.2065,1441214129188,"43,635",Not yet rated,NULL,N/A
CFGE,$10.33,1441214129383,"2,400",Not yet rated,NULL,N/A
CGO,$11.9572,1441214129413,"7,841",100% bearish,of 1 rating,N/A
CSQ,$9.75,1441214129518,"133,196",Not yet rated,NULL,N/A
CVGW,$57.025,1441214129586,"44,993",50% bullish,of 2 ratings,$62
CAMP,$16.12,1441214129610,"75,729",88% bullish,of 8 ratings,$25
CHW,$7.4041,1441214129654,"114,690",100% bearish,of 1 rating,N/A
CALD,$15.61,1441214129750,"104,253",100% bearish,of 1 rating,$21
CLMT,$25.13,1441214129781,"150,067",75% bullish,of 8 ratings,$31
CALA,$5.6208,1441214129813,"138,505",67% bullish,of 3 ratings,$19.50
CFNB,$13.3,1441214129843,200,100% bearish,of 1 rating,N/A
ABCD,$5,1441214129886,"31,953",83% bullish,of 6 ratings,N/A
CAMB,$10.05,1441214129915,400,Not yet rated,NULL,N/A
CALM,$51.14,1441214129942,"229,019",80% bullish,of 5 ratings,$63.50
CAMBW,$0.15,1441214130124,200,Not yet rated,NULL,N/A
CAC,$40.07,1441214130190,"2,182",Not yet rated,NULL,N/A
CAMBU,NULL,1441214130215,0,100% bearish,of 1 rating,N/A
CSIQ,$18,1441214130298,"443,461",86% bullish,of 28 ratings,$42.50
CGIX,$9.76,1441214130356,"6,353",67% bullish,of 3 ratings,$14.375
CAMT,$2.59,1441214130438,"17,413",73% bullish,of 11 ratings,$4
CPHC,$10.28,1441214130538,100,100% bearish,of 1 rating,N/A
CCBG,$15.09,1441214130575,"6,414",Not yet rated,NULL,$17.25
CBNJ,$11,1441214130596,"21,362",100% bearish,of 1 rating,N/A
CPLA,$48.39,1441214130617,"23,844",67% bearish,of 3 ratings,$65
CPLP,$7.1225,1441214130659,"77,530",71% bullish,of 7 ratings,$11
CBF,$29.96,1441214130680,"14,156",Not yet rated,NULL,$32
CSWC,$44.5,1441214130715,"13,428",Not yet rated,NULL,N/A
CAPN,$2.1454,1441214130814,"57,253",100% bullish,of 1 rating,$10.85
CPTA,$13.68,1441214130883,"10,298",100% bearish,of 1 rating,$18.50
CFFN,$11.78,1441214130907,"252,402",Not yet rated,NULL,$12.75
CPST,$0.3796,1441214131150,"196,552",95% bullish,of 22 ratings,$1.25
CBYL,$4.74,1441214131173,"31,475",100% bearish,of 1 rating,$20
CAPR,$4.6,1441214131199,"9,625",Not yet rated,NULL,$12
CAPNW,$0.6789,1441214131223,100,Not yet rated,NULL,N/A
CARA,$18.96,1441214131244,"58,360",50% bullish,of 4 ratings,$25
CRDC,$0.3,1441214131285,"94,305",100% bullish,of 1 rating,$1.25
CFNL,$21.8701,1441214131306,"18,353",Not yet rated,NULL,$24
CARB,$11.12,1441214131392,"10,302",75% bullish,of 4 ratings,$12
CSII,$23.2,1441214131446,"35,540",100% bearish,of 2 ratings,$42.125
CATM,$34.05,1441214131473,"91,152",100% bearish,of 1 rating,$44
CDNA,NULL,1441214131530,0,100% bearish,of 1 rating,$9
CRME,$9.155,1441214131556,"6,280",89% bullish,of 9 ratings,$11.25
CECO,$3.63,1441214131577,"62,415",67% bearish,of 3 ratings,$6
CTRE,$10.88,1441214131708,"117,357",50% bullish,of 2 ratings,$13.50
CLBH,$12.7,1441214131813,300,Not yet rated,NULL,$16.50
CARO,NULL,1441214131835,0,100% bearish,of 1 rating,$19
CART,$5.39,1441214131866,"1,300",100% bearish,of 1 rating,N/A
CRTN,$2.5,1441214131907,402,100% bearish,of 1 rating,N/A
CKEC,$23.14,1441214131938,"27,612",50% bullish,of 2 ratings,$35.915
TAST,$12.75,1441214132041,"51,874",Not yet rated,NULL,$14.25
CARV,NULL,1441214132074,0,50% bullish,of 2 ratings,N/A
CASM,$1.19,1441214132178,"2,982",100% bullish,of 1 rating,$3.50
CRZO,$34,1441214132204,"289,418",67% bearish,of 3 ratings,$54.50
CACB,$5.265,1441214132235,"13,379",Not yet rated,NULL,$5.50
CSCD,$15,1441214132257,"2,739",100% bullish,of 2 ratings,$17
CWST,$6.185,1441214132287,"17,649",50% bullish,of 2 ratings,$7.25
CASY,$105.07,1441214132439,"90,730",50% bullish,of 2 ratings,$99.50
CASI,$1.353,1441214132513,"2,100",100% bullish,of 1 rating,$3.50
CATB,$11.13,1441214132539,"3,200",100% bearish,of 1 rating,$28
CATY,$28.63,1441214132600,"130,783",100% bearish,of 1 rating,$33.50
CPRX,$3.65,1441214132731,"85,976",71% bullish,of 7 ratings,$7
CATYW,NULL,1441214132794,0,100% bearish,of 1 rating,N/A
CASS,$47.5395,1441214132831,"1,697",100% bearish,of 1 rating,N/A
CAVM,$66.03,1441214132857,"74,833",67% bearish,of 3 ratings,$72
CBFV,$20.5601,1441214132884,407,Not yet rated,NULL,$25
CVCO,$72.58,1441214132913,"7,834",100% bearish,of 1 rating,N/A
CNLMR,NULL,1441214132939,0,Not yet rated,NULL,N/A
CNLM,$9.92,1441214132960,100,Not yet rated,NULL,N/A
CNLMU,NULL,1441214133136,0,100% bullish,of 1 rating,N/A
CBOE,$63.37,1441214133173,"214,873",Not yet rated,NULL,$60
CNLMW,NULL,1441214133199,0,Not yet rated,NULL,N/A
CDW,$38.455,1441214133224,"200,545",75% bullish,of 4 ratings,$44
CDK,$48.03,1441214133251,"119,813",67% bearish,of 3 ratings,$50
CPXX,$2.1418,1441214133419,"84,757",100% bullish,of 2 ratings,$7
CELGZ,$1.84,1441214133453,"3,010",80% bullish,of 5 ratings,N/A
CECE,$9.6125,1441214133483,"30,823",50% bullish,of 2 ratings,$16
CLRB,$3.0441,1441214133511,500,100% bearish,of 1 rating,N/A
CLDX,$14.531,1441214133543,"260,714",89% bullish,of 9 ratings,$36
CELG,$117.18,1441214133571,"1,489,080",92% bullish,of 13 ratings,$156
CLDN,$1.14,1441214133597,"34,389",71% bullish,of 7 ratings,$3
CLLS,$31.88,1441214133640,"26,534",75% bullish,of 4 ratings,$51.50
CLRBW,$0.9201,1441214133768,"1,000",Not yet rated,NULL,N/A
CBMG,$23,1441214133834,"38,053",50% bullish,of 2 ratings,N/A
CLSN,$2.02,1441214133872,"7,770",80% bullish,of 10 ratings,$7.50
CLTX,$2.1472,1441214134003,"133,220",100% bullish,of 2 ratings,N/A
CYAD,$48,1441214134051,"2,917",100% bullish,of 1 rating,$87.50
CETX,$2.396,1441214134078,"3,962",Not yet rated,NULL,$5.60
CEMP,$34.177,1441214134099,"133,058",71% bullish,of 7 ratings,$52
CETV,$2.06,1441214134132,"9,293",67% bullish,of 3 ratings,$2.80
CSFL,$13.59,1441214134157,"27,940",Not yet rated,NULL,$15
CFBK,$1.37,1441214134318,200,Not yet rated,NULL,N/A
CENT,$12.92,1441214134351,"46,382",Not yet rated,NULL,$10
CENTA,$13.205,1441214134449,"56,951",Not yet rated,NULL,N/A
CVCY,$11.75,1441214134479,900,Not yet rated,NULL,$12
CNBKA,$41.33,1441214134507,101,50% bullish,of 2 ratings,N/A
CNTY,$5.9491,1441214134533,"7,917",80% bullish,of 5 ratings,$7.75
CENX,$5.08,1441214134580,"820,104",67% bullish,of 6 ratings,$9
CPHD,$47.39,1441214134674,"114,803",67% bearish,of 3 ratings,$66.50
CERU,$4.24,1441214134823,"16,825",75% bullish,of 4 ratings,$14
CRNT,$1.41,1441214134850,"47,022",50% bullish,of 2 ratings,$2
CERN,$60.69,1441214134871,"379,621",67% bullish,of 3 ratings,$79
CERS,$4.799,1441214134928,"117,386",75% bullish,of 4 ratings,$7
CERE,$1.07,1441214135013,"133,908",88% bullish,of 8 ratings,N/A
KOOL,$0.6818,1441214135043,"17,963",100% bullish,of 5 ratings,$7
CYOU,$19.48,1441214135074,"61,740",50% bullish,of 6 ratings,$24
CEVA,$19.01,1441214135099,"8,686",100% bearish,of 1 rating,$25
HOTR,$1.38,1441214135128,"49,387",100% bullish,of 2 ratings,$5
HOTRW,NULL,1441214135173,0,Not yet rated,NULL,N/A
CTHR,$1.3,1441214135274,371,50% bullish,of 2 ratings,$2.50
CHTR,$178.52,1441214135434,"215,223",100% bearish,of 2 ratings,$202
CHKP,$78.06,1441214135467,"492,135",50% bullish,of 4 ratings,$92
GTLS,$22.98,1441214135565,"199,477",50% bullish,of 4 ratings,$40
CHEK,$2.3572,1441214135589,"3,681",Not yet rated,NULL,$7.75
CHFN,$12.41,1441214135615,"9,875",Not yet rated,NULL,$14
CEMI,$4.23,1441214135636,"10,347",50% bullish,of 2 ratings,$7.50
CHEKW,$0.74,1441214135773,115,Not yet rated,NULL,N/A
CCXI,$6.5,1441214135862,"10,355",67% bullish,of 3 ratings,$14
CHFC,$30.8,1441214135903,"10,584",100% bearish,of 1 rating,$36
CHKE,$25.6,1441214135929,"20,813",100% bearish,of 1 rating,$32.50
CHMG,$26.5,1441214135995,200,Not yet rated,NULL,$30
CHEV,$14.6,1441214136023,998,Not yet rated,NULL,N/A
CHMA,$27.1,1441214136044,"71,960",Not yet rated,NULL,$40
CBNK,NULL,1441214136267,0,100% bearish,of 1 rating,N/A
CMRX,$49.15,1441214136298,"66,795",50% bullish,of 2 ratings,$57
PLCE,$59.39,1441214136319,"59,833",100% bearish,of 1 rating,$69
CBPO,$94.23,1441214136401,"50,784",75% bullish,of 8 ratings,$140.50
CALI,$0.8461,1441214136454,"22,235",67% bullish,of 3 ratings,N/A
CADC,$3.33,1441214136480,200,78% bullish,of 9 ratings,N/A
CAAS,$6.05,1441214136531,"4,783",93% bullish,of 14 ratings,$11.50
CBAK,$1.8258,1441214136562,"14,115",67% bullish,of 9 ratings,N/A
CCCL,NULL,1441214136630,0,100% bullish,of 6 ratings,N/A
JRJC,$3.41,1441214136663,"85,619",82% bullish,of 11 ratings,N/A
CHOP,$1.1,1441214136770,10,50% bullish,of 2 ratings,N/A
CCCR,$0.729,1441214136802,"1,400",67% bearish,of 3 ratings,N/A
HGSH,$1.73,1441214136823,"6,003",67% bullish,of 3 ratings,N/A
CNIT,$1.2799,1441214136870,"13,666",67% bullish,of 6 ratings,N/A
CHLN,$1.95,1441214136897,210,67% bullish,of 3 ratings,N/A
CJJD,$1.8201,1441214137042,"3,578",100% bullish,of 1 rating,N/A
HTHT,$25.57,1441214137069,"46,270",50% bullish,of 2 ratings,$28.40
CREG,$0.66,1441214137100,500,100% bullish,of 3 ratings,N/A
CSUN,$1.42,1441214137207,"4,326",80% bullish,of 5 ratings,N/A
CPGI,NULL,1441214137237,0,Not yet rated,NULL,N/A
CNYD,$3.31,1441214137339,310,67% bullish,of 3 ratings,N/A
CXDC,$5.83,1441214137366,"6,217",67% bearish,of 3 ratings,N/A
CHNR,$1.6199,1441214137411,585,100% bearish,of 1 rating,N/A
CCIH,$7.25,1441214137507,"24,273",67% bullish,of 6 ratings,$12.65
CNTF,$0.8001,1441214137541,"19,022",Not yet rated,NULL,N/A
IMOS,$18.68,1441214137570,"106,490",60% bullish,of 5 ratings,$21.50
CHSCL,$27.15,1441214137644,"16,215",Not yet rated,NULL,N/A
CNET,$0.8326,1441214137671,"5,541",50% bullish,of 2 ratings,N/A
CHSCN,$26.93,1441214137744,"9,458",Not yet rated,NULL,N/A
CHSCO,$28.24,1441214137842,"1,082",Not yet rated,NULL,N/A
CHSCM,$26.3,1441214137896,"8,613",Not yet rated,NULL,N/A
CHDN,$133.36,1441214137995,"12,606",Not yet rated,NULL,$165
CHUY,$31.8,1441214138022,"78,293",50% bullish,of 2 ratings,$34
CDTX,$14.09,1441214138098,"3,501",Not yet rated,NULL,$22
CMPR,$68.5,1441214138201,"77,174",50% bullish,of 2 ratings,$72.50
CHSCP,$30.4201,1441214138229,"1,500",Not yet rated,NULL,N/A
CMCT,$15.5,1441214138255,225,100% bearish,of 1 rating,N/A
CIFC,$7.25,1441214138278,203,100% bearish,of 1 rating,N/A
CIDM,$0.5448,1441214138412,"8,806",50% bullish,of 2 ratings,$2.10
CPHR,$5,1441214138438,"8,239",100% bearish,of 1 rating,$17
CSCO,$25.335,1441214138570,"7,611,659",83% bullish,of 210 ratings,$32
CTAS,$84.11,1441214138597,"103,995",100% bearish,of 1 rating,$91
CRUS,$29.25,1441214138618,"203,085",75% bullish,of 12 ratings,$44.50
CINF,$51.86,1441214138669,"190,753",50% bullish,of 4 ratings,$50.50
CTRN,$26.31,1441214138802,"17,471",100% bearish,of 1 rating,$31.50
CIZN,$19.62,1441214139018,100,Not yet rated,NULL,N/A
CZFC,NULL,1441214139053,0,Not yet rated,NULL,N/A
CZWI,$8.95,1441214139086,307,Not yet rated,NULL,N/A
CIVB,$9.861,1441214139111,351,Not yet rated,NULL,$11
CIVBP,NULL,1441214139147,0,Not yet rated,NULL,N/A
CZNC,$19.68,1441214139183,"1,306",Not yet rated,NULL,N/A
CTXS,$65.91,1441214139210,"390,592",86% bullish,of 7 ratings,$80
CHCO,$46.8,1441214139273,"6,892",Not yet rated,NULL,$46
CDTI,$1.5099,1441214139543,"63,371",75% bullish,of 4 ratings,$3.20
CLNT,$1.49,1441214139569,"9,026",75% bullish,of 8 ratings,N/A
CLNE,$5.095,1441214139644,"310,197",80% bullish,of 15 ratings,$9
CLFD,$17.1,1441214139738,"15,541",67% bullish,of 3 ratings,$18
CLVS,$80.76,1441214139770,"122,416",60% bullish,of 5 ratings,$101.50
CSBK,$13.86,1441214139875,"10,037",Not yet rated,NULL,N/A
CBLI,$4.3616,1441214139914,"237,229",60% bullish,of 5 ratings,N/A
CLIR,$4.86,1441214139943,"10,180",100% bullish,of 3 ratings,N/A
CLRO,$11.16,1441214139974,"4,708",50% bullish,of 2 ratings,$14.25
CMFN,$11.2367,1441214140049,"6,727",100% bearish,of 1 rating,$15.50
CCNE,$17.0495,1441214140087,"4,372",50% bullish,of 2 ratings,$21.50
CME,$92.31,1441214140179,"384,322",67% bullish,of 3 ratings,$102
CISG,$7.92,1441214140210,"12,236",100% bullish,of 5 ratings,$10
CWAY,$11.08,1441214140315,669,Not yet rated,NULL,N/A
CNV,$4.37,1441214140340,"2,810",50% bullish,of 2 ratings,$7.15
COBZ,$12.62,1441214140487,"19,171",100% bullish,of 1 rating,$14
COKE,$154.805,1441214140569,"5,720",79% bullish,of 19 ratings,N/A
CDRB,$9.095,1441214140601,"147,553",67% bullish,of 3 ratings,N/A
CDXS,$3.59,1441214140676,"4,800",64% bullish,of 11 ratings,$6
CCOI,$27.1429,1441214140706,"97,877",50% bullish,of 4 ratings,$35
JVA,$4.66,1441214140734,"6,232",83% bullish,of 6 ratings,$7
CVLY,NULL,1441214140808,0,Not yet rated,NULL,N/A
CTSH,$61.67,1441214140933,"1,000,373",90% bullish,of 10 ratings,$75
COHR,$55.42,1441214141032,"31,400",50% bullish,of 2 ratings,$72
CGNT,$1.54,1441214141060,"4,900",100% bullish,of 2 ratings,$2
CGNX,$34.65,1441214141085,"100,863",50% bullish,of 2 ratings,$47
COHU,$9.51,1441214141106,"23,446",100% bearish,of 1 rating,$14.25
CHRS,$27.29,1441214141243,"13,192",67% bearish,of 3 ratings,$37
CLRX,$0.6301,1441214141272,"86,759",50% bullish,of 2 ratings,N/A
CLCT,$17.69,1441214141324,"14,815",100% bearish,of 1 rating,N/A
COLL,$14.36,1441214141374,"62,453",100% bearish,of 1 rating,$26
CBAN,$8.8,1441214141414,201,Not yet rated,NULL,N/A
CLCD,$5.92,1441214141451,"31,173",100% bearish,of 1 rating,$20.50
CIGI,$45.2,1441214141478,"27,750",100% bearish,of 1 rating,$52
COLM,$59.9,1441214141819,"39,866",100% bearish,of 1 rating,$71
CMCO,$18.95,1441214141845,"28,021",60% bullish,of 5 ratings,$28
CMCSA,$55.63,1441214141874,"5,299,510",66% bullish,of 35 ratings,$69.50
CMCSK,$56.87,1441214141920,"1,031,875",Not yet rated,NULL,$84
CBMX,$1.1399,1441214141980,"7,764",83% bullish,of 6 ratings,$3.15
CUBN,$13.5,1441214142012,"1,368",Not yet rated,NULL,N/A
COLB,$29.06,1441214142045,"33,190",Not yet rated,NULL,$36
CBSH,$43.15,1441214142116,"84,496",50% bullish,of 2 ratings,$46
CBSHP,$25.45,1441214142141,"1,200",100% bearish,of 1 rating,N/A
CVGI,$4.99,1441214142272,"22,221",50% bullish,of 2 ratings,$6
CSAL,$20.36,1441214142361,"198,248",75% bullish,of 4 ratings,$30
COMM,$32.149,1441214142390,"476,426",67% bearish,of 3 ratings,$35
ESXB,$5.09,1441214142410,101,Not yet rated,NULL,N/A
JCS,$9.0301,1441214142539,700,67% bullish,of 3 ratings,N/A
CTBI,$34.33,1441214142564,"6,528",Not yet rated,NULL,$36
CWBC,$6.85,1441214142644,"46,362",Not yet rated,NULL,N/A
CVLT,$35.25,1441214142725,"83,047",75% bullish,of 4 ratings,$44.50
COB,$10.38,1441214142756,"1,667",100% bullish,of 1 rating,$11.75
CYHHZ,$0.0101,1441214142787,"16,241",100% bullish,of 1 rating,N/A
CIZ,NULL,1441214142812,0,100% bearish,of 1 rating,N/A
CIL,NULL,1441214142854,0,Not yet rated,NULL,N/A
CSA,NULL,1441214142881,0,Not yet rated,NULL,N/A
CID,NULL,1441214143090,0,Not yet rated,NULL,N/A
CSF,NULL,1441214143123,0,100% bearish,of 1 rating,N/A
CFA,NULL,1441214143198,0,100% bearish,of 1 rating,N/A
CDC,$33.83,1441214143257,"6,400",Not yet rated,NULL,N/A
CSB,$32.83,1441214143278,72,Not yet rated,NULL,N/A
CFO,$34.71,1441214143309,"2,167",100% bearish,of 1 rating,N/A
CDL,$33.53,1441214143330,70,Not yet rated,NULL,N/A
CGEN,$4.99,1441214143364,"12,695",50% bullish,of 2 ratings,$11
CPSI,$45.41,1441214143474,"29,692",100% bearish,of 1 rating,$45.50
CTG,$6.6628,1441214143602,"8,337",100% bearish,of 1 rating,$8.50
CMTL,$25.8,1441214143696,"18,966",100% bearish,of 2 ratings,$37
CHCI,$0.67,1441214143729,400,50% bullish,of 2 ratings,N/A
CNSI,$18.08,1441214143758,"20,654",100% bearish,of 2 ratings,$29
SCOR,$44.18,1441214143779,"569,500",100% bearish,of 1 rating,$66
CNAT,$3.9,1441214143800,"58,998",83% bullish,of 6 ratings,$13
CNCE,$16.34,1441214143836,"40,260",75% bullish,of 4 ratings,$22
CDORO,$19,1441214144028,160,100% bearish,of 1 rating,N/A
CXRX,$78.31,1441214144081,606,100% bearish,of 1 rating,$90
CFMS,$14.47,1441214144116,"157,248",100% bearish,of 1 rating,$26.50
CDORP,$6.491,1441214144159,100,100% bearish,of 1 rating,N/A
CDOR,$1.2861,1441214144213,"1,980",100% bullish,of 1 rating,N/A
CCUR,$5.23,1441214144292,"10,651",75% bullish,of 4 ratings,N/A
CNFR,$10.21,1441214144317,"1,254",Not yet rated,NULL,N/A
CTWS,$34.98,1441214144382,"5,036",100% bearish,of 1 rating,$44
CNMD,$50.52,1441214144409,"123,956",Not yet rated,NULL,$59
CNOB,$18.94,1441214144430,"4,385",100% bullish,of 1 rating,$23.50
CNXR,$7.02,1441214144483,"28,924",100% bearish,of 1 rating,$12
CNSL,$19.32,1441214144611,"56,552",100% bearish,of 1 rating,$23
CWCO,$10.4245,1441214144704,"23,122",67% bullish,of 3 ratings,$14.50
CONN,$27.54,1441214144740,"142,885",67% bullish,of 3 ratings,$48.50
CPSS,$5.57,1441214144766,"8,658",100% bullish,of 1 rating,$10
CTCT,$23.99,1441214144800,"64,372",67% bullish,of 3 ratings,$37
CFRX,$4.744,1441214144903,"8,798",Not yet rated,NULL,$14
CFRXW,NULL,1441214144928,0,100% bearish,of 1 rating,N/A
CFRXZ,$0.4,1441214145006,"1,000",Not yet rated,NULL,N/A
CTRV,$3.78,1441214145069,"4,813",Not yet rated,NULL,$6.40
CPRT,$34.69,1441214145095,"98,808",67% bearish,of 3 ratings,$40
CRBP,$1.87,1441214145178,"66,407",100% bullish,of 2 ratings,$6.25
BVA,NULL,1441214145244,0,50% bullish,of 2 ratings,N/A
CORT,$4.99,1441214145273,"99,602",67% bullish,of 3 ratings,$12
CTRL,$8.25,1441214145378,"25,190",50% bullish,of 2 ratings,$11
CORE,$59.975,1441214145415,"32,907",100% bearish,of 1 rating,$72
CORI,$10.6,1441214145448,"20,933",100% bearish,of 1 rating,$18
CSOD,$35.88,1441214145474,"102,741",50% bullish,of 2 ratings,$42
CRVL,$31.13,1441214145552,"4,765",100% bearish,of 1 rating,N/A
CSGP,$171.74,1441214145649,"49,199",50% bullish,of 2 ratings,$235
COSI,$1.07,1441214145683,"18,201",100% bullish,of 1 rating,N/A
CPAH,$0.4305,1441214145739,400,50% bullish,of 2 ratings,N/A
COST,$140.0613,1441214145764,"479,894",79% bullish,of 24 ratings,$154.50
ICBK,$18.7,1441214145792,500,Not yet rated,NULL,$21
COWN,$5.08,1441214145924,"183,161",75% bullish,of 4 ratings,$7
COVS,$2.55,1441214145949,"32,449",67% bullish,of 3 ratings,N/A
CVTI,$22.61,1441214146080,"46,593",67% bearish,of 3 ratings,$39
CPSH,$2.36,1441214146134,"3,900",Not yet rated,NULL,N/A
CRAI,$23.425,1441214146160,"18,010",100% bearish,of 1 rating,$36
BREW,$7.717,1441214146289,"4,349",67% bullish,of 6 ratings,$15
COWNL,$26.447,1441214146315,"1,500",Not yet rated,NULL,N/A
CRAY,$20.6502,1441214146368,"57,447",83% bullish,of 6 ratings,$38.50
CBRL,$145.126,1441214146447,"52,804",50% bullish,of 2 ratings,$155
SLVO,$10.2,1441214146501,"1,038",100% bearish,of 1 rating,N/A
CACC,$199.81,1441214146522,"53,119",50% bullish,of 2 ratings,$158.50
CREE,$26.51,1441214146552,"271,217",65% bullish,of 17 ratings,$29.50
CRESY,$10.1782,1441214146598,"9,563",100% bearish,of 1 rating,$19
GLDI,$11.03,1441214146685,"2,572",100% bearish,of 1 rating,N/A
CRTO,$38.185,1441214146714,"241,614",67% bullish,of 6 ratings,$64
CROX,$14.075,1441214146744,"204,598",63% bullish,of 8 ratings,$16.50
CCRN,$14.05,1441214146818,"56,193",100% bearish,of 1 rating,$14.25
CRDS,$0.96,1441214146874,"43,082",75% bullish,of 4 ratings,$4.50
CRWS,$7.99,1441214147113,"4,600",Not yet rated,NULL,$10
CRWN,$4.89,1441214147143,"102,150",75% bullish,of 4 ratings,N/A
CYRX,$2.95,1441214147182,113,Not yet rated,NULL,$9
CCLP,$14.265,1441214147209,"29,723",67% bearish,of 3 ratings,$20
CSPI,$5.8,1441214147243,899,67% bullish,of 3 ratings,N/A
CSGS,$30.35,1441214147271,"51,851",Not yet rated,NULL,$40
CYRXW,$0.74,1441214147297,"6,600",Not yet rated,NULL,N/A
CTCM,$1.68,1441214147319,"21,991",80% bearish,of 5 ratings,$3.90
CTIC,$1.56,1441214147457,"201,442",84% bullish,of 76 ratings,$5.75
CTIB,NULL,1441214147478,0,100% bearish,of 1 rating,N/A
CTRP,$64.99,1441214147646,"425,361",75% bullish,of 8 ratings,$92.50
CUNB,$21.6,1441214147673,"9,326",Not yet rated,NULL,$24.50
CPIX,NULL,1441214147699,0,Not yet rated,NULL,N/A
CUI,$5.41,1441214147720,"14,489",50% bullish,of 2 ratings,$10
CMLS,$1.33,1441214147748,"134,719",50% bullish,of 4 ratings,$6
CRIS,$2.6,1441214147896,"57,088",100% bullish,of 8 ratings,$6
CVBF,$15.77,1441214148046,"80,198",Not yet rated,NULL,$18
CVV,$11.57,1441214148080,"4,744",100% bullish,of 5 ratings,N/A
CYBX,$62.55,1441214148110,"83,597",50% bullish,of 4 ratings,$71.50
CYAN,$6.5001,1441214148132,"1,650",100% bearish,of 1 rating,N/A
CUTR,$14.89,1441214148162,"19,528",67% bearish,of 3 ratings,$18
CYBR,$50.53,1441214148183,"401,775",75% bullish,of 8 ratings,$68.50
CYBE,$6.77,1441214148216,"1,253",100% bearish,of 1 rating,N/A
CBAY,$2.67,1441214148391,"8,638",100% bullish,of 1 rating,$4
CYCCP,NULL,1441214148416,0,100% bearish,of 1 rating,N/A
CY,$10.2,1441214148484,"4,192,168",80% bullish,of 10 ratings,$15.50
CYNO,$31.905,1441214148579,"53,979",67% bearish,of 3 ratings,$45.50
CYNA,$16.2,1441214148605,"13,849",50% bullish,of 2 ratings,$31.50
CONE,$31.26,1441214148673,"69,795",67% bearish,of 3 ratings,$35.50
CYRN,$1.767,1441214148698,"1,300",67% bullish,of 3 ratings,$4
CYCC,$0.5554,1441214148768,"25,200",73% bullish,of 11 ratings,N/A
CYTK,$7.225,1441214148833,"85,893",71% bullish,of 14 ratings,$13.50
CYTX,$0.3518,1441214148862,"683,249",83% bullish,of 12 ratings,$5.50
CTSO,$7.3,1441214148898,"55,095",Not yet rated,NULL,$15.625
TVIZ,$23.52,1441214148998,"12,835",100% bearish,of 1 rating,N/A
DAEG,$0.3699,1441214149027,620,100% bearish,of 1 rating,N/A
CYTR,$2.36,1441214149058,"120,005",67% bullish,of 6 ratings,$10
TVIX,$16.974,1441214149080,"6,792,105",81% bullish,of 16 ratings,N/A
ZIV,$35.65,1441214149158,"65,484",Not yet rated,NULL,N/A
DJCO,$196,1441214149291,202,Not yet rated,NULL,N/A
XIV,$23.3001,1441214149336,"8,559,457",75% bearish,of 4 ratings,N/A
DARA,$0.86,1441214149424,"1,935",83% bullish,of 6 ratings,$1.50
DAIO,$2.71,1441214149466,"1,854",Not yet rated,NULL,N/A
DTLK,$5.59,1441214149495,"20,332",100% bearish,of 1 rating,$9
DRAM,$1.35,1441214149555,"5,092",78% bullish,of 9 ratings,N/A
DAKT,$8.551,1441214149597,"46,561",50% bullish,of 2 ratings,$12
PLAY,$35.27,1441214149660,"68,222",100% bullish,of 5 ratings,$42
DWCH,$4.96,1441214149729,"6,886",75% bullish,of 4 ratings,$8.25
DWSN,$4.25,1441214149756,"5,053",67% bullish,of 3 ratings,N/A
DBVT,$37.647,1441214149783,"33,106",100% bearish,of 1 rating,$53
DTEA,$12.9,1441214149811,"14,103",100% bearish,of 2 ratings,$24
DHRM,$1.64,1441214149970,890,Not yet rated,NULL,N/A
TRAK,$62.79,1441214150035,"175,966",50% bullish,of 2 ratings,$62.50
TACO,$12.52,1441214150098,"77,230",75% bullish,of 4 ratings,$20
DCTH,$0.4245,1441214150123,"74,648",78% bullish,of 9 ratings,N/A
DFRG,$14.49,1441214150174,"69,987",100% bearish,of 1 rating,$20
TACOW,$3.54,1441214150201,700,100% bullish,of 1 rating,N/A
DELT,$2.25,1441214150275,100,Not yet rated,NULL,N/A
DGAS,$20.68,1441214150335,810,67% bearish,of 3 ratings,N/A
DELTW,NULL,1441214150364,0,Not yet rated,NULL,N/A
XRAY,$51.47,1441214150407,"143,231",100% bullish,of 1 rating,$58
DEPO,$26.805,1441214150434,"184,947",60% bullish,of 5 ratings,$29
DENN,$11.1601,1441214150466,"134,454",100% bullish,of 3 ratings,$15
DERM,$26.1,1441214150572,"14,792",100% bearish,of 1 rating,$33.50
DXLG,$6.25,1441214150645,"54,519",100% bearish,of 1 rating,$8
DSCI,$5.78,1441214150674,"26,725",50% bullish,of 2 ratings,$16
DEST,$10.815,1441214150741,"11,822",50% bullish,of 2 ratings,N/A
DSWL,$1.5401,1441214150771,"9,104",100% bullish,of 1 rating,N/A
DXM,$0.29,1441214150920,"197,072",50% bullish,of 2 ratings,N/A
DXCM,$88.02,1441214150984,"160,698",57% bullish,of 7 ratings,$98
DHXM,$6.45,1441214151016,200,Not yet rated,NULL,N/A
DHIL,$190.4,1441214151066,202,Not yet rated,NULL,N/A
DCIX,$1.6138,1441214151096,"16,854",50% bullish,of 4 ratings,$3.50
DMND,$30.205,1441214151129,"49,860",75% bullish,of 12 ratings,$32
DRNA,$11.24,1441214151205,"41,923",67% bearish,of 3 ratings,$25
FANG,$65.1602,1441214151239,"276,009",50% bullish,of 2 ratings,$86
DGII,$10.1799,1441214151264,"3,942",100% bearish,of 1 rating,$11
DMRC,$38.14,1441214151342,"10,785",100% bearish,of 1 rating,$44
DRAD,$3.78,1441214151397,"6,694",100% bullish,of 1 rating,$5.25
APPS,$2.26,1441214151595,"240,317",100% bearish,of 1 rating,$10.25
DGLY,$7.3,1441214151658,"139,509",50% bullish,of 6 ratings,$20
DISCA,$26.255,1441214151727,"676,107",67% bullish,of 3 ratings,$34
DPRX,$14.77,1441214151762,"6,655",100% bullish,of 2 ratings,$27.75
DIOD,$19.36,1441214151796,"27,147",75% bearish,of 4 ratings,$24
DCOM,$16.54,1441214151860,"13,855",100% bearish,of 2 ratings,$16
DSCO,$0.4207,1441214151888,"131,060",83% bullish,of 6 ratings,$2.75
DISH,$58.97,1441214151915,"363,557",69% bullish,of 13 ratings,$73
DISCK,$25.1,1441214151936,"308,031",100% bearish,of 1 rating,$32
DVCR,$10.93,1441214152134,"1,727",100% bullish,of 1 rating,N/A
DISCB,NULL,1441214152162,0,100% bearish,of 1 rating,$35
DLHC,$2.5401,1441214152189,"2,521",100% bearish,of 1 rating,N/A
DNBF,$26.05,1441214152209,"1,128",Not yet rated,NULL,$27.50
DLTR,$67.62,1441214152350,"4,191,903",82% bullish,of 11 ratings,$88
BAGR,$2.71,1441214152403,"9,200",100% bearish,of 1 rating,$6
DGICA,$14.38,1441214152432,"7,134",100% bearish,of 1 rating,$17
DMLP,$14.779,1441214152481,"28,146",100% bearish,of 1 rating,N/A
DGICB,NULL,1441214152533,0,100% bearish,of 1 rating,N/A
HILL,$9.68,1441214152614,"484,140",60% bearish,of 5 ratings,$9.75
DORM,$50.36,1441214152644,"95,716",100% bearish,of 1 rating,$56
DRWIW,NULL,1441214152669,0,Not yet rated,NULL,N/A
DRYS,$0.4302,1441214152817,"809,077",77% bullish,of 31 ratings,$.60
DSKX,$3.405,1441214152868,"56,287",100% bullish,of 1 rating,N/A
DWA,$19.79,1441214152895,"664,633",63% bullish,of 8 ratings,$26
DRWI,$0.225,1441214152920,"690,289",60% bullish,of 5 ratings,$.45
DSPG,$8.82,1441214153058,"6,063",100% bearish,of 1 rating,$13.50
CADT,$10.02,1441214153087,100,Not yet rated,NULL,N/A
CADTR,NULL,1441214153146,0,Not yet rated,NULL,N/A
CADTU,NULL,1441214153184,0,Not yet rated,NULL,N/A
DTSI,$28.8707,1441214153250,"99,874",100% bearish,of 2 ratings,$39.50
DNKN,$48.93,1441214153279,"500,021",67% bullish,of 15 ratings,$56.50
CADTW,NULL,1441214153304,0,Not yet rated,NULL,N/A
DRRX,$2.07,1441214153517,"59,210",50% bullish,of 6 ratings,$3
DYAX,$22.42,1441214153544,"130,517",89% bullish,of 9 ratings,$30
DXPE,$29.91,1441214153565,"49,100",50% bullish,of 2 ratings,N/A
DYNT,$3,1441214153601,"3,727",75% bullish,of 4 ratings,N/A
DYSL,$1.54,1441214153627,"10,021",100% bullish,of 2 ratings,N/A
BOOM,$10.79,1441214153697,"74,289",67% bullish,of 3 ratings,$12
ETFC,$25.18,1441214153766,"822,503",57% bullish,of 14 ratings,$32.50
DVAX,$28.41,1441214153796,"70,194",70% bullish,of 10 ratings,$40
EGBN,$40.36,1441214153995,"55,580",Not yet rated,NULL,$48
EBMT,$11.69,1441214154025,"1,300",Not yet rated,NULL,$13.50
EGRX,$80.25,1441214154083,"62,872",67% bullish,of 3 ratings,$97
EROC,$1.4774,1441214154124,"107,724",50% bullish,of 2 ratings,$3
ELNK,$8.27,1441214154151,"171,217",60% bullish,of 5 ratings,$9.50
EWBC,$38.531,1441214154180,"204,845",100% bearish,of 1 rating,$50
EGLE,$6.86,1441214154210,"6,608",60% bullish,of 5 ratings,N/A
EACQU,$10.01,1441214154317,200,Not yet rated,NULL,N/A
ELON,$0.59,1441214154490,"8,695",50% bullish,of 2 ratings,N/A
EBAY,$26.59,1441214154521,"2,939,248",81% bullish,of 117 ratings,$34
EVBS,$6.67,1441214154542,300,Not yet rated,NULL,$7
EBIX,$28.12,1441214154563,"68,936",69% bullish,of 13 ratings,$40
EML,$16.24,1441214154602,"2,689",Not yet rated,NULL,N/A
ECHO,$22.23,1441214154628,"50,297",67% bearish,of 3 ratings,$34.50
ECTE,$1.55,1441214154804,"2,241",75% bullish,of 4 ratings,N/A
EEI,$11.7396,1441214154873,"1,200",67% bearish,of 3 ratings,N/A
SATS,$43.38,1441214154898,"34,238",50% bullish,of 2 ratings,$60
ECACU,$10.1,1441214154923,200,Not yet rated,NULL,N/A
ESES,NULL,1441214155052,0,100% bearish,of 1 rating,$7
EDAP,$3.62,1441214155080,"15,733",60% bullish,of 5 ratings,$4.50
EDGW,$7.15,1441214155104,959,100% bearish,of 1 rating,N/A
EDUC,$6.54,1441214155235,"36,623",100% bearish,of 1 rating,N/A
EFUT,$4.66,1441214155291,"1,000",Not yet rated,NULL,N/A
EGLT,$12.4,1441214155320,"68,754",50% bullish,of 2 ratings,$21
EHTH,$14.775,1441214155357,"55,342",50% bullish,of 4 ratings,$16.50
EGAN,$3.67,1441214155389,"1,825",50% bullish,of 2 ratings,$6.25
LOCO,$12.67,1441214155456,"147,172",69% bullish,of 13 ratings,$19.50
EMITF,$1.2058,1441214155488,572,75% bullish,of 4 ratings,N/A
ESLT,$78.51,1441214155509,"3,676",67% bullish,of 3 ratings,N/A
EA,$64.502,1441214155739,"957,740",78% bullish,of 36 ratings,$80
ELRC,$10.45,1441214155765,"9,130",100% bearish,of 1 rating,N/A
ERI,$9.5,1441214155787,"34,254",100% bearish,of 1 rating,$10
ESIO,$4.52,1441214155822,"13,503",50% bullish,of 2 ratings,$10
ELSE,$3.9288,1441214155919,300,60% bullish,of 5 ratings,N/A
EFII,$43.18,1441214155948,"26,470",80% bullish,of 5 ratings,$55
ELECU,NULL,1441214155984,0,Not yet rated,NULL,N/A
ELECW,NULL,1441214156051,0,Not yet rated,NULL,N/A
RDEN,$11.18,1441214156076,"30,284",100% bearish,of 4 ratings,$15
ELEC,NULL,1441214156110,0,Not yet rated,NULL,N/A
CAPX,$22.74,1441214156209,1,Not yet rated,NULL,N/A
ESBK,$19.85,1441214156235,639,Not yet rated,NULL,N/A
LONG,$16.9,1441214156271,"1,508",67% bullish,of 3 ratings,$15.75
EBIO,$3.46,1441214156373,"115,239",100% bearish,of 2 ratings,$8.35
EMCI,$22.45,1441214156478,"6,424",Not yet rated,NULL,N/A
EMCF,NULL,1441214156614,0,100% bearish,of 1 rating,N/A
ELTK,$1.34,1441214156648,"22,660",67% bearish,of 3 ratings,N/A
EMKR,$6.81,1441214156744,"24,112",75% bullish,of 4 ratings,$8.50
EMMSP,NULL,1441214156769,0,100% bearish,of 1 rating,N/A
EMMS,$1.19,1441214156795,"5,925",83% bullish,of 6 ratings,N/A
ERS,$3.28,1441214156821,"7,265",Not yet rated,NULL,N/A
NYNY,$4.2,1441214157055,"9,853",50% bullish,of 2 ratings,N/A
ECPG,$38.38,1441214157115,"68,767",100% bullish,of 2 ratings,$52
ENDP,$73.7,1441214157153,"343,294",50% bullish,of 6 ratings,$101.50
WIRE,$31.72,1441214157174,"27,363",100% bearish,of 1 rating,$37
ENTA,$38.425,1441214157195,"45,037",50% bullish,of 2 ratings,$42
EIGI,$14.64,1441214157234,"87,458",67% bearish,of 3 ratings,$22.50
ECYT,$5.21,1441214157259,"89,806",83% bullish,of 6 ratings,$12
ELGX,$12.59,1441214157434,"114,926",75% bullish,of 4 ratings,$17
EFOI,$25.12,1441214157535,"645,347",50% bullish,of 2 ratings,$24.50
WATT,$7.0996,1441214157560,"13,376",50% bullish,of 2 ratings,$13
ERII,$2.59,1441214157591,"8,450",80% bullish,of 5 ratings,$2.50
ENOC,$8.89,1441214157695,"60,588",75% bullish,of 4 ratings,$18
ENG,$1.01,1441214157761,"28,479",100% bullish,of 3 ratings,N/A
EXXI,$1.6664,1441214157795,"660,287",86% bullish,of 7 ratings,$3.50
ESGR,$148.24,1441214157829,"13,078",100% bearish,of 1 rating,$185
ENPH,$4.41,1441214157857,"288,924",75% bullish,of 4 ratings,$11
ENFC,$17.8,1441214157891,200,Not yet rated,NULL,N/A
ENTL,$21.05,1441214157926,"11,870",Not yet rated,NULL,$28
ENTG,$13.47,1441214158026,"67,674",100% bearish,of 1 rating,$18
ETRM,$0.2815,1441214158053,"4,015,169",69% bearish,of 35 ratings,$1.625
EBTC,$21.65,1441214158208,310,Not yet rated,NULL,N/A
EFSC,$23.89,1441214158234,"8,206",Not yet rated,NULL,$27
EGT,$1.9999,1441214158255,"4,001",100% bullish,of 1 rating,N/A
ENZN,$0.9925,1441214158387,"122,743",100% bullish,of 9 ratings,N/A
ENZY,$10.1501,1441214158412,"14,400",67% bullish,of 3 ratings,$9.50
ENVI,$1.86,1441214158437,"13,652",67% bullish,of 3 ratings,N/A
PLUS,$72.83,1441214158565,"13,325",50% bullish,of 2 ratings,$88
EPRS,$5.03,1441214158598,"12,149",82% bullish,of 11 ratings,$15
EPIQ,$12.7099,1441214158638,"18,485",100% bearish,of 1 rating,$18
EPZM,$20.15,1441214158668,"134,871",60% bullish,of 5 ratings,$34
EQIX,$268,1441214158694,"235,377",75% bullish,of 4 ratings,$312.50
ERIC,$9.62,1441214158727,"628,444",67% bullish,of 9 ratings,$12.20
EAC,$3.425,1441214158755,"3,467",100% bearish,of 1 rating,$8
EQFN,NULL,1441214158776,0,100% bearish,of 1 rating,N/A
ESCA,$18.227,1441214158991,"6,752",100% bearish,of 1 rating,$22
ESMC,$1.4,1441214159101,640,Not yet rated,NULL,N/A
ERIE,$81.56,1441214159129,"3,854",Not yet rated,NULL,$73
ESCRP,NULL,1441214159190,0,100% bearish,of 1 rating,N/A
ESSA,$12.85,1441214159220,"4,765",100% bearish,of 1 rating,N/A
ESCR,$0.1599,1441214159241,"45,453",50% bullish,of 2 ratings,N/A
ESPR,$47.09,1441214159316,"388,111",70% bearish,of 10 ratings,$115
ESSX,$0.4896,1441214159371,"1,709",50% bullish,of 2 ratings,N/A
EPIX,NULL,1441214159421,0,Not yet rated,NULL,N/A
ESND,$33.1599,1441214159454,"63,452",100% bearish,of 2 ratings,$40
ETSY,$14.3996,1441214159514,"180,812",80% bullish,of 5 ratings,$16
CLWT,NULL,1441214159546,0,100% bullish,of 1 rating,N/A
ESEA,$4.6342,1441214159578,"10,285",100% bullish,of 1 rating,$15
EVEP,$8.59,1441214159682,"44,602",50% bullish,of 2 ratings,$15
EVK,$3.95,1441214159755,200,75% bearish,of 4 ratings,N/A
EEFT,$63.47,1441214159779,"43,983",100% bearish,of 1 rating,$67.50
EVOK,$3.305,1441214159972,"9,494",100% bearish,of 1 rating,$13.375
EVOL,$5.85,1441214160010,"7,448",75% bullish,of 4 ratings,$10
EXA,$10.51,1441214160046,"21,667",100% bearish,of 1 rating,$13
EXAS,$21.95,1441214160101,"333,320",78% bullish,of 9 ratings,$31
EXAC,$19.21,1441214160132,"8,288",100% bearish,of 1 rating,$22.50
EVLV,$2.635,1441214160153,"36,097",60% bullish,of 5 ratings,$4.625
EXEL,$5.73,1441214160186,"2,034,501",81% bullish,of 16 ratings,$6
EXFO,$2.91,1441214160207,200,67% bearish,of 3 ratings,$3.95
EXPE,$112.04,1441214160594,"230,840",64% bullish,of 11 ratings,$130
EXLS,$36.34,1441214160658,"39,870",50% bullish,of 2 ratings,$41
ESRX,$82.52,1441214160710,"738,776",67% bearish,of 6 ratings,$101
EXPO,$42.27,1441214160731,"27,842",100% bearish,of 1 rating,$45.50
EXPD,$49.39,1441214160759,"425,228",80% bullish,of 5 ratings,$52
EXLP,$19.375,1441214160786,"53,587",100% bearish,of 1 rating,$25
EYEG,$3.87,1441214160914,"4,718",Not yet rated,NULL,N/A
EYEGW,$1.0001,1441214160981,700,Not yet rated,NULL,N/A
EXTR,$3,1441214161011,"163,896",80% bullish,of 5 ratings,$3
FFIV,$119.3,1441214161045,"287,920",63% bullish,of 8 ratings,$132
EZCH,$22.56,1441214161070,"21,203",75% bullish,of 8 ratings,$19.50
EZPW,$6.25,1441214161099,"101,571",50% bullish,of 4 ratings,$7
FB,$88.76,1441214161126,"8,280,512",73% bullish,of 1074 ratings,$111
FCS,$13.35,1441214161162,"152,319",67% bearish,of 3 ratings,$17
FRP,$15.849,1441214161351,"18,136",100% bearish,of 1 rating,$18
FARM,$21.88,1441214161522,"12,326",100% bearish,of 1 rating,$35
FWM,$2.18,1441214161574,"52,264",100% bearish,of 2 ratings,$3.20
FFKT,$26.05,1441214161605,"3,416",Not yet rated,NULL,$29
FMNB,$8.24,1441214161626,600,Not yet rated,NULL,N/A
FALC,$1.75,1441214161657,"12,100",63% bearish,of 8 ratings,N/A
FARO,$37.62,1441214161686,"22,908",50% bullish,of 2 ratings,$48
DAVE,$14.55,1441214161711,"4,663",100% bearish,of 1 rating,$15.50
FAST,$38.2399,1441214161787,"573,599",80% bullish,of 5 ratings,$45.50
FDML,$8.7,1441214161849,"56,790",50% bullish,of 4 ratings,$14
FBRC,$22.19,1441214161921,"19,202",100% bearish,of 1 rating,$29
FATE,$6.28,1441214161946,"6,449",50% bullish,of 2 ratings,$11
FHCO,$1.38,1441214162275,"3,784",50% bullish,of 4 ratings,N/A
FEIC,$74.47,1441214162300,"80,033",50% bullish,of 2 ratings,$95.50
FNHC,$21.9803,1441214162325,"12,570",100% bearish,of 1 rating,$35
FBSS,NULL,1441214162351,0,Not yet rated,NULL,N/A
FGEN,$22.975,1441214162489,"55,671",100% bearish,of 1 rating,$39
FENX,$9.8,1441214162510,"25,371",100% bullish,of 1 rating,$14.25
FDUS,$14.921,1441214162550,"8,900",50% bullish,of 2 ratings,$18
FCSC,$5.56,1441214162586,"28,943",100% bearish,of 1 rating,$8.125
FRGI,$51.552,1441214162645,"33,248",50% bullish,of 2 ratings,$70
ONEQ,$184.44,1441214162685,"13,315",100% bullish,of 1 rating,N/A
LION,$18.9,1441214162772,"16,339",100% bullish,of 1 rating,$20
FSAM,$7.993,1441214162799,"1,751",100% bearish,of 1 rating,$10.25
FSC,$6.58,1441214162821,"206,885",60% bullish,of 5 ratings,$8
FITB,$19.21,1441214162857,"1,299,218",54% bullish,of 13 ratings,$22
FSFR,$8.71,1441214162884,"85,893",100% bearish,of 1 rating,$11.50
FSCFL,$24.6328,1441214163031,"1,722",Not yet rated,NULL,N/A
FITBI,$27.47,1441214163190,"10,096",Not yet rated,NULL,N/A
FNGN,$30.34,1441214163258,"104,816",67% bullish,of 3 ratings,$47
FNJN,$1.79,1441214163288,"1,300",100% bearish,of 1 rating,$5
FNTCU,NULL,1441214163352,0,Not yet rated,NULL,N/A
FNSR,$15.16,1441214163392,"210,961",71% bullish,of 7 ratings,$24
FRBA,$6.1,1441214163485,"6,400",Not yet rated,NULL,$8
FBNC,$16.8104,1441214163516,"1,915",100% bullish,of 1 rating,$20
FISI,$24.75,1441214163537,"1,161",100% bullish,of 2 ratings,$24.50
FNTC,NULL,1441214163558,0,Not yet rated,NULL,N/A
FEYE,$36.85,1441214163603,"997,504",88% bullish,of 16 ratings,$55.50
FNTCW,NULL,1441214163624,0,Not yet rated,NULL,N/A
FBIZ,$22.58,1441214163692,"32,236",100% bearish,of 2 ratings,$26
FNLC,$18.59,1441214163722,"2,306",100% bullish,of 1 rating,N/A
BUSE,$6.31,1441214163919,"34,336",Not yet rated,NULL,$6.875
FCVA,NULL,1441214163984,0,Not yet rated,NULL,N/A
FCBC,$17.25,1441214164193,"1,536",Not yet rated,NULL,$18
FCAP,$26.9,1441214164223,39,Not yet rated,NULL,N/A
FCFS,$39.63,1441214164248,"22,774",100% bearish,of 3 ratings,$47
FCNCA,$231.29,1441214164273,"1,507",Not yet rated,NULL,N/A
FDEF,$36.48,1441214164300,"8,683",Not yet rated,NULL,$38
FBNK,$16.728,1441214164325,"5,120",100% bearish,of 1 rating,$17.50
FCFP,NULL,1441214164559,0,Not yet rated,NULL,N/A
FFNM,NULL,1441214164590,0,Not yet rated,NULL,N/A
FCCO,$12.34,1441214164631,300,Not yet rated,NULL,$13.25
FCLF,$9.35,1441214164660,271,Not yet rated,NULL,N/A
FFIN,$29.78,1441214164686,"35,492",50% bullish,of 2 ratings,$31.75
FFBC,$18.11,1441214164715,"29,087",67% bearish,of 3 ratings,$20.25
THFF,$32.49,1441214164744,"1,297",Not yet rated,NULL,$35
FFBCW,NULL,1441214164764,0,100% bearish,of 1 rating,N/A
FFNW,$12.12,1441214165012,"6,369",Not yet rated,NULL,$14
FFWM,$21.13,1441214165037,"2,846",Not yet rated,NULL,$24
FMBH,$22.35,1441214165167,382,Not yet rated,NULL,N/A
INBK,$30.4638,1441214165192,"5,933",50% bullish,of 2 ratings,$37
FMBI,$17.055,1441214165218,"94,484",Not yet rated,NULL,$20
FRME,$25.84,1441214165265,"50,344",Not yet rated,NULL,$26.50
FIBK,$26.25,1441214165353,"25,048",Not yet rated,NULL,$32
FNBC,$34,1441214165374,"46,980",Not yet rated,NULL,$40
FNWB,$11.9882,1441214165407,"1,060",Not yet rated,NULL,N/A
FNFG,$8.865,1441214165458,"570,354",80% bullish,of 5 ratings,$9
FSGI,$2.445,1441214165509,"3,100",Not yet rated,NULL,N/A
FSFG,NULL,1441214165587,0,Not yet rated,NULL,N/A
FSLR,$47.46,1441214165613,"483,745",72% bullish,of 39 ratings,$65
FSBK,$7.83,1441214165741,"6,300",100% bullish,of 1 rating,N/A
BICK,NULL,1441214165765,0,100% bullish,of 1 rating,N/A
FTCS,$35.6095,1441214165982,"252,499",100% bearish,of 1 rating,N/A
FCAN,$23.86,1441214166007,101,Not yet rated,NULL,N/A
FV,$22.965,1441214166039,"1,041,219",100% bearish,of 1 rating,N/A
FBZ,$9.44,1441214166074,200,Not yet rated,NULL,N/A
IFV,$17.439,1441214166135,"109,209",100% bearish,of 1 rating,N/A
FEMB,NULL,1441214166160,0,Not yet rated,NULL,N/A
FCA,$18.866,1441214166188,107,Not yet rated,NULL,N/A
FTSM,$59.96,1441214166209,"18,500",100% bearish,of 1 rating,N/A
TDIV,$24.4201,1441214166426,"45,916",100% bearish,of 1 rating,N/A
FEUZ,NULL,1441214166452,0,Not yet rated,NULL,N/A
FGM,$35.07,1441214166529,"3,910",Not yet rated,NULL,N/A
MDIV,$18.9339,1441214166581,"97,047",Not yet rated,NULL,N/A
FTGC,$22.1804,1441214166631,"118,100",Not yet rated,NULL,N/A
FTHI,$19.14,1441214166652,651,Not yet rated,NULL,N/A
FHK,$32.24,1441214166787,"5,100",Not yet rated,NULL,N/A
FPXI,$26.4,1441214166875,200,Not yet rated,NULL,N/A
CU,$12.56,1441214166916,920,100% bearish,of 1 rating,N/A
HYLS,$49.495,1441214166947,"44,623",100% bearish,of 1 rating,N/A
YDIV,$16.13,1441214166976,700,Not yet rated,NULL,N/A
SKYY,$28.2,1441214167050,"19,925",100% bullish,of 1 rating,N/A
FTLB,$18.91,1441214167110,1,100% bearish,of 1 rating,N/A
FJP,$45.25,1441214167141,"14,421",Not yet rated,NULL,N/A
PLTM,$6.17,1441214167249,700,100% bearish,of 1 rating,N/A
LMBS,$50.37,1441214167276,"1,200",Not yet rated,NULL,N/A
QABA,$36.5296,1441214167359,"2,744",100% bearish,of 1 rating,N/A
FMB,$51.08,1441214167432,"2,562",Not yet rated,NULL,N/A
FONE,NULL,1441214167494,0,Not yet rated,NULL,N/A
CIBR,$17.3873,1441214167518,"19,148",Not yet rated,NULL,N/A
GRID,$31.04,1441214167650,330,100% bearish,of 1 rating,N/A
QQEW,$40.98,1441214167679,"148,318",Not yet rated,NULL,N/A
QCLN,$14.85,1441214167729,"8,761",Not yet rated,NULL,N/A
RDVY,$20.65,1441214167782,"3,788",Not yet rated,NULL,N/A
CARZ,$34.0399,1441214167821,291,100% bearish,of 1 rating,N/A
QQXT,$39.682,1441214167841,"9,247",Not yet rated,NULL,N/A
AIRR,$16.175,1441214167869,"4,279",100% bearish,of 1 rating,N/A
QTEC,$39.2626,1441214167912,"11,624",Not yet rated,NULL,N/A
QINC,NULL,1441214168107,0,Not yet rated,NULL,N/A
FTSL,$48.8404,1441214168165,"29,428",100% bearish,of 1 rating,N/A
FSZ,$38.21,1441214168327,829,Not yet rated,NULL,N/A
FKO,NULL,1441214168356,0,Not yet rated,NULL,N/A
FKU,$41.277,1441214168399,"9,314",Not yet rated,NULL,N/A
FTW,$31.445,1441214168425,158,Not yet rated,NULL,N/A
FUNC,$8.12,1441214168445,400,Not yet rated,NULL,N/A
SVVC,$9.21,1441214168478,"6,155",50% bullish,of 2 ratings,$26
FDIV,$46.96,1441214168504,925,100% bearish,of 1 rating,N/A
TUSA,$24.3128,1441214168638,"2,737",Not yet rated,NULL,N/A
FPRX,$18.5567,1441214168691,"79,975",50% bullish,of 2 ratings,$35
FISV,$84.17,1441214168716,"353,967",100% bearish,of 3 ratings,$90
FIVE,$37.63,1441214168745,"406,031",75% bearish,of 4 ratings,$44
FSV,$31.915,1441214168772,"5,547",Not yet rated,NULL,$33.60
FMER,$17.17,1441214168906,"170,812",50% bullish,of 2 ratings,$20
FLML,$22.75,1441214169091,"69,230",50% bullish,of 2 ratings,$30
FLKS,$11.49,1441214169116,"22,259",50% bullish,of 2 ratings,$27
SKOR,NULL,1441214169147,0,Not yet rated,NULL,N/A
FIVN,$3.89,1441214169173,"33,917",100% bullish,of 1 rating,$8.50
FLXN,$25.35,1441214169246,"73,478",100% bearish,of 1 rating,$40
FLEX,$10.22,1441214169315,"491,046",63% bullish,of 8 ratings,$12
MBSD,$24.91,1441214169336,315,Not yet rated,NULL,N/A
FLXS,$31.2,1441214169378,"4,802",100% bearish,of 2 ratings,N/A
FLIR,$28.19,1441214169408,"319,840",100% bearish,of 2 ratings,$38.50
FLDM,$11.25,1441214169436,"74,892",67% bearish,of 3 ratings,$15
FFIC,$19.45,1441214169479,"34,083",Not yet rated,NULL,$20.50
FES,$0.9001,1441214169667,"24,228",50% bullish,of 2 ratings,$1
FOMX,$10.02,1441214169692,"27,214",50% bullish,of 2 ratings,$23.50
FONR,$9.65,1441214169859,"1,410",100% bullish,of 1 rating,N/A
FORM,$6.49,1441214169890,"51,850",67% bullish,of 3 ratings,$10.50
FBIO,$2.58,1441214170025,"43,675",83% bullish,of 6 ratings,N/A
FORTY,$30.17,1441214170051,200,100% bearish,of 1 rating,N/A
FTNT,$41.21,1441214170076,"267,764",80% bullish,of 10 ratings,$52
FORR,$31.53,1441214170104,"9,991",Not yet rated,NULL,N/A
FWRD,$43.145,1441214170134,"48,378",100% bearish,of 1 rating,$50
FOSL,$60.1699,1441214170232,"166,989",60% bearish,of 5 ratings,$80
FORD,$1.7699,1441214170278,"1,553,455",67% bullish,of 3 ratings,N/A
FMI,$23.06,1441214170411,"71,304",100% bearish,of 2 ratings,$27.50
FWP,$26.28,1441214170444,"17,597",100% bearish,of 1 rating,$45
FOGO,$19.31,1441214170465,"27,030",50% bullish,of 2 ratings,$25.50
FXCB,$17.17,1441214170494,"3,578",Not yet rated,NULL,$19
FOXF,$15.05,1441214170543,"6,115",100% bearish,of 1 rating,$19
FREE,$0.4199,1441214171013,"2,936,615",92% bullish,of 12 ratings,N/A
FRAN,$11.45,1441214171038,"187,523",50% bullish,of 4 ratings,$15
FRED,$12.94,1441214171066,"37,065",50% bullish,of 2 ratings,$15.50
FEIM,$11.03,1441214171091,"1,900",100% bearish,of 1 rating,N/A
FELE,$27.7,1441214171117,"71,781",50% bullish,of 4 ratings,$33
FRPT,$12.0399,1441214171251,"159,201",67% bearish,of 3 ratings,$23.50
RAIL,$20.92,1441214171278,"26,843",100% bearish,of 1 rating,$24.50
FRPH,$31.19,1441214171343,902,100% bearish,of 1 rating,N/A
FTR,$5.19,1441214171371,"6,456,670",78% bullish,of 27 ratings,$6.25
FTRPR,$101.83,1441214171391,"1,000",100% bearish,of 1 rating,N/A
FSBW,$22.99,1441214171428,"4,780",Not yet rated,NULL,N/A
FTD,$29.89,1441214171454,"11,707",100% bearish,of 1 rating,$40
FSYS,$6.54,1441214171530,"144,306",67% bullish,of 3 ratings,$10
FCEL,$0.8358,1441214171701,"464,457",88% bullish,of 41 ratings,$2.65
FTEK,$1.99,1441214171726,"11,529",75% bullish,of 4 ratings,N/A
FULL,$3.08,1441214171771,"4,298",67% bearish,of 3 ratings,$4.25
FULLL,NULL,1441214171796,0,Not yet rated,NULL,N/A
FULT,$11.73,1441214171945,"141,026",100% bearish,of 1 rating,$13
FSNN,$2.1,1441214171979,"2,900",67% bullish,of 3 ratings,$6
FFHL,$0.9947,1441214172082,870,50% bullish,of 4 ratings,N/A
FXEN,$1.04,1441214172115,"99,608",75% bullish,of 4 ratings,$1.10
FLL,$1.4,1441214172142,"48,522",75% bullish,of 4 ratings,$3.50
WILC,$4.88,1441214172192,"2,110",100% bullish,of 2 ratings,N/A
GK,$67.22,1441214172224,"35,012",Not yet rated,NULL,$78
FXENP,NULL,1441214172285,0,100% bearish,of 1 rating,N/A
GAIA,$6,1441214172313,"170,490",50% bullish,of 2 ratings,$8.50
GLPG,$57.06,1441214172340,"7,858",100% bullish,of 1 rating,$75
GALTU,NULL,1441214172666,0,100% bearish,of 1 rating,N/A
GALE,$1.615,1441214172705,"376,644",89% bullish,of 47 ratings,$4
GALTW,NULL,1441214172734,0,100% bullish,of 1 rating,N/A
GALT,$2.1101,1441214172756,"19,764",80% bullish,of 5 ratings,N/A
GLMD,$8.51,1441214172785,"18,558",67% bullish,of 3 ratings,$20.50
GRMN,$37.13,1441214172834,"202,345",50% bullish,of 6 ratings,$46.50
GPIC,$9.76,1441214172993,100,100% bearish,of 1 rating,N/A
GGAC,NULL,1441214173035,0,100% bearish,of 1 rating,N/A
GGACU,$10.24,1441214173065,100,Not yet rated,NULL,N/A
GLPI,$30.83,1441214173090,"152,413",100% bearish,of 1 rating,$37.50
GGACW,$0.1436,1441214173119,"3,816",Not yet rated,NULL,N/A
GARS,$14.3,1441214173149,"16,636",Not yet rated,NULL,$16
GGACR,$0.26,1441214173180,"25,300",100% bullish,of 1 rating,N/A
GNCMA,$16.78,1441214173283,"50,326",100% bearish,of 1 rating,$12
GENC,NULL,1441214173361,0,100% bearish,of 1 rating,N/A
GFN,$3.87,1441214173446,"2,481",100% bearish,of 2 ratings,$8
GFNSL,$26.1399,1441214173598,700,Not yet rated,NULL,N/A
GNTX,$15.41,1441214173701,"714,912",Not yet rated,NULL,$20
GENE,$2.3138,1441214173733,"17,493",100% bullish,of 12 ratings,N/A
GHDX,$26.105,1441214173754,"66,165",50% bullish,of 2 ratings,$30
GNMK,$9.6401,1441214173789,"64,280",67% bullish,of 6 ratings,$14
GFNCP,NULL,1441214173814,0,Not yet rated,NULL,N/A
GNVC,$2.4599,1441214173839,"3,254",90% bullish,of 10 ratings,$8.50
GNCA,$11.16,1441214173885,"17,175",100% bearish,of 1 rating,$20
THRM,$44.66,1441214173974,"51,068",75% bearish,of 4 ratings,$55.50
GEOS,$17.15,1441214174035,"35,281",100% bearish,of 3 ratings,$21
GERN,$2.9794,1441214174169,"497,885",88% bullish,of 16 ratings,$5.25
GTWN,$18.97,1441214174197,500,Not yet rated,NULL,N/A
GABC,$28.5512,1441214174219,"5,726",Not yet rated,NULL,$31
ROCK,$16.49,1441214174380,"47,370",80% bullish,of 5 ratings,$24
GEVO,$2.33,1441214174406,"116,384",75% bullish,of 12 ratings,$5
GIII,$65,1441214174475,"426,340",67% bullish,of 3 ratings,$75
GILT,$4.1714,1441214174563,"1,536",50% bullish,of 2 ratings,N/A
GILD,$102.26,1441214174604,"2,609,660",91% bullish,of 87 ratings,$129
GIGA,$1.41,1441214174647,"26,658",100% bearish,of 1 rating,N/A
GIGM,$0.521,1441214174695,"3,379",100% bullish,of 2 ratings,N/A
GBCI,$25.63,1441214174723,"133,953",50% bullish,of 2 ratings,$31
GLAD,$8.6501,1441214174744,"61,977",50% bullish,of 2 ratings,$8.75
GOODN,$25.609,1441214174888,100,Not yet rated,NULL,N/A
GOOD,$14.21,1441214174919,"22,082",Not yet rated,NULL,$19
GLADO,$25.5,1441214174951,727,Not yet rated,NULL,N/A
GOODO,$25.4599,1441214175022,203,Not yet rated,NULL,N/A
GOODP,$25.1,1441214175047,712,Not yet rated,NULL,N/A
GAINN,$25.19,1441214175179,"15,796",Not yet rated,NULL,N/A
GAIN,$7.385,1441214175206,"41,520",100% bullish,of 2 ratings,$8.25
GAINO,$25.19,1441214175283,1,Not yet rated,NULL,N/A
LAND,$9.1388,1441214175535,"15,266",50% bullish,of 2 ratings,$13.75
GAINP,$25.6,1441214175586,"4,819",Not yet rated,NULL,N/A
GBT,$50.1,1441214175692,"44,486",100% bearish,of 1 rating,N/A
GBLI,$27.08,1441214175719,"6,774",Not yet rated,NULL,N/A
ENT,$10.94,1441214175744,"20,172",100% bearish,of 1 rating,$18
GLBZ,NULL,1441214175773,0,Not yet rated,NULL,N/A
GDEF,$10.65,1441214175794,400,Not yet rated,NULL,N/A
GSOL,$8.13,1441214175930,"12,919",100% bearish,of 1 rating,N/A
GPACU,NULL,1441214175989,0,Not yet rated,NULL,N/A
ACTX,$12.76,1441214176031,"2,000",100% bullish,of 1 rating,N/A
QQQC,$18.35,1441214176065,"6,300",100% bearish,of 1 rating,N/A
ALTY,$14.04,1441214176159,660,Not yet rated,NULL,N/A
SOCL,$17.15,1441214176183,"33,378",100% bullish,of 2 ratings,N/A
SRET,$12.95,1441214176363,"2,153",Not yet rated,NULL,N/A
GSM,$13.6,1441214176428,"80,061",50% bullish,of 2 ratings,$22
GBIM,$2.47,1441214176457,"5,130",50% bullish,of 2 ratings,N/A
YLCO,$11.66,1441214176487,600,Not yet rated,NULL,N/A
GLRI,$1.05,1441214176515,"33,057",100% bearish,of 1 rating,$4.25
GLUU,$4.24,1441214176557,"540,563",92% bullish,of 26 ratings,$9
GLBS,$1.06,1441214176619,300,67% bullish,of 3 ratings,N/A
GOGO,$16.02,1441214176758,"259,966",80% bullish,of 5 ratings,$25
GAI,$6.03,1441214176792,100,50% bullish,of 2 ratings,N/A
GLNG,$38.0625,1441214176813,"231,470",83% bullish,of 6 ratings,$55.50
GLYC,$6.97,1441214176847,900,50% bullish,of 2 ratings,$14
GMLP,$19.95,1441214176887,"58,535",50% bullish,of 4 ratings,$29
GLDC,$4.0987,1441214176948,200,50% bullish,of 2 ratings,N/A
GBDC,$17.0401,1441214177131,"90,112",Not yet rated,NULL,$17.75
GOOG,$608.782,1441214177167,"570,757",88% bullish,of 73 ratings,$787.50
GDEN,$8.96,1441214177197,"1,100",50% bullish,of 2 ratings,N/A
GTIM,$6.77,1441214177265,"8,046",Not yet rated,NULL,$11.50
GPRO,$40.4064,1441214177290,"8,575,985",78% bullish,of 58 ratings,$72
GOOGL,$638.92,1441214177316,"344,526",88% bullish,of 1082 ratings,$749
GOGL,$2.99,1441214177343,"118,506",75% bullish,of 4 ratings,$5
GPIAU,$9.95,1441214177476,500,Not yet rated,NULL,N/A
GMAN,$3.66,1441214177557,"15,581",60% bullish,of 5 ratings,$8.50
LOPE,$36.48,1441214177609,"45,615",100% bearish,of 2 ratings,$50
GPIA,NULL,1441214177635,0,100% bearish,of 1 rating,N/A
GPIAW,NULL,1441214177655,0,Not yet rated,NULL,N/A
GRVY,NULL,1441214177689,0,50% bullish,of 2 ratings,N/A
GBSNU,NULL,1441214177786,0,NULL,NULL,NULL
GSBC,$40.37,1441214177960,"7,010",100% bullish,of 1 rating,$44
GRBK,$11.81,1441214177987,"57,542",77% bullish,of 13 ratings,N/A
GBSN,$0.2699,1441214178009,"2,627,562",50% bullish,of 2 ratings,$8.25
GLDD,$5.49,1441214178039,"74,714",100% bearish,of 4 ratings,$7.75
GNBC,$11.7,1441214178063,"2,996",100% bearish,of 1 rating,$16.50
GPP,$14.26,1441214178139,"21,960",Not yet rated,NULL,$20.50
GRPN,$4.29,1441214178271,"1,370,827",61% bullish,of 71 ratings,$6.75
GCBC,$28.5,1441214178312,101,100% bullish,of 1 rating,N/A
GPRE,$20.14,1441214178340,"157,085",67% bullish,of 6 ratings,$28.50
GRIF,NULL,1441214178366,0,100% bearish,of 1 rating,N/A
GLRE,$25.11,1441214178397,"89,992",50% bullish,of 2 ratings,$41
OMAB,$41.5,1441214178425,"10,986",100% bullish,of 1 rating,$44
GRFS,$29.72,1441214178446,"163,456",50% bullish,of 2 ratings,$35
GGAL,$18.76,1441214178652,"44,168",80% bullish,of 5 ratings,$40
GSIG,$12.75,1441214178677,"5,800",100% bearish,of 2 ratings,N/A
GSVC,$8.83,1441214178738,"10,642",50% bullish,of 2 ratings,$15.75
GTXI,$0.88,1441214178810,"11,746",100% bullish,of 5 ratings,$.75
GUID,$6.83,1441214178862,"15,713",100% bearish,of 3 ratings,$10
GFED,$14.97,1441214178891,300,Not yet rated,NULL,$17
GSIT,$4.61,1441214178990,"3,600",100% bearish,of 1 rating,N/A
GURE,$1.6719,1441214179026,"23,348",88% bullish,of 8 ratings,N/A
GULTU,$0.3274,1441214179063,"12,203",100% bearish,of 1 rating,N/A
GPOR,$33.86,1441214179091,"288,460",75% bullish,of 4 ratings,$54
GIFI,$12.605,1441214179112,"24,409",100% bearish,of 1 rating,$16
GWPH,$104.06,1441214179149,"39,976",78% bullish,of 9 ratings,$148.50
GBNK,$15.67,1441214179170,"4,213",100% bearish,of 1 rating,$18
GWGH,$8.12,1441214179351,100,100% bearish,of 1 rating,$15.05
HEES,$18.73,1441214179408,"162,957",67% bearish,of 3 ratings,$31
GYRO,$29.7,1441214179433,"2,600",100% bearish,of 1 rating,N/A
HLG,NULL,1441214179569,0,100% bearish,of 1 rating,N/A
HALL,$11.37,1441214179674,"3,600",Not yet rated,NULL,N/A
HALO,$17.255,1441214179843,"221,481",67% bullish,of 3 ratings,$22.50
HNRG,$7.58,1441214179868,"27,518",100% bearish,of 1 rating,$10
HMPR,$1.83,1441214180024,"6,599",100% bullish,of 1 rating,N/A
HBHCL,$24.5,1441214180053,"28,222",Not yet rated,NULL,N/A
HAFC,$23.55,1441214180076,"24,246",100% bullish,of 2 ratings,$28.50
HNH,$24.8899,1441214180107,"12,767",100% bullish,of 1 rating,N/A
HBK,NULL,1441214180142,0,50% bullish,of 2 ratings,N/A
HNSN,$0.54,1441214180205,"21,522",88% bullish,of 8 ratings,$.40
HBHC,$26.6,1441214180241,"83,170",50% bullish,of 2 ratings,$30
HQCL,$12.16,1441214180266,"3,534",67% bullish,of 3 ratings,$14
HDNG,$9.88,1441214180463,"3,672",50% bullish,of 4 ratings,N/A
HLIT,$5.67,1441214180490,"86,356",100% bearish,of 1 rating,$6.50
HRMNU,NULL,1441214180650,0,Not yet rated,NULL,N/A
TINY,$2.42,1441214180682,"6,838",50% bullish,of 2 ratings,$5.26
HRMN,NULL,1441214180708,0,Not yet rated,NULL,N/A
HBIO,$4.41,1441214180733,"30,357",100% bearish,of 1 rating,$10
HART,$1.2,1441214180758,"137,150",100% bearish,of 1 rating,N/A
HRMNW,$0.4375,1441214180787,100,Not yet rated,NULL,N/A
HCAP,$12.057,1441214180986,"1,737",50% bullish,of 2 ratings,$15
HAS,$74.54,1441214181014,"654,520",63% bullish,of 8 ratings,$84.50
HCOM,$21.97,1441214181093,"2,613",100% bearish,of 1 rating,$28
HCAPL,$25.45,1441214181150,300,Not yet rated,NULL,N/A
HWKN,$38.15,1441214181198,"3,056",Not yet rated,NULL,N/A
HA,$23.48,1441214181223,"181,443",67% bullish,of 9 ratings,$27
HAYN,$38.24,1441214181495,"9,016",100% bearish,of 1 rating,$59
HWBK,$13.56,1441214181522,300,100% bearish,of 1 rating,N/A
HIIQ,$4.8,1441214181595,"15,084",50% bullish,of 2 ratings,$7
HDS,$32.14,1441214181673,"572,884",100% bearish,of 2 ratings,$39.50
HCSG,$32.8,1441214181730,"32,460",50% bullish,of 4 ratings,$35
HQY,$29.32,1441214181758,"66,592",67% bullish,of 3 ratings,$35
HSTM,$24.19,1441214181785,"23,671",50% bullish,of 2 ratings,$33.75
HTLD,$20.03,1441214181833,"136,899",Not yet rated,NULL,$22.50
HTLF,$35.7,1441214181924,"2,875",100% bullish,of 1 rating,$39.50
HWAY,$11.89,1441214181945,"69,565",100% bearish,of 1 rating,$15
HTBX,$4.0923,1441214182026,"15,116",50% bullish,of 2 ratings,$15.50
HTWR,$65.79,1441214182104,"1,252,938",50% bullish,of 2 ratings,$103
HSII,$19.91,1441214182363,"12,284",100% bullish,of 3 ratings,$25
HMNY,NULL,1441214182566,0,100% bearish,of 1 rating,N/A
HELE,$82.37,1441214182651,"43,750",67% bearish,of 3 ratings,$100
HNNA,$24.64,1441214182723,"4,394",Not yet rated,NULL,N/A
HMTV,$13.4,1441214183023,"2,539",100% bearish,of 1 rating,$16
HCACU,$9.99,1441214183070,700,Not yet rated,NULL,N/A
HSIC,$134.29,1441214183096,"87,501",83% bullish,of 6 ratings,$146
HFWA,$17.51,1441214183304,"77,417",100% bullish,of 1 rating,$20
HERO,NULL,1441214183432,0,NULL,NULL,NULL
HTBK,$10.3,1441214183527,"14,458",Not yet rated,NULL,$12
HCCI,$11.81,1441214183659,"13,855",100% bearish,of 1 rating,$16.50
HEOP,$7.63,1441214183804,"1,068",Not yet rated,NULL,$8.50
HRTX,$36.06,1441214183940,"249,973",57% bullish,of 7 ratings,$41
HFFC,$16,1441214184071,"5,200",Not yet rated,NULL,N/A
MLHR,$26.62,1441214184174,"150,660",50% bullish,of 2 ratings,$33.50
HSKA,$33.9,1441214184200,"28,868",100% bearish,of 1 rating,$38
HPJ,$2.08,1441214184356,"19,810",75% bullish,of 4 ratings,$12.43
HIMX,$6.54,1441214184381,"712,388",86% bullish,of 21 ratings,$8.50
HIBB,$38.4599,1441214184409,"127,692",100% bearish,of 1 rating,$46.50
HIHO,$4.14,1441214184431,"6,680",Not yet rated,NULL,N/A
HSGX,$6.03,1441214184558,"1,104",100% bearish,of 1 rating,$17
HMSY,$9.79,1441214184584,"258,165",67% bullish,of 3 ratings,$19.35
HMNF,NULL,1441214184642,0,Not yet rated,NULL,N/A
HIFS,$115.81,1441214184676,"2,767",Not yet rated,NULL,N/A
HOLX,$37.375,1441214184724,"1,149,788",50% bullish,of 4 ratings,$42
HOLI,$16.66,1441214184773,"89,474",50% bullish,of 4 ratings,$27
HBCP,$24.76,1441214184804,7,Not yet rated,NULL,$29
HOMB,$36.93,1441214184907,"31,390",Not yet rated,NULL,$42
HFBL,$22,1441214184931,700,Not yet rated,NULL,N/A
AWAY,$27.94,1441214185088,"226,185",67% bullish,of 3 ratings,$36
HMIN,$25.5,1441214185113,"27,203",100% bearish,of 2 ratings,$35
HMST,$21.765,1441214185364,"70,999",100% bullish,of 2 ratings,$27
HKTV,$4.38,1441214185415,"14,750",100% bearish,of 1 rating,N/A
HTBI,$18.06,1441214185507,"10,556",67% bullish,of 3 ratings,$18.625
CETC,$0.7556,1441214185642,"23,114",86% bullish,of 7 ratings,N/A
HOFT,$23.6,1441214185668,"34,104",100% bearish,of 1 rating,N/A
HBNC,$23.58,1441214185748,"1,550",100% bullish,of 1 rating,$27
HFBC,$11.415,1441214186083,"2,000",Not yet rated,NULL,N/A
HZNP,$29.78,1441214186276,"419,964",85% bullish,of 20 ratings,$40
HRZN,$10.43,1441214186301,"7,247",50% bullish,of 2 ratings,$14.25
ZINC,$7.25,1441214186449,"557,055",100% bearish,of 1 rating,$17
HDP,$23.51,1441214186707,"105,376",67% bearish,of 3 ratings,$30.50
HMHC,$21.93,1441214186899,"420,871",Not yet rated,NULL,$27
HOVNP,$3.95,1441214187039,"1,700",100% bearish,of 1 rating,N/A
HWCC,$7.64,1441214187068,"42,792",100% bearish,of 1 rating,$9
HBMD,$14.4,1441214187089,40,100% bearish,of 1 rating,N/A
HTGM,$5.75,1441214187118,"1,203",100% bearish,of 1 rating,$19.50
HSNI,$59.96,1441214187139,"31,737",Not yet rated,NULL,$80
HBAN,$10.49,1441214187271,"1,889,153",76% bullish,of 17 ratings,$12.29
HUBG,$37.39,1441214187299,"38,015",100% bearish,of 1 rating,$43
HCBK,$8.94,1441214187324,"545,051",83% bullish,of 6 ratings,$8.61
HSON,$2.7,1441214187525,"11,273",100% bearish,of 1 rating,$5
HURC,$29.54,1441214187577,"7,806",100% bearish,of 1 rating,N/A
HDSN,$3.13,1441214187605,"5,600",100% bullish,of 1 rating,$6.25
HBANP,$1347,1441214187626,29,100% bearish,of 1 rating,N/A
HURN,$72.18,1441214187647,"27,525",50% bullish,of 2 ratings,$80
HBP,$3.14,1441214187865,"3,876",100% bullish,of 1 rating,N/A
HDRAU,$10.18,1441214187904,900,Not yet rated,NULL,N/A
HTCH,$1.38,1441214187934,"50,488",100% bearish,of 1 rating,$3.50
HDRA,NULL,1441214187964,0,Not yet rated,NULL,N/A
HDRAR,NULL,1441214188063,0,Not yet rated,NULL,N/A
HDRAW,NULL,1441214188111,0,Not yet rated,NULL,N/A
HYGS,$8.793,1441214188145,"24,787",50% bullish,of 2 ratings,$13
IDSY,$3.6,1441214188350,"73,050",100% bearish,of 1 rating,$7
IACI,$69.59,1441214188382,"305,232",80% bullish,of 5 ratings,$90
ICAD,$3.7811,1441214188434,"25,737",100% bullish,of 2 ratings,$7.25
IBKC,$58.87,1441214188459,"25,206",100% bullish,of 1 rating,$70
IKGH,$1.52,1441214188524,"2,300",75% bullish,of 4 ratings,N/A
ICFI,$34.33,1441214188617,"17,262",50% bullish,of 2 ratings,$48.50
ICON,$13.23,1441214188719,"184,906",50% bullish,of 2 ratings,$28
ICLR,$75.49,1441214188745,"124,245",100% bearish,of 3 ratings,$85
IEP,$70.8101,1441214188875,"21,928",75% bullish,of 4 ratings,$99
ICUI,$111.005,1441214188966,"56,384",Not yet rated,NULL,$122
INVE,$4.38,1441214189003,"13,180",75% bullish,of 4 ratings,$4
IROQ,$16.83,1441214189074,100,100% bullish,of 1 rating,N/A
IDRA,$2.86,1441214189099,"197,961",89% bullish,of 9 ratings,$6.50
IPWR,$7.33,1441214189128,"6,900",100% bullish,of 1 rating,$15
DSKY,$10.91,1441214189179,"26,450",67% bullish,of 6 ratings,$11.50
IRG,$5,1441214189344,"7,316",100% bearish,of 1 rating,$4.25
IDXX,$72.055,1441214189405,"153,210",100% bearish,of 1 rating,$76
RXDX,$13.98,1441214189477,"49,971",100% bullish,of 1 rating,$20
IIVI,$16.39,1441214189647,"73,035",100% bearish,of 1 rating,$22
IKAN,$2.74,1441214189729,"13,792",83% bullish,of 6 ratings,$5
KANG,$15.47,1441214189790,"121,279",50% bullish,of 2 ratings,$23.10
IKNX,NULL,1441214189837,0,100% bearish,of 1 rating,N/A
ISNS,$4.1301,1441214190198,"1,890",50% bullish,of 2 ratings,N/A
ILMN,$195.9302,1441214190259,"173,095",80% bullish,of 5 ratings,$245
ICCC,$6.531,1441214190417,"21,405",100% bullish,of 1 rating,N/A
IMMR,$11.63,1441214190443,"102,164",80% bullish,of 5 ratings,$15.50
IMDZ,$15.69,1441214190523,"21,033",100% bearish,of 1 rating,$33
IMNP,$1.24,1441214190588,"28,165",50% bullish,of 2 ratings,$6
IMGN,$13.25,1441214190776,"230,566",75% bullish,of 4 ratings,$17.50
IMMU,$2.1,1441214190835,"191,248",86% bullish,of 7 ratings,$2
SAAS,$7.11,1441214190965,"192,886",50% bullish,of 2 ratings,$15
INCR,$41.81,1441214190993,"126,425",50% bullish,of 2 ratings,$53
INCY,$119,1441214191014,"573,715",50% bullish,of 6 ratings,$125.50
IMMY,$7.6,1441214191035,"1,003",100% bearish,of 1 rating,$11
IPXL,$40.6,1441214191066,"89,806",67% bullish,of 3 ratings,$46.50
IBCP,$14.01,1441214191244,"25,294",100% bullish,of 1 rating,$14.50
IBTX,$39.7098,1441214191616,"5,956",100% bullish,of 2 ratings,$47.25
IDSA,NULL,1441214191648,0,Not yet rated,NULL,N/A
INDB,$43.9,1441214191751,"6,408",Not yet rated,NULL,$44
INFI,$8.85,1441214191773,"84,498",50% bullish,of 4 ratings,$16.50
INFN,$21.82,1441214191809,"222,572",71% bullish,of 7 ratings,$28
IFON,$1.3,1441214191830,"7,699",75% bullish,of 4 ratings,N/A
III,$3.68,1441214191861,"54,825",57% bullish,of 7 ratings,$6
IPCC,$75.38,1441214191902,"9,949",Not yet rated,NULL,$77.50
IMKTA,$49.63,1441214192086,"28,297",100% bearish,of 1 rating,N/A
INNL,NULL,1441214192215,0,100% bearish,of 1 rating,$16.50
INOD,$2.35,1441214192246,"1,237",100% bearish,of 1 rating,N/A
IPHS,$46.7,1441214192271,"21,403",100% bearish,of 1 rating,$60
INWK,$7.0199,1441214192296,"29,303",50% bullish,of 2 ratings,$10
ISSC,$2.855,1441214192516,"12,900",67% bearish,of 3 ratings,N/A
IOSP,$49.51,1441214192541,"98,644",100% bearish,of 1 rating,N/A
INGN,$49.325,1441214192572,"37,028",100% bearish,of 1 rating,$50.50
INOV,$21.75,1441214192673,"111,798",100% bearish,of 1 rating,$33
INSM,$24.18,1441214192718,"79,018",71% bullish,of 7 ratings,$31.50
ITEK,$12.16,1441214192749,"110,670",100% bearish,of 3 ratings,$20
INO,$7.02,1441214192779,"263,442",89% bullish,of 18 ratings,$20
NSIT,$24.59,1441214192799,"67,622",50% bullish,of 2 ratings,N/A
ISIG,$2.69,1441214192830,875,100% bearish,of 1 rating,N/A
IIIN,$17.63,1441214192858,"10,999",100% bearish,of 2 ratings,N/A
NTEC,$5.66,1441214193091,"4,620",100% bearish,of 1 rating,N/A
INSY,$33.575,1441214193135,"160,090",75% bullish,of 4 ratings,$48
PODD,$28.55,1441214193164,"62,718",67% bearish,of 3 ratings,$35
IESC,$7.21,1441214193190,"1,605",100% bearish,of 1 rating,N/A
IART,$59.435,1441214193221,"83,389",100% bearish,of 2 ratings,$71.50
IDTI,$18.82,1441214193269,"435,847",60% bullish,of 5 ratings,$25
INTC,$28.52,1441214193409,"10,914,731",82% bullish,of 238 ratings,$36
ISSI,$21.96,1441214193476,"29,281",67% bullish,of 3 ratings,$19.75
IQNT,$18.38,1441214193502,"51,952",86% bullish,of 7 ratings,$20
IPCI,$2.2002,1441214193530,"13,758",67% bullish,of 6 ratings,$8
IPAR,$24.8605,1441214193562,"12,497",67% bullish,of 3 ratings,$38
ININ,$34.5375,1441214193662,"19,157",67% bearish,of 3 ratings,$57
ICPT,$185.57,1441214193712,"63,710",70% bullish,of 10 ratings,$359.50
IBKR,$37.045,1441214193748,"337,138",100% bullish,of 1 rating,N/A
ICLDW,$1.17,1441214193883,200,100% bearish,of 1 rating,N/A
ICLD,$1.87,1441214193913,"74,074",75% bullish,of 4 ratings,N/A
IDCC,$48.55,1441214194015,"47,558",80% bullish,of 5 ratings,$63
IBOC,$24.64,1441214194067,"21,491",100% bearish,of 1 rating,N/A
IMI,$2.02,1441214194159,"4,344",67% bullish,of 3 ratings,$2.22
TILE,$23.94,1441214194193,"144,583",100% bearish,of 3 ratings,$27
ISCA,$32.11,1441214194253,"13,461",100% bearish,of 1 rating,N/A
IGLD,$7.35,1441214194288,520,50% bullish,of 2 ratings,N/A
INAP,$9.03,1441214194339,"178,181",75% bullish,of 4 ratings,$11
INPH,NULL,1441214194519,0,50% bullish,of 2 ratings,N/A
PTNT,$3.03,1441214194602,100,Not yet rated,NULL,N/A
IIJI,$9.14,1441214194634,100,50% bullish,of 2 ratings,$11.50
XENT,$26.005,1441214194661,"26,993",50% bullish,of 2 ratings,$36.50
INTX,$2.09,1441214194682,"28,442",67% bullish,of 3 ratings,N/A
ISIL,$10.46,1441214194734,"252,146",50% bullish,of 6 ratings,$15
IILG,$19.61,1441214194821,"12,193",100% bearish,of 1 rating,$29
INTL,$25.1599,1441214194950,"40,825",67% bearish,of 3 ratings,N/A
ITCI,$26.84,1441214194976,"501,666",75% bearish,of 4 ratings,$40
ISRG,$506.63,1441214195055,"50,053",67% bullish,of 3 ratings,$600
INTLL,$25.9642,1441214195187,"2,600",Not yet rated,NULL,N/A
IVAC,$4.65,1441214195218,"10,484",100% bearish,of 1 rating,$6.625
INTU,$84.8,1441214195248,"583,858",86% bullish,of 7 ratings,$107.50
IIN,NULL,1441214195279,0,100% bearish,of 1 rating,$12
INVT,$0.329,1441214195302,"119,400",67% bullish,of 3 ratings,N/A
ISTR,$15.6101,1441214195350,749,100% bearish,of 1 rating,$18.50
SNAK,$8.41,1441214195378,"17,205",50% bullish,of 2 ratings,$14
ISBC,$11.48,1441214195563,"1,121,845",100% bullish,of 1 rating,$13.25
ITIC,$71.12,1441214195626,400,100% bearish,of 2 ratings,N/A
IVTY,$13.91,1441214195659,"5,600",Not yet rated,NULL,$18
IPAS,$1.06,1441214195697,"196,364",67% bullish,of 3 ratings,N/A
NVIV,$9.18,1441214195758,"51,736",50% bullish,of 4 ratings,$24.50
DTUL,NULL,1441214195828,0,Not yet rated,NULL,N/A
DFVL,NULL,1441214195856,0,Not yet rated,NULL,N/A
IPCM,$79.33,1441214195883,"124,703",50% bullish,of 2 ratings,$80.125
IPGP,$82.49,1441214195959,"99,798",67% bearish,of 3 ratings,$109.50
IRMD,$23.78,1441214196093,"6,058",67% bearish,of 3 ratings,$25
IRIX,$6.76,1441214196119,"1,400",100% bearish,of 1 rating,N/A
IRBT,$29.25,1441214196145,"62,996",67% bullish,of 6 ratings,$37
IRDM,$6.8401,1441214196273,"213,865",60% bullish,of 5 ratings,$11.50
IRDMB,$265,1441214196343,"10,350",67% bearish,of 3 ratings,N/A
IRWD,$10.87,1441214196371,"186,587",100% bearish,of 1 rating,$13
IRCP,NULL,1441214196392,0,100% bullish,of 2 ratings,N/A
FCHI,NULL,1441214196515,0,NULL,NULL,NULL
COMT,$32.98,1441214196539,"4,190",100% bearish,of 1 rating,N/A
GNMA,$50,1441214196615,200,Not yet rated,NULL,N/A
IFNA,NULL,1441214196713,0,NULL,NULL,NULL
IFGL,$27.825,1441214196740,"15,850",Not yet rated,NULL,N/A
IFAS,NULL,1441214196769,0,NULL,NULL,NULL
IFEU,$37.71,1441214196801,"6,199",Not yet rated,NULL,N/A
ACWI,$54.66,1441214196873,"600,118",Not yet rated,NULL,N/A
ACWX,$39.77,1441214196898,"285,590",100% bearish,of 1 rating,N/A
AXJS,NULL,1441214197078,0,NULL,NULL,NULL
AAXJ,$52.11,1441214197113,"351,141",Not yet rated,NULL,N/A
AAIT,NULL,1441214197142,0,NULL,NULL,NULL
EEME,NULL,1441214197164,0,NULL,NULL,NULL
EMEY,NULL,1441214197202,0,NULL,NULL,NULL
EMDI,NULL,1441214197230,0,NULL,NULL,NULL
EEMA,$49.2646,1441214197255,"23,826",Not yet rated,NULL,N/A
EGRW,NULL,1441214197334,0,NULL,NULL,NULL
EEML,NULL,1441214197513,0,Not yet rated,NULL,N/A
EVAL,NULL,1441214197555,0,NULL,NULL,NULL
EUFN,$21.3504,1441214197586,"47,009",100% bearish,of 1 rating,N/A
QAT,$21.33,1441214197611,4,Not yet rated,NULL,N/A
UAE,$17.98,1441214197648,"9,379",Not yet rated,NULL,N/A
IBB,$337.99,1441214197681,"296,615",63% bullish,of 8 ratings,N/A
IEUS,$44.68,1441214197784,"4,006",100% bearish,of 1 rating,N/A
SOXX,$81.21,1441214197843,"191,438",50% bullish,of 2 ratings,N/A
EMIF,$27.6853,1441214197930,"3,134",Not yet rated,NULL,N/A
ICLN,$9.2,1441214197999,"6,558",50% bullish,of 2 ratings,N/A
WOOD,$47.18,1441214198032,"21,662",50% bullish,of 2 ratings,N/A
INDY,$26.6528,1441214198131,"34,778",50% bullish,of 2 ratings,N/A
ISIS,$50.54,1441214198263,"416,277",53% bullish,of 15 ratings,$67
ISHG,$79.82,1441214198289,"11,007",100% bearish,of 1 rating,N/A
ISLE,$19.8599,1441214198320,"452,963",50% bullish,of 4 ratings,$16
IGOV,$90.8,1441214198419,"46,318",100% bearish,of 1 rating,N/A
ISRL,$126.18,1441214198456,2,100% bearish,of 1 rating,N/A
ITUS,$4.06,1441214198490,"3,400",Not yet rated,NULL,N/A
ITRN,$23.72,1441214198596,"1,407",50% bullish,of 2 ratings,N/A
ITRI,$29.3,1441214198620,"74,472",100% bearish,of 1 rating,$37
IXYS,$11.29,1441214198815,"50,887",50% bullish,of 4 ratings,N/A
MAYS,NULL,1441214198847,0,Not yet rated,NULL,N/A
XXIA,$15.15,1441214198872,"57,037",71% bullish,of 7 ratings,$14.625
JJSF,$112.845,1441214199021,"9,190",100% bearish,of 1 rating,N/A
JASO,$7.88,1441214199050,"289,905",82% bullish,of 17 ratings,$10
JBHT,$72.27,1441214199100,"179,987",50% bullish,of 4 ratings,$89.50
JCOM,$66.49,1441214199158,"77,214",100% bullish,of 2 ratings,$77
JACK,$77.235,1441214199265,"132,477",71% bullish,of 7 ratings,$105
JKHY,$66.03,1441214199338,"152,833",67% bearish,of 3 ratings,$72
JAXB,NULL,1441214199391,0,100% bullish,of 1 rating,N/A
JAKK,$9.49,1441214199424,"97,400",60% bearish,of 5 ratings,$11
JXSB,NULL,1441214199468,0,Not yet rated,NULL,N/A
JAGX,$3.3999,1441214199628,"5,004",Not yet rated,NULL,$10.50
JMBA,$14.22,1441214199678,"24,568",75% bullish,of 4 ratings,$18
JRVR,$27.32,1441214199760,"14,737",Not yet rated,NULL,$32
ERW,NULL,1441214199809,0,Not yet rated,NULL,N/A
JAZZ,$165.21,1441214199859,"59,827",80% bullish,of 15 ratings,$206.50
JASNW,NULL,1441214199891,0,50% bullish,of 2 ratings,N/A
JD,$24.71,1441214200026,"2,258,726",75% bullish,of 16 ratings,$36
JASN,$4.9,1441214200054,"4,797",50% bullish,of 2 ratings,$9.50
JBLU,$23.11,1441214200079,"2,736,016",94% bullish,of 18 ratings,$27
JTPY,NULL,1441214200208,0,100% bearish,of 1 rating,N/A
JCTCF,$9.65,1441214200238,100,100% bullish,of 1 rating,N/A
JST,$3.77,1441214200342,"2,705",75% bullish,of 4 ratings,N/A
JIVE,$4.62,1441214200372,"61,430",75% bullish,of 4 ratings,$5
DATE,$6.19,1441214200404,"39,809",75% bullish,of 4 ratings,$9
WYIGU,NULL,1441214200425,0,100% bearish,of 1 rating,N/A
JOEZ,$0.185,1441214200506,"101,986",92% bullish,of 12 ratings,N/A
JBSS,$49.81,1441214200652,"10,934",67% bearish,of 3 ratings,N/A
JOUT,$23.85,1441214200679,"7,216",100% bearish,of 1 rating,$34
JUNO,$34.66,1441214200829,"319,221",73% bullish,of 11 ratings,$71.50
JNP,$11.9,1441214200964,"28,552",100% bullish,of 3 ratings,$15
KTWO,$21,1441214200992,"25,780",100% bearish,of 1 rating,$28.50
KALU,$80.99,1441214201013,"39,653",67% bearish,of 3 ratings,$91
KBIO,$2.08,1441214201034,"10,381",50% bullish,of 4 ratings,N/A
KMDA,$3.46,1441214201074,"1,800",50% bullish,of 2 ratings,$8
KNDI,$6.325,1441214201161,"100,861",86% bullish,of 22 ratings,N/A
KPTI,$14.18,1441214201188,"110,427",67% bearish,of 3 ratings,$39
KCLI,$46.43,1441214201265,"8,155",Not yet rated,NULL,N/A
KCAP,$4.6472,1441214201360,"20,334",75% bullish,of 4 ratings,$6
KBSF,NULL,1441214201390,0,100% bullish,of 1 rating,N/A
KRNY,$11.33,1441214201467,"128,872",100% bearish,of 1 rating,$12
KELYB,NULL,1441214201540,0,50% bullish,of 2 ratings,N/A
KELYA,$14.39,1441214201645,"24,295",67% bullish,of 6 ratings,$20
KMPH,$20,1441214201681,"7,056",100% bearish,of 2 ratings,$22
KERX,$5.87,1441214201730,"224,822",82% bullish,of 11 ratings,$12
GMCR,$56.41,1441214201826,"786,698",71% bullish,of 42 ratings,$64
KFFB,$8.6346,1441214201851,740,100% bearish,of 1 rating,N/A
KEQU,$16.825,1441214201880,950,100% bullish,of 1 rating,N/A
KTEC,$12.14,1441214202008,200,Not yet rated,NULL,N/A
