Symbol,Price,Date,Volume,Rating,RatingVoteCount,OneYearEstimate
TFSCU,NULL,1440253202167,0,Not yet rated,NULL,N/A
TFSC,NULL,1440253202204,0,100% bearish,of 1 rating,N/A
FCCY,$11.6,1440253202229,354,100% bullish,of 1 rating,$13
TFSCR,NULL,1440253202256,0,Not yet rated,NULL,N/A
TFSCW,NULL,1440253202277,0,100% bearish,of 1 rating,N/A
SRCE,$30.03,1440253202504,"55,334",100% bullish,of 3 ratings,$33
VNET,$19.27,1440253202530,"733,790",60% bullish,of 5 ratings,$29.50
TWOU,$34.02,1440253202558,"673,961",50% bullish,of 2 ratings,$39
DGLD,$76.08,1440253202586,"21,135",100% bullish,of 1 rating,N/A
DSLV,$61.29,1440253202608,"22,007",100% bearish,of 1 rating,N/A
UGLD,$9.99,1440253202937,"253,649",100% bearish,of 1 rating,N/A
JOBS,$25.35,1440253202962,"172,084",50% bullish,of 4 ratings,$36
USLV,$14.59,1440253202986,"218,982",86% bullish,of 7 ratings,N/A
CAFD,$15.52,1440253203279,"330,925",Not yet rated,NULL,$25
AVHI,$13.95,1440253203305,"37,920",100% bearish,of 1 rating,$19
SIXD,$1.47,1440253203327,"250,988",Not yet rated,NULL,N/A
EGHT,$8.215,1440253203383,"436,691",82% bullish,of 17 ratings,$11
SHLM,$34.05,1440253203405,"123,800",100% bearish,of 1 rating,$50
AAON,$21.67,1440253203596,"166,594",100% bearish,of 1 rating,$24
ABY,$20,1440253203726,"1,100,886",100% bearish,of 2 ratings,$46
ABAX,$47.54,1440253203757,"139,615",100% bearish,of 1 rating,$60
ABGB,$4.09,1440253203785,"34,916",67% bullish,of 3 ratings,$5.50
ABEO,$4.83,1440253203962,"140,862",67% bullish,of 3 ratings,$15.50
ABEOW,$1.76,1440253204101,"2,525",100% bullish,of 1 rating,N/A
ACTG,$8.87,1440253204240,"323,174",67% bullish,of 3 ratings,$18.50
AXAS,$1.56,1440253204266,"860,487",78% bullish,of 9 ratings,$3.50
ABMD,$97.08,1440253204350,"831,796",75% bullish,of 4 ratings,$100.50
ACAD,$38.13,1440253204405,"928,540",80% bullish,of 20 ratings,$48
ACHC,$73.6762,1440253204546,"815,815",50% bullish,of 2 ratings,$92
AXDX,$17.93,1440253204571,"220,988",100% bearish,of 1 rating,N/A
ACST,$0.361,1440253204650,"71,223",100% bullish,of 2 ratings,N/A
ANCX,$18.76,1440253204820,"31,836",Not yet rated,NULL,$19
XLRN,$28.36,1440253204848,"111,031",50% bullish,of 2 ratings,$57
ARAY,$6.53,1440253204878,"3,387,732",100% bearish,of 1 rating,$10.50
VXDN,$5.5,1440253204981,"50,671",100% bearish,of 1 rating,N/A
VXUP,$27,1440253205162,"49,956",Not yet rated,NULL,N/A
ACRX,$4.05,1440253205188,"360,315",67% bearish,of 6 ratings,$5.50
ACET,$24.41,1440253205319,"127,207",75% bullish,of 4 ratings,$30
AKAO,$6.9457,1440253205349,"55,800",75% bullish,of 4 ratings,$15
ACHN,$7.75,1440253205454,"1,754,841",90% bullish,of 21 ratings,$16
ACIW,$21.89,1440253205517,"571,274",50% bullish,of 2 ratings,$24
ACNB,$20.33,1440253205600,"1,376",Not yet rated,NULL,N/A
ACOR,$29.75,1440253205660,"642,828",67% bearish,of 3 ratings,$38.50
ACTS,$1.3,1440253205793,"51,585",100% bearish,of 1 rating,N/A
ACPW,$1.856,1440253205925,"65,399",100% bullish,of 4 ratings,$3.50
ATVI,$27.2167,1440253205991,"5,132,751",68% bullish,of 84 ratings,$31.50
ACTA,$13.89,1440253206062,"113,227",67% bearish,of 3 ratings,$25
ACUR,$0.6182,1440253206212,"65,134",100% bullish,of 5 ratings,$1
ACXM,$20.1276,1440253206272,"350,940",67% bullish,of 3 ratings,N/A
ADMS,$20.07,1440253206316,"78,833",100% bearish,of 2 ratings,$36
ADMP,$3.65,1440253206401,"21,417",50% bullish,of 2 ratings,$10
ADAP,$12.53,1440253206445,"216,853",67% bullish,of 3 ratings,$22
ADUS,$29.83,1440253206541,"59,827",100% bearish,of 1 rating,$31
AEY,$2.29,1440253206632,"39,023",100% bearish,of 2 ratings,N/A
ADEP,$6.75,1440253206690,"33,889",50% bullish,of 2 ratings,$10.75
ADMA,$9.3,1440253206763,"3,500",Not yet rated,NULL,$19
ADBE,$78.87,1440253206872,"4,323,734",65% bullish,of 17 ratings,$90
ADTN,$15.59,1440253207034,"349,681",67% bullish,of 3 ratings,$17.125
ADRO,$19.44,1440253207093,"252,323",80% bullish,of 5 ratings,$45.50
AEIS,$25.055,1440253207194,"198,884",50% bullish,of 2 ratings,$32.50
MULT,NULL,1440253207221,0,100% bearish,of 1 rating,N/A
ADXS,$14.5,1440253207247,"919,015",64% bullish,of 14 ratings,$27
AMD,$1.76,1440253207274,"7,935,981",83% bullish,of 103 ratings,$2
ADXSW,$10.15,1440253207295,"5,206",100% bullish,of 1 rating,N/A
PIH,$7.2,1440253207430,"15,400",100% bearish,of 1 rating,N/A
YPRO,$23.29,1440253207459,"4,120",100% bearish,of 1 rating,N/A
FCTY,$7.63,1440253207496,300,100% bullish,of 1 rating,$8.50
FLWS,$9.36,1440253207559,"220,692",100% bullish,of 5 ratings,$15
AEGR,$18.26,1440253207589,"394,681",50% bullish,of 6 ratings,$26
AEHR,$2.24,1440253207694,"7,972",50% bullish,of 2 ratings,N/A
AEGN,$18.24,1440253207719,"212,917",100% bearish,of 1 rating,$21
AMTX,$3.09,1440253207748,"17,253",50% bullish,of 2 ratings,$26.11
AEPI,$57.13,1440253207937,"21,960",100% bearish,of 1 rating,N/A
AVAV,$24.38,1440253208042,"143,405",50% bullish,of 4 ratings,$31
AFMD,$9.78,1440253208123,"174,087",50% bullish,of 4 ratings,$15
AEZS,$0.1005,1440253208152,"5,371,374",90% bullish,of 21 ratings,$1.50
AEMD,$7.22,1440253208207,"187,619",Not yet rated,NULL,$27.50
AERI,$15.92,1440253208253,"361,223",75% bullish,of 4 ratings,$31.50
AFFX,$9.4,1440253208299,"587,032",80% bullish,of 5 ratings,$12
AGEN,$7.04,1440253208332,"940,432",85% bullish,of 13 ratings,$14
AGRX,$8.17,1440253208358,"49,951",100% bearish,of 1 rating,$17.50
AGYS,$9.63,1440253208437,"33,010",100% bearish,of 1 rating,N/A
AGFS,$9.8121,1440253208601,"73,206",100% bearish,of 1 rating,N/A
AGFSW,$1.79,1440253208627,"28,997",100% bearish,of 2 ratings,N/A
AIMT,$21.1,1440253208660,"120,787",Not yet rated,NULL,N/A
AGIO,$85.65,1440253208685,"509,530",88% bullish,of 8 ratings,$114
AIRT,$22.94,1440253208762,51,100% bullish,of 1 rating,N/A
AIRM,$36.55,1440253208788,"309,312",80% bearish,of 5 ratings,$53
ATSG,$9.1,1440253208920,"264,911",67% bullish,of 3 ratings,$13
AMCN,$4.9,1440253209024,"424,894",83% bullish,of 6 ratings,N/A
AIXG,$5.98,1440253209054,"34,571",67% bearish,of 3 ratings,$5.25
AKBA,$6.65,1440253209077,"184,781",100% bearish,of 1 rating,$18
AKAM,$68.463,1440253209113,"1,585,448",63% bullish,of 8 ratings,$77
AKER,$2.62,1440253209139,"93,096",Not yet rated,NULL,N/A
ALRM,$16.46,1440253209170,"358,434",100% bearish,of 1 rating,$22
AKRX,$40.2552,1440253209202,"930,040",78% bullish,of 9 ratings,$56
ALSK,$2.11,1440253209422,"112,029",78% bullish,of 18 ratings,$2
AMRI,$19.73,1440253209448,"245,268",75% bearish,of 4 ratings,$24
ABDC,$12.7,1440253209505,"21,785",Not yet rated,NULL,$15
ADHD,$8.31,1440253209582,"220,062",50% bullish,of 4 ratings,$18
ALCO,$42.36,1440253209687,"24,127",50% bullish,of 2 ratings,N/A
ALXA,$1.07,1440253209714,"26,737",83% bullish,of 6 ratings,$2.125
ALDX,$7.62,1440253209744,"6,759",100% bearish,of 1 rating,$14.50
ALXN,$173.81,1440253209847,"1,548,456",88% bullish,of 8 ratings,$223
ALDR,$36.64,1440253209873,"474,720",67% bearish,of 3 ratings,$62
ALKS,$60.35,1440253209902,"705,866",67% bullish,of 3 ratings,$75
ALIM,$3.15,1440253210038,"169,442",80% bullish,of 5 ratings,$10
ALGT,$216.09,1440253210067,"164,611",100% bearish,of 1 rating,$235
ALLB,$23.48,1440253210096,"1,820",Not yet rated,NULL,N/A
AFOP,$17.51,1440253210118,"139,898",75% bullish,of 8 ratings,$21
ALGN,$56.4432,1440253210154,"422,327",100% bearish,of 2 ratings,$73
AIQ,$14.7,1440253210250,"29,906",67% bullish,of 3 ratings,N/A
AMOT,$17.09,1440253210425,"80,719",100% bearish,of 1 rating,N/A
AHPI,$1.46,1440253210452,435,50% bullish,of 2 ratings,N/A
ARLP,$24.94,1440253210474,"151,729",67% bearish,of 3 ratings,$32
AHGP,$36.6344,1440253210496,"31,919",67% bullish,of 3 ratings,N/A
ALQA,$4.43,1440253210629,"36,237",75% bullish,of 4 ratings,$8.50
ALLT,$5.04,1440253210659,"71,089",75% bullish,of 4 ratings,$6.25
MDRX,$13.52,1440253210691,"1,235,763",60% bullish,of 5 ratings,$16
AFAM,$46.84,1440253210783,"72,495",50% bullish,of 2 ratings,$44
AOSL,$7.21,1440253210814,"45,497",67% bullish,of 3 ratings,$9
ATEC,$0.5768,1440253210843,"46,618",100% bullish,of 1 rating,$2
ALNY,$100.3178,1440253210864,"414,351",67% bullish,of 3 ratings,$148.50
SMCP,$22.56,1440253210897,"1,500",Not yet rated,NULL,N/A
ALTR,$48.17,1440253211030,"2,956,121",80% bearish,of 5 ratings,$54
ASPS,$29.2565,1440253211057,"228,767",67% bullish,of 3 ratings,$46.50
AIMC,$25.28,1440253211192,"92,117",100% bearish,of 1 rating,$28.50
AMAG,$59.95,1440253211217,"476,323",100% bullish,of 2 ratings,$77.50
AMRN,$2.03,1440253211261,"741,425",85% bullish,of 39 ratings,$8
AMBC,$15.6,1440253211424,"245,406",100% bearish,of 1 rating,$16.50
AYA,$21.62,1440253211462,"63,923",100% bearish,of 1 rating,$40
AMRK,$10.57,1440253211484,"4,627",50% bullish,of 2 ratings,$14
AMZN,$495.5,1440253211506,"3,790,755",81% bullish,of 263 ratings,$646
AMBCW,$7.0532,1440253211547,"1,178",100% bearish,of 1 rating,N/A
EPAX,$2.69,1440253211578,"74,357",100% bearish,of 1 rating,N/A
AMBA,$89,1440253211600,"5,366,218",83% bullish,of 12 ratings,$102.50
AMCX,$67.7119,1440253211639,"687,069",67% bullish,of 3 ratings,$85.50
DOX,$59,1440253211742,"282,272",50% bullish,of 2 ratings,$60
AMDA,$0.463,1440253211773,"1,233,767",90% bullish,of 10 ratings,$1
AMED,$40.5,1440253211882,"290,278",100% bearish,of 1 rating,$42
ASBI,$22.55,1440253212044,154,Not yet rated,NULL,N/A
ATAX,$5.23,1440253212073,"155,087",100% bullish,of 1 rating,$6.50
UHAL,$363.52,1440253212109,"15,187",100% bullish,of 2 ratings,$393.50
AAL,$39.75,1440253212139,"11,179,538",93% bullish,of 88 ratings,$57
AMOV,$17.65,1440253212207,"5,863",100% bearish,of 1 rating,N/A
AGNCB,$24.23,1440253212238,"21,668",Not yet rated,NULL,N/A
AGNC,$19.553,1440253212265,"3,952,543",75% bullish,of 28 ratings,$22
MTGE,$15.7,1440253212340,"402,399",75% bullish,of 4 ratings,$19.50
AGNCP,$25.34,1440253212410,"7,150",Not yet rated,NULL,N/A
ACSF,$12.225,1440253212471,"33,060",100% bearish,of 1 rating,$15
MTGEP,$24.12,1440253212496,"1,127",Not yet rated,NULL,N/A
ACAS,$13.74,1440253212525,"1,556,266",60% bullish,of 5 ratings,$16.75
ANCI,$1.59,1440253212653,"10,070",100% bearish,of 1 rating,N/A
AETI,$4.28,1440253212753,2,67% bearish,of 3 ratings,N/A
AMIC,$10.21,1440253212786,8,Not yet rated,NULL,N/A
ANAT,$100,1440253212846,"19,158",100% bullish,of 1 rating,N/A
AMNB,$22.8,1440253212883,"22,976",Not yet rated,NULL,$25.50
ARII,$38.75,1440253212917,"183,877",67% bearish,of 3 ratings,$45
APEI,$21.26,1440253212975,"155,037",100% bearish,of 1 rating,$25.50
AMRB,$10,1440253213013,"2,054",Not yet rated,NULL,$11
ASEI,$39.68,1440253213040,"53,467",100% bearish,of 1 rating,$52.50
AMSWA,$9.06,1440253213178,"86,700",100% bearish,of 2 ratings,$10.75
AMSC,$3.48,1440253213207,"36,442",50% bullish,of 4 ratings,N/A
AMWD,$67.8,1440253213233,"272,213",50% bullish,of 2 ratings,$58
CRMT,$37.91,1440253213258,"120,497",100% bearish,of 1 rating,$49
ABCB,$27.64,1440253213398,"189,477",Not yet rated,NULL,$31
AMSF,$49.68,1440253213424,"122,373",Not yet rated,NULL,$57.50
ASRV,$3.27,1440253213503,840,100% bullish,of 2 ratings,N/A
ATLO,$23.31,1440253213581,"15,885",Not yet rated,NULL,N/A
ASRVP,NULL,1440253213610,0,Not yet rated,NULL,N/A
AMGN,$155.9,1440253213631,"4,702,712",89% bullish,of 19 ratings,$185
FOLD,$14.05,1440253213660,"2,614,067",56% bullish,of 9 ratings,$21
AMPH,$13.79,1440253213803,"166,636",50% bullish,of 2 ratings,$20
AMKR,$4.39,1440253213836,"1,544,185",100% bearish,of 2 ratings,$5
AMSG,$81.5,1440253213857,"320,262",100% bearish,of 1 rating,$85.50
AMSGP,NULL,1440253213934,0,Not yet rated,NULL,N/A
AFSI,$58.44,1440253214005,"1,008,977",60% bullish,of 5 ratings,$72
AMRS,$1.63,1440253214032,"53,848",70% bullish,of 10 ratings,N/A
ASYS,$5.18,1440253214073,"35,518",67% bullish,of 3 ratings,$12
ANAC,$129.49,1440253214098,"607,726",80% bullish,of 5 ratings,$180.50
ANAD,$0.333,1440253214240,"132,364",100% bullish,of 2 ratings,$.50
ADI,$53.78,1440253214268,"3,922,593",67% bullish,of 3 ratings,$69
ALOG,$83.13,1440253214348,"75,588",100% bearish,of 2 ratings,$100.50
AMCF,$0.26,1440253214408,"9,494",100% bullish,of 7 ratings,N/A
ANCB,$22.3001,1440253214442,500,Not yet rated,NULL,$23
ABCW,$39.96,1440253214464,"10,347",67% bullish,of 3 ratings,N/A
ANGO,$14.71,1440253214541,"99,313",67% bullish,of 3 ratings,$19
ANGI,$4.64,1440253214597,"919,270",64% bullish,of 11 ratings,$5.50
ANSS,$90.92,1440253214701,"391,059",100% bearish,of 1 rating,$100
ANIK,$34.88,1440253214727,"106,488",60% bullish,of 5 ratings,$51.25
ANIP,$49.38,1440253214756,"250,484",89% bullish,of 19 ratings,$66
ATRS,$1.81,1440253214889,"537,668",92% bullish,of 12 ratings,$4.50
ANTH,$7.04,1440253214916,"1,783,771",80% bullish,of 10 ratings,$13
ATNY,$2.37,1440253215048,"2,775",50% bullish,of 2 ratings,$3.75
ABAC,$0.73,1440253215084,"36,221",100% bearish,of 1 rating,N/A
APOL,$10.9787,1440253215113,"992,661",87% bearish,of 68 ratings,$14
APIC,$6.49,1440253215139,"180,683",100% bearish,of 1 rating,$19
APOG,$51.6,1440253215169,"212,697",100% bullish,of 1 rating,$67
AINV,$6.4767,1440253215273,"1,117,263",50% bullish,of 4 ratings,$8
APPF,$16.84,1440253215299,"52,701",50% bullish,of 2 ratings,$22
AAPL,$105.9,1440253215377,"82,174,464",86% bullish,of 2338 ratings,$150
APDN,$3.22,1440253215470,"61,834",Not yet rated,NULL,$9
ARCI,$1.33,1440253215517,"3,906",Not yet rated,NULL,N/A
APDNW,$1.15,1440253215555,"2,800",Not yet rated,NULL,N/A
AGTC,$15.74,1440253215608,"119,853",50% bullish,of 2 ratings,$33
AMAT,$15.497,1440253215634,"12,956,491",82% bullish,of 11 ratings,$23
AAOI,$19.89,1440253215711,"285,163",50% bullish,of 4 ratings,$26
AREX,$2.03,1440253215793,"890,815",100% bearish,of 1 rating,$3
AMCC,$5.35,1440253215842,"963,117",80% bullish,of 5 ratings,$8
APRI,$1.33,1440253215869,"155,441",83% bullish,of 6 ratings,$4.86
AQMS,$5,1440253215900,"19,025",Not yet rated,NULL,N/A
APTO,$5.09,1440253215944,"8,208",Not yet rated,NULL,$17
AQXP,$18.2999,1440253215999,"469,595",50% bullish,of 2 ratings,$2
AUMA,NULL,1440253216045,0,Not yet rated,NULL,N/A
AUMAU,$9.94,1440253216188,"1,200",Not yet rated,NULL,N/A
AUMAW,NULL,1440253216224,0,Not yet rated,NULL,N/A
ARDM,$7.03,1440253216277,"4,358",100% bullish,of 1 rating,$26
PETX,$17.4,1440253216307,"307,971",100% bearish,of 2 ratings,$26
ABUS,$7.21,1440253216356,"502,243",86% bullish,of 14 ratings,$23
RKDA,$5.76,1440253216407,"19,343",100% bearish,of 2 ratings,$10
ABIO,$0.9,1440253216501,"131,271",50% bullish,of 2 ratings,$3.75
ARCW,$3.48,1440253216535,"25,137",100% bearish,of 2 ratings,$10.50
ARCB,$29.47,1440253216581,"211,071",50% bullish,of 2 ratings,$39.50
ACAT,$26.89,1440253216670,"260,125",100% bearish,of 3 ratings,$33
ACGL,$70.5015,1440253216706,"414,489",50% bullish,of 2 ratings,$72
ARNA,$2.97,1440253216801,"4,127,037",90% bullish,of 77 ratings,$5.50
ARDX,$17.41,1440253216826,"91,948",50% bullish,of 2 ratings,$24.50
ARCC,$15.47,1440253216892,"1,615,433",67% bearish,of 3 ratings,$17.875
AGII,$57.69,1440253216920,"141,575",Not yet rated,NULL,$59.50
AGIIL,$25.45,1440253217054,"5,893",Not yet rated,NULL,N/A
ARGS,$6.17,1440253217086,"116,903",50% bullish,of 2 ratings,$19.50
ARKR,$25.36,1440253217162,552,50% bullish,of 2 ratings,N/A
ARIS,$3.3,1440253217195,"8,290",Not yet rated,NULL,$4.50
ARIA,$6.7,1440253217242,"3,153,702",87% bullish,of 46 ratings,$9
ARMH,$40.1,1440253217297,"1,339,073",54% bearish,of 13 ratings,$61
ARTX,$1.48,1440253217338,"105,854",88% bullish,of 16 ratings,$4.50
ARWAR,NULL,1440253217367,0,Not yet rated,NULL,N/A
ARWA,NULL,1440253217398,0,Not yet rated,NULL,N/A
ARWAU,NULL,1440253217505,0,100% bullish,of 1 rating,N/A
ARQL,$1.67,1440253217573,"200,267",75% bullish,of 4 ratings,$5
ARWAW,NULL,1440253217728,0,Not yet rated,NULL,N/A
ARRY,$5.45,1440253217780,"1,219,732",100% bullish,of 7 ratings,$10
ARRS,$26.44,1440253217835,"1,060,211",50% bullish,of 2 ratings,$38
AROW,$27.24,1440253217864,"41,580",Not yet rated,NULL,N/A
DWAT,$9.92,1440253217912,"46,463",100% bearish,of 1 rating,N/A
ARWR,$5.57,1440253217964,"814,360",75% bullish,of 4 ratings,$10.50
ARTNA,$22.48,1440253218059,"42,576",100% bearish,of 1 rating,$29
ASNA,$11.2187,1440253218133,"8,984,030",50% bullish,of 2 ratings,$18
ARTW,$4.45,1440253218166,"3,048",75% bearish,of 4 ratings,N/A
ASBB,$25.05,1440253218187,372,Not yet rated,NULL,N/A
ASCMA,$28.6,1440253218222,"180,787",100% bearish,of 1 rating,$45
ASND,$18.23,1440253218263,"38,275",100% bullish,of 1 rating,$30
ASTI,$0.13,1440253218322,"1,817,223",83% bullish,of 6 ratings,$3
APWC,$1.9,1440253218457,406,100% bearish,of 1 rating,N/A
ASMI,NULL,1440253218490,0,NULL,NULL,NULL
ASML,$85.91,1440253218590,"1,134,628",67% bullish,of 3 ratings,$127
ASMB,$12.44,1440253218615,"80,806",67% bullish,of 3 ratings,N/A
AZPN,$38.4,1440253218646,"991,920",50% bullish,of 2 ratings,$42
ATRO,$52.77,1440253218783,"98,668",100% bearish,of 2 ratings,$80
ASFI,$8.95,1440253218809,"3,732",100% bullish,of 1 rating,N/A
ALOT,$13.51,1440253218840,"1,011",100% bearish,of 1 rating,N/A
ASTE,$36.28,1440253218876,"88,638",100% bearish,of 1 rating,$48
ASUR,$5.76,1440253218945,"10,939",100% bearish,of 1 rating,$8
ATAI,$2.78,1440253218977,"31,993",100% bearish,of 1 rating,N/A
ASTC,$2.2,1440253219000,"39,970",100% bullish,of 5 ratings,N/A
ATRA,$42.01,1440253219030,"183,569",50% bullish,of 2 ratings,$68
ATHX,$1.17,1440253219166,"238,940",89% bullish,of 9 ratings,$5
AFCB,$28.01,1440253219191,249,Not yet rated,NULL,N/A
ATHN,$135.79,1440253219239,"193,647",67% bearish,of 3 ratings,$153
AAPC,$10.21,1440253219373,394,Not yet rated,NULL,N/A
ACFC,$6.11,1440253219481,"95,163",Not yet rated,NULL,$6.50
ATML,$6.95,1440253219538,"2,918,067",78% bullish,of 9 ratings,$9.50
AAME,$3.58,1440253219564,"1,190",Not yet rated,NULL,N/A
AFH,$16.545,1440253219597,"75,284",Not yet rated,NULL,$21.50
ATLC,$3.9,1440253219622,"17,113",67% bullish,of 3 ratings,N/A
AAWW,$41.78,1440253219651,"365,924",50% bullish,of 2 ratings,$65
ATNI,$73.68,1440253219676,"66,107",100% bearish,of 1 rating,$69.50
ATOS,$0.85,1440253219706,"182,378",100% bullish,of 7 ratings,$7
ATRM,$2.89,1440253219898,"1,200",50% bullish,of 2 ratings,N/A
ATRI,$389.5,1440253219927,"4,458",Not yet rated,NULL,N/A
ATRC,$25.67,1440253219983,"198,665",100% bullish,of 1 rating,$30
ATTU,$13.55,1440253220058,"51,302",100% bearish,of 1 rating,$20.50
AUBN,$27.68,1440253220158,948,Not yet rated,NULL,N/A
LIFE,$14.04,1440253220184,"32,217",86% bullish,of 7 ratings,$43
AUDC,$3.18,1440253220264,"55,482",80% bullish,of 5 ratings,$5
EARS,$4.845,1440253220314,"14,045",100% bearish,of 2 ratings,$11.50
AUPH,$3.19,1440253220345,"14,987",100% bearish,of 1 rating,$8
ADAT,$0.12,1440253220366,"123,764",100% bullish,of 2 ratings,N/A
ADSK,$51.76,1440253220410,"2,339,645",83% bullish,of 6 ratings,$69.50
ABTL,$18.05,1440253220443,"70,992",100% bullish,of 4 ratings,$20.25
ADP,$79.23,1440253220577,"2,485,062",100% bearish,of 1 rating,$88
AVGO,$112.787,1440253220630,"3,328,073",88% bullish,of 8 ratings,$160
AAVL,$10.62,1440253220708,"258,588",100% bearish,of 1 rating,$20
AVNU,$12.7,1440253220733,506,Not yet rated,NULL,$14
AVEO,$1.38,1440253220798,"1,367,791",75% bullish,of 8 ratings,$3
AVNW,$1.24,1440253220895,"161,594",50% bullish,of 2 ratings,$2.20
AVID,$8.01,1440253220951,"539,251",100% bearish,of 1 rating,$20
AVGR,$14.23,1440253221054,"21,077",100% bearish,of 1 rating,$20
AWRE,$3.14,1440253221080,"21,064",67% bullish,of 3 ratings,N/A
AXPW,$1.1,1440253221110,"56,422",83% bullish,of 6 ratings,N/A
ACLS,$3.29,1440253221139,"557,776",67% bullish,of 6 ratings,$4.75
AXPWW,NULL,1440253221218,0,Not yet rated,NULL,N/A
CAR,$42.2749,1440253221287,"1,835,525",80% bullish,of 5 ratings,$60
AXTI,$2.15,1440253221353,"35,695",50% bullish,of 2 ratings,$2.75
AXGN,$3.94,1440253221379,"27,034",Not yet rated,NULL,$5
BCOM,NULL,1440253221458,0,100% bearish,of 1 rating,N/A
RILY,$10,1440253221518,600,Not yet rated,NULL,N/A
BEAV,$48.57,1440253221653,"742,264",67% bearish,of 3 ratings,$59
BOSC,$2.37,1440253221681,"1,297",50% bullish,of 2 ratings,N/A
BIDU,$152.9,1440253221710,"3,843,564",81% bullish,of 88 ratings,$210
BCPC,$57.76,1440253221738,"128,021",100% bearish,of 1 rating,$75
BWINA,NULL,1440253221758,0,Not yet rated,NULL,N/A
BWINB,$23.01,1440253221894,"25,265",Not yet rated,NULL,N/A
BANF,$60.97,1440253222026,"18,077",Not yet rated,NULL,$68
BLDP,$1.24,1440253222051,"470,551",91% bullish,of 22 ratings,$2.50
BOTJ,$11.15,1440253222189,"3,090",Not yet rated,NULL,N/A
BMRC,$48.75,1440253222220,"17,961",Not yet rated,NULL,$52
BANFP,NULL,1440253222241,0,Not yet rated,NULL,N/A
BKMU,$7.19,1440253222298,"511,937",Not yet rated,NULL,$8
BKSC,$15.6,1440253222325,705,Not yet rated,NULL,N/A
BOCH,$5.76,1440253222376,"16,932",Not yet rated,NULL,$6.50
OZRK,$40.71,1440253222524,"553,107",67% bullish,of 3 ratings,$49.50
BFIN,$12.01,1440253222551,"29,911",Not yet rated,NULL,$13
BWFG,$18.03,1440253222609,"3,688",100% bearish,of 1 rating,N/A
TAPR,$29.38,1440253222634,"4,550",100% bearish,of 1 rating,N/A
BZUN,$5.65,1440253222694,"399,133",50% bullish,of 2 ratings,$12.60
BANR,$45.64,1440253222720,"84,960",100% bullish,of 3 ratings,$50
BHACR,$0.25,1440253222874,700,Not yet rated,NULL,N/A
BHACW,NULL,1440253222939,0,Not yet rated,NULL,N/A
BHAC,NULL,1440253222965,0,Not yet rated,NULL,N/A
BBSI,$34.87,1440253222986,"71,494",67% bearish,of 3 ratings,$62.50
BHACU,NULL,1440253223016,0,Not yet rated,NULL,N/A
BYBK,$5.02,1440253223142,"1,546",100% bearish,of 1 rating,N/A
BYLK,$12.95,1440253223174,"4,701",Not yet rated,NULL,$14
BSET,$29.1,1440253223204,"49,205",100% bearish,of 1 rating,$35
BV,$5.08,1440253223275,"375,082",67% bullish,of 6 ratings,$9
BBCN,$14.81,1440253223337,"308,877",100% bearish,of 1 rating,$16
BDCV,$4.84,1440253223369,"9,821",100% bearish,of 1 rating,$10.19
BCBP,$11.73,1440253223395,"8,625",Not yet rated,NULL,N/A
BECN,$35.48,1440253223529,"294,756",50% bullish,of 2 ratings,$40
BEBE,$1.81,1440253223603,"150,846",75% bullish,of 4 ratings,$3.075
BBGI,$4.68,1440253223702,2,100% bearish,of 1 rating,N/A
BELFA,$15.5,1440253223733,100,100% bearish,of 1 rating,N/A
BBBY,$61.8626,1440253223765,"2,676,226",71% bullish,of 7 ratings,$75
BSF,$8.62,1440253223801,"18,869",Not yet rated,NULL,N/A
BLPH,$5.01,1440253223895,"26,371",100% bearish,of 1 rating,$12.50
BLCM,$17.46,1440253223921,"701,289",50% bullish,of 4 ratings,$40
BELFB,$17.92,1440253223945,"70,318",100% bearish,of 1 rating,N/A
BNFT,$36.3,1440253224086,"94,715",67% bullish,of 3 ratings,$46
BNCL,$12.64,1440253224114,"393,855",100% bullish,of 3 ratings,$12.50
BNTC,$8.6562,1440253224160,"29,198",100% bullish,of 1 rating,N/A
BGMD,$0.8536,1440253224249,"210,316",100% bullish,of 10 ratings,N/A
BGFV,$10.86,1440253224289,"167,409",57% bullish,of 7 ratings,$12
BGCP,$8.8,1440253224382,"2,203,135",88% bullish,of 8 ratings,$14
ORPN,$5.34,1440253224417,"18,329",100% bullish,of 1 rating,$28.50
BIND,$4.56,1440253224442,"42,392",67% bullish,of 3 ratings,$13.50
BASI,$1.39,1440253224606,"12,876",Not yet rated,NULL,N/A
BCDA,NULL,1440253224644,0,Not yet rated,NULL,N/A
BCRX,$11.99,1440253224665,"637,416",63% bullish,of 8 ratings,$18
BIOC,$2.08,1440253224701,"466,899",83% bullish,of 6 ratings,$3.85
BDSI,$6.52,1440253224732,"1,009,736",88% bullish,of 8 ratings,$17
BIOD,$0.6899,1440253224762,"144,374",80% bullish,of 5 ratings,$4
BIIB,$298,1440253224805,"2,250,449",88% bullish,of 16 ratings,$400
BIOL,$1.46,1440253224896,"36,518",Not yet rated,NULL,N/A
BLFS,$2.03,1440253224973,"86,446",100% bearish,of 1 rating,$4.75
BMRN,$130,1440253225046,"823,308",80% bullish,of 5 ratings,$160
BLRX,$1.42,1440253225183,"228,173",100% bullish,of 12 ratings,$5
BVXVW,$0.77,1440253225213,"1,008",100% bearish,of 1 rating,N/A
BRLI,NULL,1440253225236,0,NULL,NULL,NULL
BVXV,$3.86,1440253225257,"7,057",Not yet rated,NULL,N/A
BPTH,$1.13,1440253225296,"64,428",100% bullish,of 2 ratings,$5
BIOS,$1.84,1440253225346,"1,061,659",71% bullish,of 7 ratings,$4
BBC,$30.48,1440253225390,"62,013",Not yet rated,NULL,N/A
BSPM,$0.72,1440253225521,"10,225",50% bullish,of 2 ratings,N/A
BSTC,$49.71,1440253225550,"66,008",100% bearish,of 1 rating,$76
BBP,$32.07,1440253225571,"91,659",Not yet rated,NULL,N/A
BOTA,$2.2,1440253225592,"47,009",88% bullish,of 8 ratings,N/A
TECH,$101.4978,1440253225725,"129,987",100% bullish,of 1 rating,$117
BEAT,$13.69,1440253225752,"339,071",67% bearish,of 3 ratings,$15
BDMS,NULL,1440253225885,0,100% bearish,of 1 rating,N/A
BITI,$17.33,1440253225914,"31,694",100% bullish,of 1 rating,$28
BJRI,$44.71,1440253225935,"215,274",50% bullish,of 2 ratings,$55
BBOX,$15.44,1440253225966,"68,675",100% bearish,of 1 rating,N/A
BDE,$7.5,1440253225987,"220,690",50% bullish,of 2 ratings,$9
BBRY,$7.15,1440253226137,"5,450,296",61% bullish,of 330 ratings,$9
BKCC,$9.118,1440253226226,"334,015",100% bullish,of 2 ratings,$10
ADRA,$27.52,1440253226259,"1,065",Not yet rated,NULL,N/A
BLKB,$58.91,1440253226296,"225,935",100% bearish,of 2 ratings,$66
HAWK,$42,1440253226325,"525,334",91% bullish,of 11 ratings,$49
ADRD,$22.12,1440253226361,"8,231",100% bearish,of 1 rating,N/A
ADRE,$29.55,1440253226389,"44,928",Not yet rated,NULL,N/A
ADRU,$21.85,1440253226414,"2,468",100% bearish,of 1 rating,N/A
BLMN,$20.36,1440253226469,"1,559,840",83% bullish,of 6 ratings,$27.50
BCOR,$13.4,1440253226721,"257,015",57% bullish,of 7 ratings,$15
BLBD,$11.53,1440253226751,"7,869",Not yet rated,NULL,N/A
BUFF,$26.91,1440253226788,"472,572",83% bullish,of 12 ratings,$31.50
BBLU,$0.89,1440253226857,"120,329",100% bullish,of 2 ratings,$4.43
BHBK,$14.06,1440253226919,"103,355",100% bullish,of 1 rating,$14.50
NILE,$34.29,1440253226946,"91,641",50% bullish,of 2 ratings,$34
BKEP,$6.6,1440253226973,"42,067",100% bearish,of 1 rating,$8.50
BLUE,$124.9,1440253227003,"511,022",71% bullish,of 7 ratings,$217.50
BKEPP,$7.773,1440253227080,"1,100",100% bearish,of 1 rating,N/A
BNCN,$21.26,1440253227133,"105,692",Not yet rated,NULL,$23
BPMC,$25.74,1440253227160,"43,864",50% bullish,of 2 ratings,$47.50
BOBE,$44.5,1440253227236,"144,944",75% bullish,of 4 ratings,$57
WIFI,$7.83,1440253227293,"402,837",50% bullish,of 2 ratings,$13.50
BOFI,$123.99,1440253227374,"365,678",100% bullish,of 6 ratings,$144
BNSO,$1.38,1440253227536,"6,280",100% bearish,of 1 rating,N/A
BOKF,$61.8126,1440253227561,"136,973",100% bearish,of 1 rating,$70.50
BOJA,$20.83,1440253227587,"194,845",100% bullish,of 1 rating,$30
BPFHW,$5.5,1440253227718,837,100% bearish,of 1 rating,N/A
BONA,$11.82,1440253227746,"182,491",75% bullish,of 4 ratings,$8.50
BPFHP,$25,1440253227774,"1,571",100% bearish,of 1 rating,N/A
BAMM,$3.21,1440253227838,"12,873",60% bullish,of 5 ratings,N/A
EPAY,$25.46,1440253227945,"155,496",100% bearish,of 2 ratings,$30
BPFH,$12.155,1440253227976,"304,942",100% bearish,of 1 rating,$14
BCLI,$2.92,1440253227997,"80,439",80% bullish,of 5 ratings,$12
BDBD,$8.43,1440253228027,"500,690",60% bullish,of 5 ratings,$10
BBRG,$12.58,1440253228126,"83,065",67% bullish,of 3 ratings,$14.50
BBEP,$2.26,1440253228151,"2,113,660",69% bullish,of 13 ratings,$5.625
BBEPP,$13.24,1440253228326,"73,231",100% bearish,of 1 rating,N/A
BDGE,$27.4,1440253228413,"33,067",Not yet rated,NULL,$31.75
BRID,$8.62,1440253228494,86,100% bearish,of 1 rating,N/A
BCOV,$5.22,1440253228528,"120,648",67% bullish,of 3 ratings,$10.20
BLIN,$1.15,1440253228549,"21,500",50% bullish,of 2 ratings,$2.20
BYFC,$1.37,1440253228626,200,50% bullish,of 2 ratings,N/A
BRCM,$48.57,1440253228656,"5,158,085",75% bullish,of 12 ratings,$56
BSFT,$30.87,1440253228686,"134,160",57% bullish,of 7 ratings,$40.50
BWEN,$3.26,1440253228715,"21,709",100% bullish,of 3 ratings,$8
BVSN,$5.54,1440253228819,"12,787",60% bearish,of 5 ratings,N/A
BRKL,$10.765,1440253228921,"389,012",100% bearish,of 1 rating,$10.75
BRKS,$10.37,1440253228949,"191,066",67% bullish,of 3 ratings,$15.25
BRCD,$10.6,1440253228974,"10,780,307",92% bullish,of 13 ratings,$12.50
BRKR,$19.0677,1440253229002,"233,562",100% bearish,of 2 ratings,$22
BMTC,$29.46,1440253229133,"89,269",Not yet rated,NULL,$34
BLMT,$20.8,1440253229167,"14,194",Not yet rated,NULL,N/A
BSQR,$6.03,1440253229270,"89,784",67% bullish,of 3 ratings,N/A
BLDR,$14.9615,1440253229302,"1,078,324",50% bullish,of 2 ratings,$22
BUR,$1.85,1440253229334,"2,443",100% bearish,of 1 rating,$8
CFFI,$36,1440253229356,"6,616",100% bearish,of 1 rating,N/A
CA,$27.33,1440253229400,"2,905,194",50% bullish,of 4 ratings,$33
BWLD,$189.5073,1440253229428,"260,082",82% bullish,of 11 ratings,$205
CHRW,$67.24,1440253229487,"1,128,419",Not yet rated,NULL,$72
CCMP,$44.25,1440253229645,"90,039",50% bullish,of 2 ratings,$59
CDNS,$19.8,1440253229681,"1,519,633",75% bullish,of 4 ratings,$22.50
CDZI,$7.53,1440253229703,"30,147",100% bearish,of 1 rating,N/A
CACQ,$7.1,1440253229738,"100,797",100% bearish,of 1 rating,$12.25
CZR,$8.02,1440253229790,"1,345,062",60% bearish,of 5 ratings,$10.50
PRSS,$4.42,1440253229922,"18,224",80% bullish,of 5 ratings,$4.50
CSTE,$45,1440253229952,"526,244",100% bearish,of 1 rating,$65
CLBS,$1.33,1440253229982,"263,782",79% bullish,of 14 ratings,$4
CLMS,$11.43,1440253230011,"84,354",Not yet rated,NULL,$10.50
CHY,$11.51,1440253230089,"256,541",Not yet rated,NULL,N/A
CHI,$10.67,1440253230196,"301,618",100% bearish,of 1 rating,N/A
CCD,$19.57,1440253230226,"275,211",Not yet rated,NULL,N/A
CFGE,NULL,1440253230256,0,Not yet rated,NULL,N/A
CHW,$7.59,1440253230327,"273,520",100% bearish,of 1 rating,N/A
CSQ,$9.88,1440253230352,"547,189",Not yet rated,NULL,N/A
CGO,$11.92,1440253230386,"30,892",100% bearish,of 1 rating,N/A
CAMP,$15.71,1440253230535,"335,596",88% bullish,of 8 ratings,$25
CVGW,$54.49,1440253230568,"146,768",50% bullish,of 2 ratings,$58.50
CALA,$5.13,1440253230589,"381,343",100% bullish,of 3 ratings,$19.50
CALD,$15.56,1440253230669,"396,608",100% bearish,of 1 rating,$20.50
CFNB,$13.73,1440253230734,143,100% bearish,of 1 rating,N/A
CALM,$49.67,1440253230761,"539,610",80% bullish,of 5 ratings,$65
CLMT,$25.21,1440253230784,"367,348",75% bullish,of 8 ratings,$31
ABCD,$4.64,1440253230817,"122,674",83% bullish,of 6 ratings,N/A
CAMB,NULL,1440253230920,0,Not yet rated,NULL,N/A
CAMBU,NULL,1440253231057,0,100% bearish,of 1 rating,N/A
CAMT,$2.76,1440253231091,"17,958",73% bullish,of 11 ratings,$4
CAMBW,$0.14,1440253231112,200,Not yet rated,NULL,N/A
CSIQ,$17.5,1440253231141,"3,511,125",86% bullish,of 28 ratings,$45
CAC,$40.79,1440253231187,"25,045",Not yet rated,NULL,N/A
CPHC,$10.66,1440253231274,"2,320",100% bearish,of 1 rating,N/A
CGIX,$9.21,1440253231424,"38,415",67% bullish,of 3 ratings,$14.375
CBF,$30.13,1440253231449,"102,306",Not yet rated,NULL,$32
CBNJ,$10.65,1440253231481,"60,681",100% bullish,of 1 rating,N/A
CPLA,$48.57,1440253231513,"84,854",50% bullish,of 2 ratings,$65
CPLP,$7.07,1440253231541,"470,786",71% bullish,of 7 ratings,$11
CCBG,$15.17,1440253231562,"20,399",Not yet rated,NULL,$17.25
CSWC,$46.68,1440253231808,"16,339",Not yet rated,NULL,N/A
CFFN,$12.0086,1440253231838,"689,306",Not yet rated,NULL,$12.75
CAPN,$1.99,1440253231874,"269,769",100% bullish,of 1 rating,$10.85
CAPNW,$0.6199,1440253231896,615,Not yet rated,NULL,N/A
CAPR,$3.95,1440253231948,"6,718",Not yet rated,NULL,$12
CPTA,$14.22,1440253231977,"52,411",Not yet rated,NULL,$18.50
CPST,$0.3777,1440253231998,"956,493",95% bullish,of 22 ratings,$1.25
CARA,$21.01,1440253232194,"286,045",50% bullish,of 4 ratings,$25
CARB,$11.43,1440253232227,"85,069",75% bullish,of 4 ratings,$12
CBYL,$6.29,1440253232258,"38,631",100% bearish,of 1 rating,$20
CRME,$9.535,1440253232329,"32,837",89% bullish,of 9 ratings,$11.25
CRDC,$0.38,1440253232358,"10,734",100% bullish,of 1 rating,$1.25
CFNL,$22.47,1440253232387,"122,419",Not yet rated,NULL,$24
CSII,$24.6527,1440253232489,"477,244",100% bearish,of 2 ratings,$42.125
CATM,$34.54,1440253232530,"283,184",100% bearish,of 1 rating,$44
CDNA,$6.47,1440253232631,"6,286",100% bearish,of 1 rating,$9
CECO,$3.63,1440253232687,"476,999",67% bearish,of 3 ratings,$6
CLBH,$12.79,1440253232714,288,Not yet rated,NULL,$16.50
CTRE,$12.03,1440253232737,"422,076",50% bullish,of 2 ratings,N/A
CKEC,$21.84,1440253232791,"283,627",50% bullish,of 2 ratings,$35.915
CARO,$15.35,1440253232889,"1,700",100% bearish,of 1 rating,$19
CART,NULL,1440253232918,0,100% bearish,of 1 rating,N/A
TAST,$11.91,1440253233046,"220,515",Not yet rated,NULL,$14.25
CRTN,$2.66,1440253233128,103,100% bearish,of 1 rating,N/A
CARV,$5.51,1440253233181,"1,650",50% bullish,of 2 ratings,N/A
CRZO,$32,1440253233236,"968,169",67% bearish,of 3 ratings,$57
CASM,$1.09,1440253233257,"4,748",100% bullish,of 1 rating,$3.50
CACB,$5.43,1440253233349,"111,472",Not yet rated,NULL,$5.50
CSCD,$14.23,1440253233386,"100,500",100% bullish,of 2 ratings,$17
CASY,$104.8974,1440253233453,"370,086",50% bullish,of 2 ratings,$99.50
CWST,$6.2,1440253233487,"271,280",50% bullish,of 2 ratings,$7
CPRX,$3.66,1440253233585,"846,503",71% bullish,of 7 ratings,$7
CATB,$11.26,1440253233610,"70,464",100% bearish,of 1 rating,$28
CASI,$1.42,1440253233642,"13,082",100% bullish,of 1 rating,$3.50
CASS,$47.46,1440253233669,"46,174",100% bearish,of 1 rating,N/A
CATYW,$10.54,1440253233811,100,100% bearish,of 1 rating,N/A
CATY,$30.2864,1440253233855,"491,578",100% bearish,of 1 rating,$33.50
CVCO,$73.17,1440253233881,"73,964",100% bearish,of 1 rating,N/A
CAVM,$66.14,1440253233950,"458,453",67% bearish,of 3 ratings,$72
CNLMR,NULL,1440253234082,0,Not yet rated,NULL,N/A
CBFV,$20.75,1440253234109,"4,266",Not yet rated,NULL,N/A
CNLM,$9.97,1440253234141,"1,883",Not yet rated,NULL,N/A
CBOE,$61.4126,1440253234242,"495,206",Not yet rated,NULL,$60
CNLMU,NULL,1440253234272,0,100% bullish,of 1 rating,N/A
CNLMW,NULL,1440253234294,0,Not yet rated,NULL,N/A
CDK,$48.5,1440253234324,"517,921",67% bearish,of 3 ratings,$50
CDW,$38.25,1440253234346,"1,490,342",75% bullish,of 4 ratings,$44
CECE,$9.45,1440253234501,"124,266",50% bullish,of 2 ratings,$16
CPXX,$2.13,1440253234576,"85,814",100% bullish,of 2 ratings,$7
CELGZ,$1.81,1440253234685,"14,200",80% bullish,of 5 ratings,N/A
CLDN,$1.05,1440253234713,"324,992",71% bullish,of 7 ratings,$3
CLRB,$3.05,1440253234743,"5,111",100% bearish,of 1 rating,N/A
CLDX,$13.53,1440253234791,"2,065,127",89% bullish,of 9 ratings,$36
CELG,$119.5,1440253234848,"5,582,818",92% bullish,of 13 ratings,$155.50
CLLS,$30.45,1440253234928,"113,250",75% bullish,of 4 ratings,$51.50
CLRBW,$0.94,1440253234980,300,Not yet rated,NULL,N/A
CLSN,$2,1440253235008,"140,086",80% bullish,of 10 ratings,$7.50
CLTX,$3,1440253235042,"2,660,088",100% bullish,of 2 ratings,N/A
CBMG,$22.63,1440253235140,"40,791",50% bullish,of 2 ratings,N/A
CEMP,$35.5,1440253235168,"686,260",71% bullish,of 7 ratings,$52
CYAD,$50.47,1440253235204,"5,476",100% bullish,of 1 rating,$87.50
CSFL,$14.06,1440253235301,"147,356",Not yet rated,NULL,$15
CETX,$2.47,1440253235326,"12,950",Not yet rated,NULL,$5.60
CETV,$2.02,1440253235466,"177,717",67% bullish,of 3 ratings,$2.80
CFBK,$1.38,1440253235494,"6,308",Not yet rated,NULL,N/A
CENTA,$12.57,1440253235520,"238,725",Not yet rated,NULL,N/A
CENT,$11.93,1440253235549,"28,453",Not yet rated,NULL,$10
CVCY,$11.19,1440253235578,675,Not yet rated,NULL,$12
CENX,$5.17,1440253235655,"1,660,584",67% bullish,of 6 ratings,$9
CNBKA,$40.33,1440253235734,"9,839",100% bullish,of 1 rating,N/A
CNTY,$6.02,1440253235840,"6,571",80% bullish,of 5 ratings,$7.75
CERE,$1.1,1440253235866,"479,152",88% bullish,of 8 ratings,N/A
CRNT,$1.37,1440253235943,"280,066",50% bullish,of 2 ratings,$2
CPHD,$47.8043,1440253236013,"535,219",50% bullish,of 2 ratings,$66.50
CERN,$61.72,1440253236038,"1,895,743",67% bullish,of 3 ratings,$79
CERU,$3.42,1440253236073,"35,413",75% bullish,of 4 ratings,$15
CERS,$4.73,1440253236174,"650,339",75% bullish,of 4 ratings,$7
CEVA,$18.37,1440253236203,"70,931",100% bearish,of 1 rating,$25
KOOL,$0.6998,1440253236228,"19,783",100% bullish,of 5 ratings,$7
CYOU,$20.0874,1440253236362,"457,679",50% bullish,of 6 ratings,$24
HOTRW,NULL,1440253236423,0,Not yet rated,NULL,N/A
HOTR,$1.5,1440253236494,"212,526",100% bullish,of 2 ratings,$5
CTHR,$1.23,1440253236520,"48,304",50% bullish,of 2 ratings,$2.50
CHTR,$177.5087,1440253236563,"962,693",100% bearish,of 2 ratings,$196
GTLS,$22.3973,1440253236589,"330,795",50% bullish,of 4 ratings,$40
CHFN,$12.45,1440253236663,"35,096",Not yet rated,NULL,$14
CHKP,$76.9,1440253236734,"1,048,652",50% bullish,of 4 ratings,$92
CHEK,$3.16,1440253236763,"1,665",Not yet rated,NULL,$7.75
CHEKW,NULL,1440253236843,0,Not yet rated,NULL,N/A
CHFC,$31.81,1440253236895,"100,386",100% bearish,of 1 rating,$36
CEMI,$4.25,1440253236921,"5,139",50% bullish,of 2 ratings,$7.50
CCXI,$6.66,1440253236978,"125,627",67% bullish,of 3 ratings,$14
CHMG,$26.6,1440253237088,700,Not yet rated,NULL,$30
CHKE,$25.42,1440253237140,"26,595",100% bearish,of 1 rating,$32.50
CHEV,$14.63,1440253237237,"8,266",Not yet rated,NULL,N/A
CBNK,$16.48,1440253237264,297,100% bearish,of 1 rating,N/A
CHMA,$24.05,1440253237285,"123,730",Not yet rated,NULL,$40
PLCE,$58.5,1440253237340,"386,298",100% bearish,of 1 rating,$71
CADC,NULL,1440253237490,0,78% bullish,of 9 ratings,N/A
CMRX,$46.44,1440253237550,"341,351",50% bullish,of 2 ratings,$57
CALI,$0.87,1440253237580,"7,037",67% bullish,of 3 ratings,N/A
CAAS,$6.48,1440253237617,"52,022",93% bullish,of 14 ratings,$11.50
CBPO,$97.5633,1440253237680,"275,264",75% bullish,of 8 ratings,$140.50
CCCL,$0.85,1440253237708,"10,030",100% bullish,of 6 ratings,N/A
CBAK,$1.8,1440253237733,"39,266",67% bullish,of 9 ratings,N/A
CCCR,$0.89,1440253237759,"36,866",67% bearish,of 3 ratings,N/A
JRJC,$3.88,1440253237894,"166,421",82% bullish,of 11 ratings,N/A
HGSH,$1.89,1440253238001,"13,900",67% bullish,of 3 ratings,N/A
CHOP,$1.2,1440253238031,"146,084",50% bullish,of 2 ratings,N/A
CJJD,$1.9,1440253238089,"52,186",100% bullish,of 1 rating,N/A
CHLN,$2.05,1440253238117,"8,803",67% bullish,of 3 ratings,N/A
CNIT,$1.54,1440253238143,"31,123",67% bullish,of 6 ratings,N/A
HTHT,$24.5,1440253238272,"81,284",50% bullish,of 2 ratings,$28
CHNR,$2.01,1440253238302,"1,911",100% bearish,of 1 rating,N/A
CSUN,$1.38,1440253238371,"19,180",80% bullish,of 5 ratings,N/A
CPGI,$6.94,1440253238401,"2,888",Not yet rated,NULL,N/A
CREG,$0.7,1440253238428,"109,561",100% bullish,of 3 ratings,N/A
CXDC,$6.21,1440253238468,"128,308",67% bullish,of 3 ratings,N/A
CNTF,$0.85,1440253238497,"130,860",Not yet rated,NULL,N/A
CCIH,$6.0688,1440253238599,"995,724",67% bullish,of 6 ratings,$12.65
CNYD,$3.17,1440253238638,"7,840",67% bullish,of 3 ratings,N/A
CNET,$0.8899,1440253238770,"36,501",50% bullish,of 2 ratings,N/A
IMOS,$16.0456,1440253238906,"208,767",60% bullish,of 5 ratings,$21.50
CHSCL,$27.06,1440253238953,"26,654",Not yet rated,NULL,N/A
CHSCM,$25.86,1440253238984,"33,418",Not yet rated,NULL,N/A
CHSCN,$27.02,1440253239019,"3,839",Not yet rated,NULL,N/A
CHSCP,$30.29,1440253239045,"3,905",Not yet rated,NULL,N/A
CHSCO,$28.32,1440253239080,"9,147",Not yet rated,NULL,N/A
CHUY,$31.27,1440253239119,"229,822",50% bullish,of 2 ratings,$34
CDTX,$14.04,1440253239153,"21,619",Not yet rated,NULL,$22
CIFC,$6.85,1440253239257,"10,311",Not yet rated,NULL,N/A
CHDN,$134.37,1440253239288,"57,359",Not yet rated,NULL,$165
CMCT,$15,1440253239316,"2,992",100% bearish,of 1 rating,N/A
CMPR,$67.75,1440253239365,"558,567",50% bullish,of 2 ratings,$72.50
CINF,$53.8535,1440253239498,"1,065,857",50% bullish,of 4 ratings,$50.50
CIDM,$0.62,1440253239542,"87,510",50% bullish,of 2 ratings,$2.10
CTAS,$84.87,1440253239688,"522,195",100% bearish,of 1 rating,$91
CPHR,$6.2,1440253239715,"1,500",100% bearish,of 1 rating,$16
CSCO,$26.48,1440253239748,"34,066,946",84% bullish,of 208 ratings,$32
CRUS,$27.46,1440253239848,"973,633",75% bullish,of 12 ratings,$44.50
CTRN,$27.92,1440253239877,"144,202",100% bearish,of 1 rating,$31.50
CZNC,$19.63,1440253239906,"13,840",Not yet rated,NULL,N/A
CZWI,$9.09,1440253240048,10,Not yet rated,NULL,N/A
CZFC,$12.7201,1440253240084,700,Not yet rated,NULL,N/A
CIZN,$19.55,1440253240115,"1,220",Not yet rated,NULL,N/A
CIVB,$10.29,1440253240183,"5,841",Not yet rated,NULL,$11
CTXS,$73.91,1440253240209,"1,231,547",86% bullish,of 7 ratings,$80
CIVBP,NULL,1440253240237,0,Not yet rated,NULL,N/A
CHCO,$47.47,1440253240348,"74,330",Not yet rated,NULL,$46
CDTI,$1.56,1440253240451,"65,316",75% bullish,of 4 ratings,$3.20
CLNT,$1.69,1440253240480,"56,834",75% bullish,of 8 ratings,N/A
CLNE,$4.02,1440253240506,"1,114,136",80% bullish,of 15 ratings,$9
CLFD,$16.89,1440253240645,"50,082",67% bullish,of 3 ratings,$18
CLRO,$11.74,1440253240674,"4,663",50% bullish,of 2 ratings,$14.25
CLIR,$5.07,1440253240704,"32,472",100% bullish,of 3 ratings,N/A
CBLI,$3.82,1440253240730,"47,562",60% bullish,of 5 ratings,N/A
CSBK,$13.76,1440253240808,"62,601",Not yet rated,NULL,N/A
CLVS,$72.68,1440253240874,"346,682",60% bullish,of 5 ratings,$101.50
CMFN,$11.79,1440253240952,"14,093",100% bearish,of 1 rating,$15.50
CCNE,$17.08,1440253241054,"21,997",50% bullish,of 2 ratings,$21.50
CME,$91.629,1440253241085,"3,306,208",67% bullish,of 3 ratings,$102
CWAY,$11.36,1440253241124,502,Not yet rated,NULL,N/A
CISG,$7.78,1440253241186,"151,935",100% bullish,of 5 ratings,$10
CNV,$4.72,1440253241230,"20,202",50% bullish,of 2 ratings,$7.15
COBZ,$13,1440253241276,"155,494",100% bullish,of 1 rating,$14
COKE,$154.15,1440253241333,"30,930",79% bullish,of 19 ratings,N/A
CDRB,$11.18,1440253241407,"11,033",67% bullish,of 3 ratings,N/A
CDXS,$3.96,1440253241465,"51,237",64% bullish,of 11 ratings,$6
CVLY,$20.55,1440253241490,"8,047",Not yet rated,NULL,N/A
CCOI,$28.31,1440253241549,"322,021",50% bullish,of 4 ratings,$35
JVA,$4.57,1440253241642,"28,204",83% bullish,of 6 ratings,$7
CGNT,$1.66,1440253241671,"34,162",100% bullish,of 2 ratings,$2
CGNX,$35.7,1440253241698,"695,000",50% bullish,of 2 ratings,$47
CTSH,$62.85,1440253241771,"3,763,692",90% bullish,of 10 ratings,$75
COHR,$57.2,1440253241834,"130,953",50% bullish,of 2 ratings,$72
CHRS,$29.87,1440253241868,"170,994",67% bearish,of 3 ratings,$37
COHU,$9.89,1440253242025,"271,999",100% bearish,of 1 rating,$14.25
CLRX,$0.4901,1440253242054,"59,544",50% bullish,of 2 ratings,N/A
CLCT,$18.06,1440253242086,"74,153",100% bearish,of 1 rating,N/A
COLL,$15.25,1440253242107,"33,838",100% bearish,of 1 rating,$26
CBAN,$8.95,1440253242137,520,Not yet rated,NULL,N/A
CIGI,$44.35,1440253242186,"9,835",100% bearish,of 1 rating,$52
COLB,$31.17,1440253242351,"236,131",Not yet rated,NULL,$36
COLM,$62.63,1440253242414,"170,550",100% bearish,of 1 rating,$71
CLCD,$6.91,1440253242446,"23,570",100% bearish,of 1 rating,$20.50
CMCO,$19.42,1440253242467,"118,644",60% bullish,of 5 ratings,$28
CBMX,$1.21,1440253242499,"39,549",83% bullish,of 6 ratings,$3.15
CMCSK,$57.64,1440253242527,"4,128,285",Not yet rated,NULL,$84
CMCSA,$56.78,1440253242593,"15,010,891",66% bullish,of 35 ratings,$69.50
CBSH,$45.3446,1440253242749,"380,222",50% bullish,of 2 ratings,$46
CUBN,$13.6,1440253242824,"2,416",Not yet rated,NULL,N/A
CBSHP,$25.25,1440253242855,"1,462",100% bearish,of 1 rating,N/A
CVGI,$4.69,1440253242885,"105,073",50% bullish,of 2 ratings,$6
CSAL,$20.6075,1440253242906,"718,045",75% bullish,of 4 ratings,$30
COMM,$29.31,1440253242935,"1,032,402",67% bearish,of 3 ratings,$35
JCS,$9.21,1440253242963,626,67% bullish,of 3 ratings,N/A
ESXB,$5.12,1440253243121,"12,099",Not yet rated,NULL,N/A
CYHHZ,$0.011,1440253243148,"5,341",100% bullish,of 1 rating,N/A
CTBI,$34.8,1440253243177,"47,075",Not yet rated,NULL,$36
COB,$10.42,1440253243213,"21,470",100% bullish,of 1 rating,$11.75
CWBC,$6.78,1440253243239,"5,828",Not yet rated,NULL,N/A
CVLT,$36.34,1440253243309,"370,999",75% bullish,of 4 ratings,$44.50
CIZ,$33.33,1440253243337,"5,278",100% bearish,of 1 rating,N/A
CIL,$33.53,1440253243467,500,Not yet rated,NULL,N/A
CID,$33.93,1440253243536,300,Not yet rated,NULL,N/A
CDC,$35.22,1440253243568,"23,106",Not yet rated,NULL,N/A
CSA,$33.32,1440253243678,"2,560",Not yet rated,NULL,N/A
CFO,$35.7,1440253243709,"16,998",100% bearish,of 1 rating,N/A
CSF,$36.84,1440253243738,"5,120",100% bearish,of 1 rating,N/A
CDL,$34.42,1440253243813,"7,600",Not yet rated,NULL,N/A
CFA,$35.77,1440253243838,"2,458",100% bearish,of 1 rating,N/A
CSB,NULL,1440253243883,0,Not yet rated,NULL,N/A
CGEN,$5.15,1440253243969,"114,352",50% bullish,of 2 ratings,$11
CPSI,$45.08,1440253244060,"89,664",100% bearish,of 1 rating,$45.50
SCOR,$56.5,1440253244088,"463,584",100% bearish,of 1 rating,$66
CTG,$6.63,1440253244165,"46,409",100% bearish,of 1 rating,$8.50
CHCI,$0.6,1440253244229,"23,882",50% bullish,of 2 ratings,N/A
CNSI,$18.79,1440253244304,"160,869",100% bearish,of 2 ratings,$29
CMTL,$26.49,1440253244331,"90,800",100% bearish,of 2 ratings,$37
CNAT,$4,1440253244381,"134,269",83% bullish,of 6 ratings,$13
CNCE,$15.39,1440253244480,"221,475",75% bullish,of 4 ratings,$22
CXRX,$71.01,1440253244523,"3,584",Not yet rated,NULL,$90
CDOR,$1.47,1440253244651,"5,359",100% bullish,of 1 rating,N/A
CCUR,$5.18,1440253244680,"18,754",75% bullish,of 4 ratings,N/A
CDORO,NULL,1440253244711,0,100% bearish,of 1 rating,N/A
CNFR,$10.42,1440253244747,"16,866",Not yet rated,NULL,N/A
CFMS,$21.32,1440253244814,"241,608",Not yet rated,NULL,$27
CDORP,$6.7921,1440253244879,800,100% bearish,of 1 rating,N/A
CNOB,$19.5,1440253244984,"153,863",100% bullish,of 1 rating,$23.50
CTWS,$35.1,1440253245041,"49,177",100% bearish,of 1 rating,$44
CNMD,$54.8,1440253245068,"186,789",Not yet rated,NULL,$59
CNXR,$6.26,1440253245115,"22,458",100% bearish,of 1 rating,$12
CONN,$31.23,1440253245201,"383,835",67% bullish,of 3 ratings,$48.50
CNSL,$20.06,1440253245261,"235,939",100% bearish,of 1 rating,$23
CWCO,$10.65,1440253245393,"129,607",67% bullish,of 3 ratings,$14.50
CPSS,$5.64,1440253245425,"88,625",100% bullish,of 1 rating,$10
CTCT,$24.27,1440253245455,"286,115",67% bullish,of 3 ratings,$37
CFRX,$5.14,1440253245529,"29,285",Not yet rated,NULL,$14
CFRXZ,$0.531,1440253245555,"2,550",Not yet rated,NULL,N/A
CFRXW,$1.87,1440253245597,"4,588",100% bearish,of 1 rating,N/A
CTRV,$3.55,1440253245685,"57,680",Not yet rated,NULL,$6.40
CTRL,$7.91,1440253245728,"125,610",50% bullish,of 2 ratings,$11
CRBP,$2.13,1440253245789,"925,466",100% bullish,of 2 ratings,$6.25
CPRT,$34.5858,1440253245822,"275,415",67% bearish,of 3 ratings,$40
CORT,$4.57,1440253245857,"394,867",67% bullish,of 3 ratings,$12
BVA,$3.75,1440253245916,"3,794",50% bullish,of 2 ratings,N/A
CORE,$59.8,1440253246021,"94,606",100% bearish,of 1 rating,$72
CORI,$10.8,1440253246053,"63,491",100% bearish,of 1 rating,$18
CRVL,$32.1,1440253246180,"47,501",100% bearish,of 1 rating,N/A
CSOD,$36.95,1440253246206,"368,582",50% bullish,of 2 ratings,$42
COSI,$1.11,1440253246262,"87,642",100% bullish,of 1 rating,N/A
CSGP,$181.61,1440253246292,"73,784",50% bullish,of 2 ratings,$235
CPAH,$0.4625,1440253246397,"11,752",50% bullish,of 2 ratings,N/A
COST,$139.357,1440253246460,"2,522,098",79% bullish,of 24 ratings,$154.50
ICBK,$18.6,1440253246485,402,Not yet rated,NULL,$21
CVTI,$22.53,1440253246525,"149,049",67% bearish,of 3 ratings,$39
COVS,$2.56,1440253246632,"72,882",67% bullish,of 3 ratings,N/A
COWNL,$27.19,1440253246664,"3,700",Not yet rated,NULL,N/A
COWN,$5.1,1440253246690,"839,094",75% bullish,of 4 ratings,$7
CPSH,$2.36,1440253246711,300,Not yet rated,NULL,N/A
CRAI,$22.39,1440253246747,"55,819",Not yet rated,NULL,$36
CBRL,$143.9027,1440253246877,"281,725",50% bullish,of 2 ratings,$155
BREW,$7.3,1440253246972,"59,792",67% bullish,of 6 ratings,$15
CRAY,$20.49,1440253247034,"284,812",83% bullish,of 6 ratings,$38.50
CACC,$192.85,1440253247063,"121,732",50% bullish,of 2 ratings,$158.50
SLVO,$10.46,1440253247120,"9,370",100% bearish,of 1 rating,N/A
GLDI,$11.09,1440253247197,"41,785",100% bearish,of 1 rating,N/A
CREE,$25.45,1440253247223,"1,082,980",65% bullish,of 17 ratings,$29.50
CROX,$14.19,1440253247354,"1,360,754",63% bullish,of 8 ratings,$16.50
CRWS,$8.03,1440253247382,"2,485",Not yet rated,NULL,$10
CRDS,$1.05,1440253247415,"13,476",50% bullish,of 4 ratings,$4.50
CRTO,$43.49,1440253247443,"541,309",67% bullish,of 6 ratings,$64
CRESY,$10.29,1440253247471,"38,860",100% bearish,of 1 rating,$19
CCRN,$14.41,1440253247508,"188,998",100% bearish,of 1 rating,$14.25
CYRX,$2.88,1440253247606,"35,137",Not yet rated,NULL,$9
CRWN,$4.56,1440253247683,"130,545",75% bullish,of 4 ratings,N/A
CYRXW,$0.86,1440253247708,"41,500",Not yet rated,NULL,N/A
CSGS,$31.06,1440253247853,"172,648",Not yet rated,NULL,$40
CCLP,$13.8063,1440253247934,"64,248",67% bearish,of 3 ratings,$21
CTCM,$1.71,1440253247989,"372,018",80% bearish,of 5 ratings,$3.90
CTIC,$1.68,1440253248018,"1,708,372",84% bullish,of 76 ratings,$5.75
CSPI,$6.18,1440253248117,"3,803",67% bullish,of 3 ratings,N/A
CTRP,$64.2374,1440253248162,"1,571,691",75% bullish,of 8 ratings,$92
CUNB,$22.03,1440253248192,"49,607",Not yet rated,NULL,$24.50
CTIB,NULL,1440253248213,0,100% bearish,of 1 rating,N/A
CUI,$4.8908,1440253248251,"121,551",50% bullish,of 2 ratings,$10
CRIS,$2.57,1440253248357,"442,411",100% bullish,of 8 ratings,$6
CPIX,$5.87,1440253248383,"3,515",Not yet rated,NULL,N/A
CMLS,$1.3,1440253248412,"970,308",50% bullish,of 4 ratings,$6
CUTR,$14.4,1440253248518,"57,497",67% bearish,of 3 ratings,$18
CVBF,$16.66,1440253248548,"658,942",Not yet rated,NULL,$18
CYAN,$7.3,1440253248749,"5,900",100% bearish,of 1 rating,N/A
CVV,$11.44,1440253248809,"25,260",100% bullish,of 5 ratings,N/A
CYBE,$5.96,1440253248849,"9,802",100% bearish,of 1 rating,N/A
CYBX,$66.48,1440253248874,"561,566",50% bullish,of 4 ratings,$70
CYBR,$51.5,1440253248901,"2,002,023",86% bullish,of 7 ratings,$66
CYCC,$0.5699,1440253248931,"125,541",73% bullish,of 11 ratings,N/A
CBAY,$2.69,1440253249027,"42,788",100% bullish,of 1 rating,$4
CYCCP,NULL,1440253249059,0,100% bearish,of 1 rating,N/A
CYNO,$31.99,1440253249163,"242,311",67% bearish,of 3 ratings,$45.50
CYNA,$16.08,1440253249193,"23,175",100% bullish,of 1 rating,$31.50
CY,$9.447,1440253249229,"3,384,357",80% bullish,of 10 ratings,$15.50
CYRN,$1.64,1440253249299,"253,906",67% bullish,of 3 ratings,$4
CONE,$32.98,1440253249324,"454,437",67% bearish,of 3 ratings,$35
CYTK,$6.54,1440253249353,"193,233",71% bullish,of 14 ratings,$13.50
CYTX,$0.375,1440253249527,"766,187",83% bullish,of 12 ratings,$5.50
CTSO,$6.95,1440253249599,"54,249",Not yet rated,NULL,$15.625
DAEG,$0.3443,1440253249669,"4,306",100% bearish,of 1 rating,N/A
TVIZ,$14.69,1440253249733,"3,240",100% bearish,of 1 rating,N/A
TVIX,$8.99,1440253249767,"19,877,376",81% bullish,of 16 ratings,N/A
CYTR,$2.18,1440253249788,"755,510",67% bullish,of 6 ratings,$10
ZIV,$46.57,1440253249817,"149,070",Not yet rated,NULL,N/A
XIV,$36.2,1440253249866,"25,218,869",75% bearish,of 4 ratings,N/A
DJCO,$197.2,1440253249952,"1,966",Not yet rated,NULL,N/A
DARA,$0.9,1440253250103,"39,987",83% bullish,of 6 ratings,$1.50
DAKT,$11.7,1440253250131,"198,964",50% bullish,of 2 ratings,$14
DTLK,$5.5,1440253250157,"91,469",100% bearish,of 1 rating,$9
DAIO,$2.55,1440253250203,"4,354",Not yet rated,NULL,N/A
DRAM,$1.4,1440253250229,"5,900",78% bullish,of 9 ratings,N/A
DWCH,$4.97,1440253250310,"77,045",75% bullish,of 4 ratings,$8.25
PLAY,$34.47,1440253250514,"228,236",100% bullish,of 5 ratings,$42
DWSN,$4.02,1440253250750,"44,331",67% bullish,of 3 ratings,$6
TRAK,$62.93,1440253250828,"1,034,755",50% bullish,of 2 ratings,$62.50
DHRM,$1.68,1440253250858,"4,586",Not yet rated,NULL,N/A
DFRG,$14.75,1440253250965,"199,012",100% bearish,of 1 rating,$20
DTEA,$13.49,1440253251030,"126,308",100% bearish,of 2 ratings,$24
TACO,$13.13,1440253251107,"216,919",100% bullish,of 3 ratings,$20
DCTH,$0.48,1440253251158,"110,038",78% bullish,of 9 ratings,N/A
DBVT,$39.13,1440253251193,"112,606",100% bearish,of 1 rating,$53
DGAS,$20.24,1440253251222,"1,955",67% bearish,of 3 ratings,N/A
DELT,$2.59,1440253251274,"2,349",Not yet rated,NULL,N/A
DELTW,NULL,1440253251304,0,Not yet rated,NULL,N/A
TACOW,$4.01,1440253251325,"3,651",100% bullish,of 1 rating,N/A
XRAY,$53.63,1440253251498,"910,051",100% bullish,of 1 rating,$58
DENN,$11.6,1440253251523,"551,633",100% bullish,of 3 ratings,$15
DEPO,$28.75,1440253251605,"1,112,213",60% bullish,of 5 ratings,$29
DSCI,$6.45,1440253251708,"49,351",50% bullish,of 2 ratings,$16
DERM,$24.15,1440253251742,"253,637",100% bearish,of 1 rating,$33.50
DEST,$11.83,1440253251805,"39,808",50% bullish,of 2 ratings,N/A
DXCM,$89.9992,1440253251835,"957,976",57% bullish,of 7 ratings,$98
DSWL,$1.75,1440253251862,"10,432",100% bullish,of 1 rating,N/A
DXM,$0.32,1440253251892,"22,270",50% bullish,of 2 ratings,N/A
DXLG,$4.5,1440253251921,"65,758",100% bearish,of 1 rating,$8
DHXM,NULL,1440253251990,0,Not yet rated,NULL,N/A
DMND,$30.41,1440253252064,"181,308",75% bullish,of 12 ratings,$32
FANG,$66.542,1440253252092,"1,043,554",50% bullish,of 2 ratings,$86
DHIL,$190.8,1440253252136,"18,491",Not yet rated,NULL,N/A
DCIX,$1.74,1440253252238,"92,529",50% bullish,of 4 ratings,$3.50
DRNA,$10.34,1440253252373,"90,197",67% bearish,of 3 ratings,$25
DMRC,$36.52,1440253252441,"70,922",100% bearish,of 1 rating,$44
DGII,$9.95,1440253252470,"78,052",100% bearish,of 1 rating,$10
DGLY,$6.75,1440253252500,"241,709",50% bullish,of 6 ratings,$20
DRAD,$3.88,1440253252537,"12,681",100% bullish,of 1 rating,$5.25
APPS,$2.36,1440253252566,"204,374",100% bearish,of 1 rating,$10.25
DCOM,$16.82,1440253252599,"156,270",100% bearish,of 2 ratings,$16.50
DIOD,$19.31,1440253252626,"281,801",75% bearish,of 4 ratings,$24
DPRX,$11.95,1440253252771,"18,525",100% bullish,of 2 ratings,$27.75
DISCB,NULL,1440253252798,0,100% bearish,of 1 rating,$35
DISCK,$25.9869,1440253252874,"2,884,033",100% bearish,of 1 rating,$32
DISCA,$27.1,1440253252931,"3,037,195",67% bullish,of 3 ratings,$34
DSCO,$0.4055,1440253253034,"156,711",83% bullish,of 6 ratings,$2.75
DISH,$60.9427,1440253253093,"1,735,171",69% bullish,of 13 ratings,$73
BAGR,$3.01,1440253253141,"16,511",100% bearish,of 1 rating,$6
DVCR,$10.25,1440253253235,"18,982",100% bullish,of 1 rating,N/A
DLHC,$2.5,1440253253262,"6,270",100% bearish,of 1 rating,N/A
DLTR,$76.3408,1440253253283,"2,448,980",82% bullish,of 11 ratings,$88
DNBF,$27.15,1440253253321,"8,727",Not yet rated,NULL,$27.50
DGICB,NULL,1440253253419,0,100% bearish,of 1 rating,N/A
DGICA,$14.4,1440253253449,"16,557",100% bearish,of 1 rating,$17
DORM,$49.7,1440253253476,"307,182",100% bearish,of 1 rating,$56
DMLP,$13.9,1440253253497,"47,201",100% bearish,of 1 rating,N/A
DRWI,$0.2625,1440253253630,"193,656",60% bullish,of 5 ratings,$.45
HILL,$9.69,1440253253660,"2,314,246",60% bearish,of 5 ratings,$9.75
DRWIW,$0.0589,1440253253762,"1,581",Not yet rated,NULL,N/A
DWA,$19.0777,1440253253891,"879,680",63% bullish,of 8 ratings,$26
DSKX,$3.44,1440253253927,"117,971",100% bullish,of 1 rating,N/A
DRYS,$0.357,1440253253982,"1,482,398",77% bullish,of 31 ratings,$.60
DSPG,$8.595,1440253254013,"67,339",100% bearish,of 1 rating,$13.50
CADT,$10.02,1440253254042,206,Not yet rated,NULL,N/A
CADTU,NULL,1440253254063,0,Not yet rated,NULL,N/A
CADTR,NULL,1440253254093,0,Not yet rated,NULL,N/A
DTSI,$26.055,1440253254127,"125,141",100% bearish,of 2 ratings,$39.50
CADTW,NULL,1440253254229,0,Not yet rated,NULL,N/A
DYAX,$22.55,1440253254395,"854,965",89% bullish,of 9 ratings,$30
DXPE,$28.59,1440253254421,"166,279",50% bullish,of 2 ratings,N/A
DRRX,$1.99,1440253254443,"346,049",50% bullish,of 6 ratings,$3
DNKN,$49.874,1440253254473,"1,291,182",67% bullish,of 15 ratings,$56.50
BOOM,$9.64,1440253254602,"57,962",67% bullish,of 3 ratings,$12
DYSL,$1.55,1440253254633,"180,829",100% bullish,of 2 ratings,N/A
DYNT,$2.86,1440253254700,"3,600",75% bullish,of 4 ratings,N/A
DVAX,$27.73,1440253254728,"350,077",70% bullish,of 10 ratings,$40
EBMT,$11.53,1440253254760,"19,207",Not yet rated,NULL,$13.50
ETFC,$25.3,1440253254787,"2,489,422",57% bullish,of 14 ratings,$33
EGRX,$65.38,1440253254861,"389,557",67% bullish,of 3 ratings,$97
EGBN,$42.84,1440253254922,"89,593",Not yet rated,NULL,$48
EGLE,$6,1440253254956,"60,394",60% bullish,of 5 ratings,N/A
EROC,$1.1,1440253254987,"356,235",50% bullish,of 2 ratings,$3
ELNK,$8.58,1440253255089,"814,740",60% bullish,of 5 ratings,$9.50
EWBC,$41.405,1440253255141,"1,077,281",100% bearish,of 1 rating,$50
EACQU,NULL,1440253255274,0,Not yet rated,NULL,N/A
EML,$16.81,1440253255299,"6,029",Not yet rated,NULL,N/A
EBAY,$25.613,1440253255325,"13,096,604",81% bullish,of 117 ratings,$48
EVBS,$6.45,1440253255459,"6,522",Not yet rated,NULL,$7
EBIX,$28.05,1440253255492,"477,773",69% bullish,of 13 ratings,$40
ELON,$0.545,1440253255524,"64,729",50% bullish,of 2 ratings,N/A
SATS,$45.42,1440253255558,"155,588",50% bullish,of 2 ratings,$60
ECHO,$24.82,1440253255588,"412,036",67% bearish,of 3 ratings,$35.50
ECTE,$1.63,1440253255618,"78,541",75% bullish,of 4 ratings,N/A
EEI,$11.09,1440253255650,"4,741",67% bearish,of 3 ratings,N/A
ECACU,$10.1,1440253255689,"1,738",Not yet rated,NULL,N/A
EDAP,$3.085,1440253255862,"136,353",60% bullish,of 5 ratings,$4.50
ESES,$3.45,1440253255892,"8,309",100% bearish,of 1 rating,$7
EDGW,$7.14,1440253255956,"35,959",100% bearish,of 1 rating,N/A
EDUC,$4.59,1440253255992,"7,183",100% bearish,of 1 rating,N/A
EFUT,NULL,1440253256053,0,Not yet rated,NULL,N/A
EGLT,$11.42,1440253256126,"23,570",50% bullish,of 2 ratings,$21
EGAN,$3.47,1440253256154,"10,092",50% bullish,of 2 ratings,$6.25
EHTH,$14.08,1440253256180,"414,120",50% bullish,of 4 ratings,$16.50
EMITF,$1.29,1440253256316,"7,100",75% bullish,of 4 ratings,N/A
LOCO,$12.26,1440253256354,"1,085,303",69% bullish,of 13 ratings,$20
ESLT,$80.34,1440253256375,"5,018",100% bullish,of 2 ratings,N/A
ELRC,$10.65,1440253256409,"75,948",100% bearish,of 1 rating,N/A
ERI,$9.6,1440253256430,"124,258",100% bearish,of 1 rating,$10
ESIO,$4.58,1440253256466,"42,139",50% bullish,of 2 ratings,$10
EFII,$43.93,1440253256600,"255,202",80% bullish,of 5 ratings,$55
EA,$66.47,1440253256626,"3,731,767",77% bullish,of 35 ratings,$80
ELSE,$4.02,1440253256801,"1,000",60% bullish,of 5 ratings,N/A
ELEC,NULL,1440253256827,0,Not yet rated,NULL,N/A
EBIO,$3.39,1440253256912,"858,193",100% bearish,of 2 ratings,$8.35
ELECW,NULL,1440253257043,0,Not yet rated,NULL,N/A
RDEN,$10.38,1440253257071,"93,838",100% bearish,of 4 ratings,$15
ESBK,$19.8,1440253257102,879,Not yet rated,NULL,N/A
LONG,$17.39,1440253257136,"18,568",67% bullish,of 3 ratings,$15.75
CAPX,$22.63,1440253257230,"1,168",Not yet rated,NULL,N/A
EMCI,$23,1440253257258,"15,824",Not yet rated,NULL,N/A
ELECU,NULL,1440253257285,0,Not yet rated,NULL,N/A
ELTK,$1.04,1440253257306,"51,304",67% bearish,of 3 ratings,N/A
EMKR,$7.16,1440253257447,"129,455",75% bullish,of 4 ratings,$8.50
EMCF,NULL,1440253257474,0,100% bearish,of 1 rating,N/A
EMMSP,$3.25,1440253257613,400,100% bearish,of 1 rating,N/A
NYNY,$4.06,1440253257711,"74,163",50% bullish,of 2 ratings,N/A
ERS,$2.86,1440253257736,"1,336",Not yet rated,NULL,N/A
ENTA,$40.22,1440253257765,"172,455",50% bullish,of 2 ratings,$42
EMMS,$1.28,1440253257787,"12,299",67% bullish,of 6 ratings,N/A
ECPG,$39.21,1440253257815,"126,955",100% bullish,of 2 ratings,$52
WIRE,$32.7,1440253257957,"124,660",100% bearish,of 1 rating,$37
ENDP,$76.6008,1440253257987,"2,114,082",50% bullish,of 6 ratings,$104
ECYT,$5.2,1440253258021,"252,908",83% bullish,of 6 ratings,$12
ELGX,$13.15,1440253258052,"557,451",75% bullish,of 4 ratings,$17
EIGI,$15.18,1440253258118,"788,018",67% bearish,of 3 ratings,$22.50
WATT,$6.74,1440253258148,"109,967",50% bullish,of 2 ratings,$13
EFOI,$15.8,1440253258214,"328,386",50% bullish,of 2 ratings,$20.50
ERII,$2.89,1440253258358,"84,939",80% bullish,of 5 ratings,$2.50
EXXI,$1.44,1440253258428,"1,757,742",86% bullish,of 7 ratings,$3.50
ENOC,$8.08,1440253258493,"211,114",75% bullish,of 4 ratings,$18
ENG,$1.02,1440253258520,"5,407",100% bullish,of 3 ratings,N/A
ENPH,$4.42,1440253258555,"567,322",75% bullish,of 4 ratings,$11
ESGR,$151,1440253258581,"69,547",100% bearish,of 1 rating,$185
ENFC,$18.34,1440253258656,"2,236",Not yet rated,NULL,N/A
ENTG,$13.72,1440253258685,"439,650",100% bearish,of 1 rating,$18
ENTL,$21.44,1440253258765,"15,857",Not yet rated,NULL,$28
EBTC,$20.07,1440253258839,"8,123",Not yet rated,NULL,N/A
ETRM,$0.2331,1440253258921,"441,727",69% bearish,of 35 ratings,$1.625
EGT,$2.09,1440253258949,"1,500",100% bullish,of 1 rating,N/A
EFSC,$24.75,1440253258975,"69,838",Not yet rated,NULL,$27
ENVI,$1.85,1440253259122,"15,528",67% bullish,of 3 ratings,N/A
ENZY,$8.98,1440253259149,"9,946",67% bullish,of 3 ratings,$9.50
ENZN,$1,1440253259197,"766,555",100% bullish,of 9 ratings,N/A
PLUS,$77.81,1440253259334,"952,339",50% bullish,of 2 ratings,$88
EPIQ,$13.87,1440253259364,"92,324",100% bearish,of 1 rating,$18
EPRS,$4.76,1440253259392,"74,298",82% bullish,of 11 ratings,$15
EPZM,$15.93,1440253259441,"285,509",60% bullish,of 5 ratings,$34
EQFN,$8.3,1440253259468,300,Not yet rated,NULL,N/A
EQIX,$273,1440253259528,"589,444",75% bullish,of 4 ratings,$312.50
EAC,$3.67,1440253259663,"15,388",100% bearish,of 1 rating,$8
ERIC,$9.83,1440253259688,"2,368,815",63% bullish,of 8 ratings,$12.20
ESCA,$18.35,1440253259718,"25,641",100% bearish,of 1 rating,$22
ERIE,$84.5099,1440253259740,"26,146",Not yet rated,NULL,$73
ESCRP,$1.65,1440253259885,"5,017",100% bearish,of 1 rating,N/A
ESMC,$1.33,1440253259914,502,Not yet rated,NULL,N/A
ESCR,$0.14,1440253259971,"63,314",50% bullish,of 2 ratings,N/A
ESSA,$12.45,1440253260104,"16,679",100% bearish,of 1 rating,N/A
EPIX,$6.1,1440253260132,"1,200",Not yet rated,NULL,N/A
ESPR,$54.47,1440253260160,"1,355,738",67% bearish,of 9 ratings,$123
ESND,$35.095,1440253260181,"147,368",100% bearish,of 2 ratings,$40
ETSY,$13.46,1440253260314,"796,058",80% bullish,of 5 ratings,$16
CLWT,NULL,1440253260349,0,100% bearish,of 1 rating,N/A
ESSX,$0.5249,1440253260383,"6,504",50% bullish,of 2 ratings,N/A
EEFT,$64.81,1440253260446,"236,603",100% bearish,of 1 rating,$67.50
ESEA,$6.15,1440253260476,"3,082",100% bullish,of 1 rating,$15
EVEP,$7.26,1440253260504,"294,425",50% bullish,of 2 ratings,$15
EVK,$3.74,1440253260529,982,75% bearish,of 4 ratings,N/A
EVLV,$2.14,1440253260669,"85,207",60% bullish,of 5 ratings,$6.50
EVOK,$4,1440253260698,"114,285",100% bearish,of 1 rating,$13.375
EXA,$10.73,1440253260831,"22,120",100% bearish,of 1 rating,$13
EVOL,$5.85,1440253260853,"13,690",75% bullish,of 4 ratings,$10
EXAS,$20.31,1440253260887,"1,234,918",78% bullish,of 9 ratings,$31
EXAC,$18.17,1440253260916,"136,951",100% bearish,of 1 rating,$22.50
EXFO,$2.9,1440253260941,"3,300",67% bearish,of 3 ratings,$3.95
EXEL,$5.25,1440253261021,"5,463,517",81% bullish,of 16 ratings,$6
EXLS,$36.55,1440253261098,"207,530",100% bullish,of 1 rating,$41
EXPD,$48.2,1440253261190,"1,810,722",80% bullish,of 5 ratings,$51.50
EXPE,$114.6,1440253261219,"1,238,899",64% bullish,of 11 ratings,$130
EXPO,$42.83,1440253261253,"146,412",100% bearish,of 1 rating,$45.50
EXLP,$18.2,1440253261353,"94,863",100% bearish,of 1 rating,$27
EXTR,$2.85,1440253261381,"805,798",80% bullish,of 5 ratings,$3
ESRX,$84.81,1440253261409,"5,163,905",67% bearish,of 6 ratings,$101
EYEG,$4.17,1440253261544,"19,980",Not yet rated,NULL,N/A
EZCH,$21.4963,1440253261572,"127,057",75% bullish,of 8 ratings,$19.50
EZPW,$6.08,1440253261607,"351,949",50% bullish,of 4 ratings,$7.50
EYEGW,$1.24,1440253261705,800,Not yet rated,NULL,N/A
FFIV,$122.51,1440253261736,"846,241",63% bullish,of 8 ratings,$132
FB,$85.88,1440253261767,"39,696,768",73% bullish,of 1066 ratings,$111
FCS,$13.14,1440253261837,"1,086,086",67% bearish,of 3 ratings,$17
FRP,$16.9,1440253261864,"50,706",100% bearish,of 1 rating,$18
FWM,$2.25,1440253261894,"178,419",100% bearish,of 2 ratings,$3.20
FALC,$1.65,1440253262041,"10,845",63% bearish,of 8 ratings,N/A
DAVE,$14.36,1440253262073,"19,659",100% bearish,of 1 rating,$15.50
FFKT,$26.79,1440253262099,"20,439",Not yet rated,NULL,$29
FARM,$22.62,1440253262129,"21,053",100% bearish,of 1 rating,$35
FMNB,$8.03,1440253262233,"3,562",Not yet rated,NULL,N/A
FATE,$6.24,1440253262378,"82,980",50% bullish,of 2 ratings,$11
FARO,$38.92,1440253262407,"118,530",50% bullish,of 2 ratings,$48
FAST,$39.1,1440253262428,"3,000,801",80% bullish,of 5 ratings,$46
FBSS,NULL,1440253262473,0,Not yet rated,NULL,N/A
FDML,$8.96,1440253262495,"230,349",50% bullish,of 4 ratings,$14
FNHC,$21.92,1440253262557,"80,132",100% bearish,of 1 rating,$35
FEIC,$77.57,1440253262584,"344,496",50% bullish,of 2 ratings,$95.50
FBRC,$22.24,1440253262605,"44,108",100% bearish,of 1 rating,$29
FHCO,$1.43,1440253262793,"18,402",50% bullish,of 4 ratings,N/A
FENX,$9.84,1440253262820,"59,141",100% bullish,of 1 rating,$14.25
FCSC,$5.86,1440253262841,"212,270",100% bearish,of 1 rating,$8.125
ONEQ,$185.63,1440253263002,"41,902",100% bullish,of 1 rating,N/A
FGEN,$22.96,1440253263032,"374,029",100% bearish,of 1 rating,$39
FDUS,$14.42,1440253263085,"64,363",100% bullish,of 1 rating,$18
LION,$19.31,1440253263118,"108,630",100% bullish,of 1 rating,$20
FSCFL,$24.7,1440253263147,"11,419",Not yet rated,NULL,N/A
FRGI,$51.57,1440253263172,"149,676",50% bullish,of 2 ratings,$70
FSC,$6.42,1440253263214,"839,385",75% bullish,of 4 ratings,$8
FSAM,$8.56,1440253263241,"20,457",100% bearish,of 1 rating,$11
FITB,$19.7,1440253263374,"7,100,591",54% bullish,of 13 ratings,$22
FSFR,$8.92,1440253263418,"131,626",100% bearish,of 1 rating,$11.50
FITBI,$27.68,1440253263506,"5,800",Not yet rated,NULL,N/A
FISI,$24.77,1440253263565,"41,074",100% bullish,of 2 ratings,$24.50
FNGN,$33.616,1440253263591,"485,960",67% bullish,of 3 ratings,$47
FNSR,$15.33,1440253263643,"1,137,273",71% bullish,of 7 ratings,$24.50
FNJN,$1.66,1440253263730,"15,161",100% bearish,of 1 rating,$5
FNTC,NULL,1440253263780,0,Not yet rated,NULL,N/A
FNTCW,NULL,1440253263828,0,Not yet rated,NULL,N/A
FNTCU,NULL,1440253263861,0,Not yet rated,NULL,N/A
FBNC,$16.81,1440253263923,"59,972",100% bullish,of 1 rating,$20
FNLC,$18.46,1440253263992,"17,421",100% bullish,of 1 rating,N/A
FEYE,$37,1440253264021,"7,331,774",87% bullish,of 15 ratings,$55.50
FBIZ,$44.04,1440253264128,"28,467",100% bearish,of 2 ratings,$52
FRBA,$6.02,1440253264154,611,Not yet rated,NULL,$8
BUSE,$6.37,1440253264182,"197,401",Not yet rated,NULL,$6.875
FCVA,$4.75,1440253264314,"1,132",Not yet rated,NULL,N/A
FCAP,$26.55,1440253264339,226,Not yet rated,NULL,N/A
FCFS,$38.15,1440253264389,"157,660",100% bearish,of 2 ratings,$48
FCNCA,$241.45,1440253264483,"17,885",Not yet rated,NULL,N/A
FCLF,$9.08,1440253264514,55,Not yet rated,NULL,N/A
FCCO,$12.11,1440253264569,202,Not yet rated,NULL,$13.25
FCBC,$17.88,1440253264614,"60,860",Not yet rated,NULL,$18
FCFP,$6.9,1440253264641,"2,500",Not yet rated,NULL,N/A
FBNK,$16.65,1440253264668,"60,146",100% bearish,of 1 rating,$17.50
FFNM,$6.32,1440253264832,"3,040",Not yet rated,NULL,N/A
FDEF,$38.3,1440253264888,"42,408",Not yet rated,NULL,$38
FFBCW,NULL,1440253264915,0,100% bearish,of 1 rating,N/A
FFBC,$18.76,1440253264936,"176,775",67% bearish,of 3 ratings,$20.25
FFIN,$31.1263,1440253264994,"286,801",50% bullish,of 2 ratings,$31.75
THFF,$33.27,1440253265077,"47,577",Not yet rated,NULL,$35
FFNW,$12.46,1440253265175,"21,487",Not yet rated,NULL,$14
INBK,$32.43,1440253265218,"13,595",50% bullish,of 2 ratings,$37
FRME,$25.47,1440253265244,"199,009",Not yet rated,NULL,$26.50
FFWM,$21.44,1440253265273,"10,014",Not yet rated,NULL,$24
FIBK,$26.83,1440253265298,"83,623",Not yet rated,NULL,$32
FMBH,NULL,1440253265328,0,Not yet rated,NULL,N/A
FMBI,$17.84,1440253265459,"374,767",Not yet rated,NULL,$20
FNFG,$9.2289,1440253265546,"1,658,831",80% bullish,of 5 ratings,$9
FNBC,$34.45,1440253265577,"116,074",Not yet rated,NULL,$41.50
FSFG,$30.1754,1440253265679,729,Not yet rated,NULL,N/A
FNWB,$12.08,1440253265705,"8,662",Not yet rated,NULL,N/A
FSGI,$2.45,1440253265735,"4,889",Not yet rated,NULL,N/A
FSLR,$45.5,1440253265841,"2,207,203",74% bullish,of 39 ratings,$65
FSBK,$7.93,1440253265877,"1,441",100% bullish,of 1 rating,N/A
FTCS,$36.65,1440253266021,"33,745",Not yet rated,NULL,N/A
FCA,$20,1440253266060,"2,607",Not yet rated,NULL,N/A
BICK,$19.6,1440253266090,"1,801",100% bullish,of 1 rating,N/A
FBZ,NULL,1440253266157,0,Not yet rated,NULL,N/A
FCAN,$24.47,1440253266186,964,Not yet rated,NULL,N/A
IFV,$17.6,1440253266211,"2,040,199",100% bearish,of 1 rating,N/A
FV,$23.23,1440253266240,"4,139,653",Not yet rated,NULL,N/A
FEMB,NULL,1440253266505,0,Not yet rated,NULL,N/A
FEUZ,$30.69,1440253266534,"5,731",Not yet rated,NULL,N/A
FTSM,$59.9,1440253266555,"20,701",100% bearish,of 1 rating,N/A
TDIV,$24.46,1440253266576,"449,109",100% bearish,of 1 rating,N/A
MDIV,$19.22,1440253266612,"565,706",Not yet rated,NULL,N/A
FGM,$35.03,1440253266709,"69,317",Not yet rated,NULL,N/A
FTGC,$22.05,1440253266797,"122,767",Not yet rated,NULL,N/A
YDIV,$16.62,1440253266858,"2,670",Not yet rated,NULL,N/A
FHK,$32.72,1440253266887,"128,700",Not yet rated,NULL,N/A
FTHI,$19.4,1440253266908,"10,468",Not yet rated,NULL,N/A
FPXI,$27.51,1440253266929,"1,318",Not yet rated,NULL,N/A
SKYY,$28.68,1440253266975,"76,557",100% bullish,of 1 rating,N/A
CU,$12.76,1440253267070,"13,066",100% bearish,of 1 rating,N/A
HYLS,$49.21,1440253267099,"102,494",100% bearish,of 1 rating,N/A
FJP,$46.13,1440253267146,"49,025",Not yet rated,NULL,N/A
PLTM,$6.66,1440253267202,"3,862",100% bearish,of 1 rating,N/A
QABA,$38.13,1440253267495,"44,503",100% bearish,of 1 rating,N/A
FONE,$34.05,1440253267527,"1,800",Not yet rated,NULL,N/A
QCLN,$14.54,1440253267548,"17,473",Not yet rated,NULL,N/A
FMB,$51.195,1440253267587,"1,778",Not yet rated,NULL,N/A
CIBR,$18.04,1440253267609,"162,032",Not yet rated,NULL,N/A
LMBS,$50.49,1440253267630,862,Not yet rated,NULL,N/A
FTLB,$19.28,1440253267662,"2,451",100% bearish,of 1 rating,N/A
GRID,$33.62,1440253267692,834,100% bearish,of 1 rating,N/A
QQEW,$41.94,1440253267829,"313,108",Not yet rated,NULL,N/A
QQXT,$40.09,1440253267857,"60,503",Not yet rated,NULL,N/A
RDVY,$21.64,1440253267887,"318,269",Not yet rated,NULL,N/A
CARZ,$34.42,1440253267914,"11,011",100% bearish,of 1 rating,N/A
QTEC,$39.35,1440253267988,"147,804",Not yet rated,NULL,N/A
AIRR,$16.37,1440253268046,"9,058",100% bearish,of 1 rating,N/A
FDIV,$47.59,1440253268249,"6,143",100% bearish,of 1 rating,N/A
FKO,$22.32,1440253268280,"3,700",Not yet rated,NULL,N/A
QINC,$20.71,1440253268333,"1,700",Not yet rated,NULL,N/A
FTSL,$48.8,1440253268379,"33,452",100% bearish,of 1 rating,N/A
FTW,$29.425,1440253268406,"1,534",Not yet rated,NULL,N/A
FSZ,$38.85,1440253268432,"76,690",Not yet rated,NULL,N/A
TUSA,$25.08,1440253268460,"4,920",Not yet rated,NULL,N/A
FKU,$41.6,1440253268491,"86,339",Not yet rated,NULL,N/A
FUNC,$8.33,1440253268591,"3,636",Not yet rated,NULL,N/A
SVVC,$10.15,1440253268618,"36,001",100% bullish,of 1 rating,$26
FMER,$17.6579,1440253268696,"1,802,777",50% bullish,of 2 ratings,$20
FSV,$31.87,1440253268762,"12,538",Not yet rated,NULL,$33.60
FISV,$84.87,1440253268835,"1,522,717",100% bearish,of 3 ratings,$90
FIVE,$35.34,1440253268895,"409,909",75% bearish,of 4 ratings,$44
FPRX,$18.26,1440253269024,"303,751",50% bullish,of 2 ratings,$35
FIVN,$4.11,1440253269052,"185,266",100% bullish,of 1 rating,$8.50
FLML,$21.11,1440253269073,"134,027",50% bullish,of 2 ratings,$30
FLKS,$13.13,1440253269106,"55,627",50% bullish,of 2 ratings,$27
FLXN,$24.39,1440253269129,"86,363",100% bearish,of 1 rating,$40
MBSD,NULL,1440253269292,0,Not yet rated,NULL,N/A
SKOR,$50.52,1440253269322,"1,000",Not yet rated,NULL,N/A
FLXS,$30.45,1440253269352,"36,609",100% bearish,of 2 ratings,N/A
FLEX,$10.51,1440253269394,"2,454,407",63% bullish,of 8 ratings,$12
FLDM,$12.54,1440253269455,"686,894",67% bearish,of 3 ratings,$21.50
FLIR,$28.75,1440253269487,"720,631",100% bearish,of 1 rating,$38.50
FFIC,$20.38,1440253269596,"69,120",Not yet rated,NULL,$21
FOMX,$9.79,1440253269675,"135,576",50% bullish,of 2 ratings,$23.50
FOGO,$18.84,1440253269727,"114,696",50% bullish,of 2 ratings,$25.50
FES,$0.92,1440253269818,"4,841",50% bullish,of 2 ratings,$1
FONR,$9.54,1440253269844,"18,526",100% bullish,of 1 rating,N/A
FORM,$6,1440253269903,"267,226",67% bullish,of 3 ratings,$10.50
FORTY,$32.4,1440253269980,"4,710",Not yet rated,NULL,N/A
FORR,$32.21,1440253270010,"52,356",Not yet rated,NULL,N/A
FTNT,$42.98,1440253270031,"1,928,364",80% bullish,of 10 ratings,$52
FBIO,$2.51,1440253270065,"188,268",83% bullish,of 6 ratings,N/A
FWP,$25.67,1440253270172,"46,088",100% bearish,of 1 rating,$45
FWRD,$46.8,1440253270198,"307,366",100% bearish,of 1 rating,$50
FORD,$1.04,1440253270230,"120,974",50% bullish,of 2 ratings,N/A
FMI,$21.61,1440253270337,"391,770",100% bearish,of 2 ratings,$27.50
FOSL,$59.15,1440253270363,"1,014,809",50% bullish,of 4 ratings,$80
FXCB,$17.3,1440253270391,"17,445",Not yet rated,NULL,$19
FOXF,$15.28,1440253270522,"65,653",100% bearish,of 1 rating,$19
FRAN,$10.24,1440253270583,"689,114",50% bullish,of 4 ratings,$15
FELE,$28.92,1440253270615,"341,251",50% bullish,of 4 ratings,$33
FRED,$14.505,1440253270718,"342,264",50% bullish,of 2 ratings,$16.50
FREE,$0.43,1440253270748,"823,292",92% bullish,of 12 ratings,N/A
FEIM,$11.17,1440253270804,"8,777",100% bearish,of 1 rating,N/A
FTRPR,$102.05,1440253270853,"61,829",100% bearish,of 1 rating,N/A
FTR,$5.2,1440253270908,"19,477,135",78% bullish,of 27 ratings,$6.25
RAIL,$20.87,1440253270934,"125,948",100% bearish,of 1 rating,$24.50
FRPT,$13,1440253270994,"495,123",67% bearish,of 3 ratings,$23.50
FRPH,$30.33,1440253271066,"14,572",100% bearish,of 1 rating,N/A
FTD,$29.45,1440253271129,"149,230",100% bearish,of 1 rating,$40
FSBW,$23.34,1440253271210,"2,300",Not yet rated,NULL,N/A
FSYS,$6.38,1440253271269,"45,792",67% bullish,of 3 ratings,$10
FTEK,$2.16,1440253271299,"40,018",75% bullish,of 4 ratings,N/A
FULL,$3.14,1440253271400,"56,049",67% bearish,of 3 ratings,$4.25
FLL,$1.58,1440253271452,"14,473",75% bullish,of 4 ratings,$2.825
FULLL,$25.3,1440253271479,"2,099",Not yet rated,NULL,N/A
FFHL,NULL,1440253271611,0,50% bullish,of 4 ratings,N/A
FSNN,$2.61,1440253271639,"1,800",67% bullish,of 3 ratings,$6
FULT,$12.4385,1440253271691,"1,361,369",100% bearish,of 1 rating,$13
FCEL,$0.7366,1440253271717,"1,658,337",88% bullish,of 40 ratings,$2.65
FXENP,$15.9,1440253271792,"2,740",100% bearish,of 1 rating,N/A
GK,$70.3,1440253271926,"83,887",Not yet rated,NULL,$78
WILC,$5.06,1440253271952,"5,946",100% bullish,of 2 ratings,N/A
GAIA,$5.86,1440253272022,"23,978",50% bullish,of 2 ratings,$8.50
FXEN,$0.82,1440253272095,"170,889",75% bullish,of 4 ratings,$1.10
GALTW,NULL,1440253272126,0,100% bullish,of 1 rating,N/A
GALTU,NULL,1440253272155,0,100% bearish,of 1 rating,N/A
GLPG,$61.54,1440253272176,"27,887",100% bullish,of 1 rating,$75
GALT,$1.99,1440253272208,"104,198",80% bullish,of 5 ratings,N/A
GALE,$1.34,1440253272339,"1,297,229",89% bullish,of 47 ratings,$4
GLMD,$8.52,1440253272367,"7,887",67% bullish,of 3 ratings,$20.50
GLPI,$31.6262,1440253272556,"495,016",100% bearish,of 1 rating,$37.50
GPIC,$11.09,1440253272584,8,100% bearish,of 1 rating,N/A
GRMN,$38.26,1440253272605,"1,619,493",50% bullish,of 6 ratings,$48
GGAC,NULL,1440253272626,0,100% bearish,of 1 rating,N/A
GGACR,NULL,1440253272667,0,100% bullish,of 1 rating,N/A
GARS,$14.82,1440253272761,"25,735",Not yet rated,NULL,$16
GGACU,NULL,1440253272787,0,Not yet rated,NULL,N/A
GNCMA,$16.75,1440253272924,"180,927",100% bearish,of 1 rating,$12
GFN,$3.59,1440253272955,"35,382",100% bearish,of 2 ratings,$8
GENC,$9.48,1440253272986,"1,326",100% bearish,of 1 rating,N/A
GGACW,$0.12,1440253273019,438,Not yet rated,NULL,N/A
GFNCP,NULL,1440253273052,0,Not yet rated,NULL,N/A
GENE,$2.36,1440253273122,"148,645",100% bullish,of 12 ratings,N/A
GFNSL,$25.8,1440253273201,"1,200",Not yet rated,NULL,N/A
GNCA,$12.48,1440253273347,"168,679",100% bearish,of 1 rating,$20
GNMK,$9.4,1440253273395,"146,170",67% bullish,of 6 ratings,$14
GNTX,$15.0882,1440253273445,"1,731,017",Not yet rated,NULL,$20
GHDX,$25.37,1440253273479,"139,056",50% bullish,of 2 ratings,$30
GTWN,NULL,1440253273608,0,Not yet rated,NULL,N/A
GEOS,$15.3,1440253273642,"116,850",100% bearish,of 3 ratings,$25.50
GNVC,$2.24,1440253273664,"34,502",90% bullish,of 10 ratings,$8.50
THRM,$44.01,1440253273685,"309,602",75% bearish,of 4 ratings,$55.50
GABC,$29.73,1440253273742,"47,076",Not yet rated,NULL,$31.50
GEVO,$2.29,1440253273821,"240,735",75% bullish,of 12 ratings,$5
GIGM,$0.6,1440253273956,"112,719",100% bullish,of 2 ratings,N/A
GIGA,$1.42,1440253274010,"46,287",100% bearish,of 1 rating,N/A
ROCK,$17.57,1440253274031,"235,847",80% bullish,of 5 ratings,$24
GERN,$3.08,1440253274066,"2,161,517",88% bullish,of 16 ratings,$5.25
GIII,$64.77,1440253274087,"271,077",67% bullish,of 3 ratings,$75
GILT,$4.47,1440253274163,"2,023",50% bullish,of 2 ratings,N/A
GBCI,$26.4218,1440253274297,"334,049",50% bullish,of 2 ratings,$31
GLADO,$25.59,1440253274328,"3,000",Not yet rated,NULL,N/A
GILD,$105.383,1440253274361,"15,611,252",91% bullish,of 87 ratings,$129
GLAD,$8.51,1440253274391,"155,251",50% bullish,of 2 ratings,$8.75
GOODN,$25.64,1440253274417,426,Not yet rated,NULL,N/A
GOOD,$15.44,1440253274457,"98,286",Not yet rated,NULL,$19
GOODO,$25.1,1440253274491,"1,266",Not yet rated,NULL,N/A
GOODP,$25.14,1440253274625,"1,250",Not yet rated,NULL,N/A
GAIN,$7.47,1440253274690,"246,309",100% bullish,of 2 ratings,$8.25
GAINN,$25.2379,1440253274833,150,Not yet rated,NULL,N/A
GAINO,$25.31,1440253274864,"1,726",Not yet rated,NULL,N/A
GAINP,$25.85,1440253274967,"3,950",Not yet rated,NULL,N/A
GBT,$45.75,1440253274998,"252,564",100% bearish,of 1 rating,N/A
LAND,$9.5,1440253275020,"16,439",50% bullish,of 2 ratings,$13.75
GLBZ,NULL,1440253275061,0,Not yet rated,NULL,N/A
GDEF,$10.5401,1440253275095,100,Not yet rated,NULL,N/A
GBLI,$26.25,1440253275154,"16,164",Not yet rated,NULL,N/A
ENT,$11.73,1440253275181,"196,363",100% bearish,of 1 rating,$18
GPACU,$10.1,1440253275210,"2,854",Not yet rated,NULL,N/A
ACTX,$13.25,1440253275311,600,100% bullish,of 1 rating,N/A
GSOL,$8.26,1440253275341,"15,789",100% bearish,of 1 rating,N/A
QQQC,$19.26,1440253275410,"4,950",100% bearish,of 1 rating,N/A
SOCL,$17.18,1440253275436,"100,120",100% bullish,of 2 ratings,N/A
ALTY,$14.587,1440253275637,700,Not yet rated,NULL,N/A
SRET,$13.6,1440253275686,"4,194",Not yet rated,NULL,N/A
GLRI,$1.1,1440253275783,"80,101",100% bearish,of 1 rating,$6
GBIM,$2.26,1440253275817,"43,964",50% bullish,of 2 ratings,N/A
GAI,$5.27,1440253275846,"3,415",50% bullish,of 2 ratings,N/A
GSM,$13.26,1440253275868,"403,098",50% bullish,of 2 ratings,$24.50
YLCO,$11.75,1440253275888,"1,235",Not yet rated,NULL,N/A
GLBS,$1.06,1440253275927,"10,500",67% bullish,of 3 ratings,N/A
GLUU,$4.37,1440253276078,"2,317,587",92% bullish,of 26 ratings,$9
GLYC,$7.26,1440253276108,"7,663",50% bullish,of 2 ratings,$14
GLNG,$35.44,1440253276175,"792,592",83% bullish,of 6 ratings,$58
GOGO,$15.48,1440253276206,"479,979",80% bullish,of 5 ratings,$25
GMLP,$19.13,1440253276275,"137,734",50% bullish,of 4 ratings,$32.50
GLDC,$4.13,1440253276435,"3,480",50% bullish,of 2 ratings,N/A
GOGL,$2.92,1440253276466,"540,722",75% bullish,of 4 ratings,$5
GBDC,$16.5151,1440253276488,"145,009",Not yet rated,NULL,$17.75
GDEN,$8.88,1440253276525,"11,961",50% bullish,of 2 ratings,N/A
GTIM,$6.47,1440253276552,"80,995",Not yet rated,NULL,$11.50
GOOG,$616,1440253276583,"2,256,491",90% bullish,of 68 ratings,$825
GOOGL,$647,1440253276629,"2,533,646",88% bullish,of 1079 ratings,$749
GMAN,$4.4,1440253276693,"71,999",60% bullish,of 5 ratings,$8
GPIA,NULL,1440253276765,0,Not yet rated,NULL,N/A
GPRO,$48.84,1440253276794,"5,811,963",78% bullish,of 58 ratings,$72
GPIAU,NULL,1440253276933,0,Not yet rated,NULL,N/A
GPIAW,NULL,1440253276960,0,Not yet rated,NULL,N/A
GRVY,$3.43,1440253277091,"1,202",50% bullish,of 2 ratings,N/A
LOPE,$37.1955,1440253277120,"420,323",100% bearish,of 2 ratings,$50
GBSN,$1.46,1440253277145,"747,556",100% bearish,of 1 rating,$8.25
GBSNU,$16,1440253277179,"22,548",Not yet rated,NULL,N/A
GLDD,$5.39,1440253277249,"288,709",100% bearish,of 4 ratings,$7.75
GNBC,$12.08,1440253277278,"33,737",100% bearish,of 1 rating,$17
GSBC,$40.6,1440253277381,"36,220",100% bullish,of 1 rating,$44
GRBK,$13.35,1440253277426,"154,269",77% bullish,of 13 ratings,N/A
GPRE,$18.8277,1440253277457,"832,352",67% bullish,of 6 ratings,$28.50
GPP,$14.94,1440253277492,"24,630",Not yet rated,NULL,$20.50
GLRE,$24.86,1440253277513,"262,384",50% bullish,of 2 ratings,$41
GCBC,NULL,1440253277593,0,100% bullish,of 1 rating,N/A
GRIF,$30.945,1440253277678,209,100% bearish,of 1 rating,N/A
GRFS,$30.3,1440253277737,"180,141",50% bullish,of 2 ratings,$35
GRPN,$4.077,1440253277886,"7,070,465",61% bullish,of 71 ratings,$6.75
OMAB,$39.57,1440253277908,"24,030",100% bullish,of 1 rating,$44
GSIT,$4.97,1440253277990,"9,824",100% bearish,of 1 rating,N/A
GTXI,$0.83,1440253278042,"67,416",100% bullish,of 5 ratings,$.75
GGAL,$18.96,1440253278070,"423,209",80% bullish,of 5 ratings,$40
GFED,$14.94,1440253278092,10,Not yet rated,NULL,$17
GSVC,$8.56,1440253278129,"118,374",50% bullish,of 2 ratings,$14.50
GSIG,$13.11,1440253278231,"71,415",100% bearish,of 2 ratings,N/A
GBNK,$15.76,1440253278252,"43,034",100% bearish,of 1 rating,$18
GULTU,$0.2905,1440253278339,"102,116",100% bearish,of 1 rating,N/A
GUID,$7.29,1440253278513,"187,217",100% bearish,of 3 ratings,$10
GIFI,$11.97,1440253278543,"46,892",100% bearish,of 1 rating,$16
GURE,$1.62,1440253278575,"151,052",88% bullish,of 8 ratings,N/A
GPOR,$33.8159,1440253278649,"937,085",75% bullish,of 4 ratings,$55
HEES,$16.51,1440253278840,"306,657",67% bearish,of 3 ratings,$31
GWPH,$104.03,1440253278867,"200,237",78% bullish,of 9 ratings,$148.50
GYRO,$2.85,1440253278898,"76,416",100% bearish,of 1 rating,N/A
GWGH,$7.35,1440253278931,"1,284",100% bearish,of 1 rating,$15.05
HNRG,$7.22,1440253278952,"124,047",100% bearish,of 1 rating,$10
HLG,$9.64,1440253278982,"5,100",100% bearish,of 1 rating,N/A
HALL,$11.67,1440253279014,"28,021",Not yet rated,NULL,N/A
HBK,$13.8,1440253279039,8,50% bullish,of 2 ratings,N/A
HALO,$17.33,1440253279185,"1,204,693",67% bullish,of 3 ratings,$22.50
HBHC,$26.8668,1440253279261,"451,705",50% bullish,of 2 ratings,$30
HBHCL,$24.49,1440253279333,"18,426",Not yet rated,NULL,N/A
HMPR,$1.89,1440253279363,"118,740",100% bullish,of 1 rating,N/A
HNH,$27.82,1440253279432,"21,502",100% bullish,of 1 rating,N/A
HAFC,$24.565,1440253279459,"117,041",100% bullish,of 2 ratings,$28.50
HQCL,$8.63,1440253279521,"24,293",67% bullish,of 3 ratings,N/A
HNSN,$0.501,1440253279548,"78,898",88% bullish,of 8 ratings,$.40
HRMN,NULL,1440253279743,0,Not yet rated,NULL,N/A
HDNG,$9.98,1440253279782,"11,225",50% bullish,of 4 ratings,N/A
HLIT,$5.58,1440253279804,"331,156",100% bearish,of 1 rating,$6.50
HRMNW,NULL,1440253279862,0,Not yet rated,NULL,N/A
TINY,$2.45,1440253279892,"20,315",50% bullish,of 2 ratings,$5.26
HBIO,$4.39,1440253279913,"81,394",Not yet rated,NULL,$10
HRMNU,NULL,1440253279945,0,Not yet rated,NULL,N/A
HART,$0.775,1440253280043,"213,330",100% bearish,of 1 rating,N/A
HCAP,$12.17,1440253280177,"24,008",50% bullish,of 2 ratings,$15
HCAPL,$25.4,1440253280234,"1,773",Not yet rated,NULL,N/A
HAS,$75.171,1440253280265,"1,049,605",63% bullish,of 8 ratings,$84.50
HWKN,$36.84,1440253280332,"29,157",Not yet rated,NULL,N/A
HCOM,$22.51,1440253280359,"37,331",100% bearish,of 1 rating,$28
HA,$23.05,1440253280388,"931,944",67% bullish,of 9 ratings,$27
HWBK,$13.8,1440253280417,674,100% bearish,of 1 rating,N/A
HAYN,$37.88,1440253280518,"48,863",100% bearish,of 1 rating,$59
HDS,$33.08,1440253280588,"1,295,702",100% bearish,of 2 ratings,$39.50
HIIQ,$4.48,1440253280613,"28,731",50% bullish,of 2 ratings,$7
HSTM,$24.87,1440253280777,"220,098",50% bullish,of 2 ratings,$33.75
HCSG,$33.546,1440253280802,"309,474",50% bullish,of 4 ratings,$35
HQY,$29.27,1440253280878,"394,569",67% bullish,of 3 ratings,$31
HWAY,$12.48,1440253280906,"386,123",100% bearish,of 1 rating,$15
HTLD,$20.165,1440253280979,"492,188",Not yet rated,NULL,$22.50
HTWR,$83.28,1440253281038,"239,502",50% bullish,of 2 ratings,$103
HTLF,$36.24,1440253281065,"48,371",100% bullish,of 1 rating,$39.50
HTBX,$5.31,1440253281090,"21,712",50% bullish,of 2 ratings,$15.50
HELE,$87.93,1440253281224,"151,548",67% bearish,of 3 ratings,$100
HNNA,$24.57,1440253281283,"15,081",Not yet rated,NULL,N/A
HMTV,$12.84,1440253281353,"12,852",100% bearish,of 1 rating,$16
HMNY,$2.2261,1440253281378,"2,878",100% bearish,of 1 rating,N/A
HCACU,$10.0043,1440253281409,"2,000",Not yet rated,NULL,N/A
HSII,$20.17,1440253281434,"59,389",100% bullish,of 3 ratings,$25
HSIC,$138.0834,1440253281602,"512,882",83% bullish,of 6 ratings,$146
HERO,$0.06,1440253281684,"5,839,839",81% bullish,of 16 ratings,$.75
HTBK,$11.04,1440253281742,"93,871",Not yet rated,NULL,$12
HFWA,$17.74,1440253281781,"62,742",100% bullish,of 1 rating,$20
HRTX,$35.05,1440253281844,"839,423",67% bullish,of 6 ratings,$41
HEOP,$7.68,1440253281873,"27,087",Not yet rated,NULL,$8.50
HCCI,$11.65,1440253281894,"27,277",100% bearish,of 1 rating,$16.50
MLHR,$28.1966,1440253281923,"238,584",50% bullish,of 2 ratings,$33.50
HFFC,$16.27,1440253282099,946,Not yet rated,NULL,N/A
HSKA,$33.2,1440253282120,"28,561",100% bearish,of 1 rating,$38
HPJ,$2.25,1440253282200,"130,395",75% bullish,of 4 ratings,$12.43
HIBB,$37.37,1440253282266,"1,128,881",100% bearish,of 1 rating,$48.50
HIHO,$4,1440253282293,"9,057",Not yet rated,NULL,N/A
HIMX,$6.29,1440253282320,"1,170,901",86% bullish,of 21 ratings,$8.50
HMNF,$11.42,1440253282538,"2,480",Not yet rated,NULL,N/A
HIFS,$118.11,1440253282567,"8,734",Not yet rated,NULL,N/A
HSGX,$5.92,1440253282595,"24,278",100% bearish,of 1 rating,$17
HMSY,$8.8389,1440253282619,"1,363,874",67% bullish,of 3 ratings,$19.35
HOLX,$39.74,1440253282654,"2,134,552",67% bullish,of 3 ratings,$42
HOLI,$16.9527,1440253282675,"228,631",50% bullish,of 4 ratings,$27
HOMB,$39.23,1440253282729,"321,450",Not yet rated,NULL,$41
HBCP,$24.4,1440253282807,"41,618",Not yet rated,NULL,$29
AWAY,$29.3662,1440253282914,"943,583",67% bullish,of 3 ratings,$36
HFBL,$21.69,1440253282944,"1,800",Not yet rated,NULL,N/A
HMIN,$29.096,1440253282971,"61,111",100% bearish,of 2 ratings,$35
HMST,$21.57,1440253282997,"119,006",100% bullish,of 2 ratings,$27
HTBI,$18.39,1440253283133,"70,970",67% bullish,of 3 ratings,$18.625
CETC,$0.77,1440253283271,"45,584",86% bullish,of 7 ratings,N/A
HFBC,$11.61,1440253283302,"2,835",Not yet rated,NULL,N/A
HKTV,$4.68,1440253283328,"7,455",100% bearish,of 1 rating,N/A
HBNC,$24.3,1440253283350,"31,745",100% bullish,of 1 rating,$27
HOFT,$24.43,1440253283375,"62,910",100% bearish,of 1 rating,N/A
HZNP,$29.2,1440253283415,"2,449,005",85% bullish,of 20 ratings,$40
ZINC,$7.25,1440253283442,"624,456",100% bearish,of 1 rating,$17
HRZN,$10.59,1440253283568,"54,947",100% bearish,of 1 rating,$14.25
HDP,$25.5,1440253283615,"235,894",67% bearish,of 3 ratings,$30.50
HMHC,$22.4,1440253283675,"923,176",Not yet rated,NULL,$27
HWCC,$7.22,1440253283708,"136,206",100% bearish,of 1 rating,$9
HOVNP,NULL,1440253283878,0,100% bearish,of 1 rating,N/A
HSNI,$60.9227,1440253283911,"239,269",Not yet rated,NULL,$80
HBMD,$14.95,1440253283940,502,100% bearish,of 1 rating,N/A
HSON,$2.8,1440253283970,"20,391",100% bearish,of 1 rating,$5
HTGM,$5.59,1440253283997,"9,721",100% bearish,of 1 rating,$19.50
HCBK,$9.5789,1440253284029,"2,422,499",83% bullish,of 6 ratings,$8.61
HUBG,$39.18,1440253284059,"205,184",100% bearish,of 1 rating,$43
HDSN,$2.81,1440253284134,"30,286",100% bullish,of 1 rating,$6.25
HBANP,$1337,1440253284268,12,100% bearish,of 1 rating,N/A
HBAN,$11.11,1440253284297,"6,980,840",76% bullish,of 17 ratings,$12.29
HURN,$73.02,1440253284374,"109,473",50% bullish,of 2 ratings,$80
HURC,$29.88,1440253284433,"26,946",100% bearish,of 1 rating,N/A
HBP,$3.09,1440253284520,"1,457",100% bullish,of 1 rating,N/A
HDRA,NULL,1440253284601,0,Not yet rated,NULL,N/A
HTCH,$1.58,1440253284634,"60,402",100% bearish,of 1 rating,$3.50
HDRAU,$10.06,1440253284702,100,Not yet rated,NULL,N/A
HYGS,$7.48,1440253284729,"42,666",50% bullish,of 2 ratings,$13
HDRAW,NULL,1440253284763,0,Not yet rated,NULL,N/A
HDRAR,NULL,1440253284790,0,Not yet rated,NULL,N/A
IDSY,$3.85,1440253284812,"6,888",100% bearish,of 1 rating,$7
IACI,$71.15,1440253284858,"768,044",75% bullish,of 4 ratings,$90
IKGH,$1.81,1440253284945,"12,492",75% bullish,of 4 ratings,N/A
IBKC,$60.3428,1440253285081,"191,218",100% bullish,of 1 rating,$70
ICAD,$3.54,1440253285107,"22,041",50% bullish,of 2 ratings,$7.25
ICUI,$115.51,1440253285375,"147,406",Not yet rated,NULL,$122
ICLR,$77.7434,1440253285409,"297,930",100% bearish,of 3 ratings,$85
ICON,$12.25,1440253285431,"780,798",50% bullish,of 2 ratings,$18.50
ICFI,$35.71,1440253285452,"104,061",50% bullish,of 2 ratings,$48.50
IPWR,$7.36,1440253285489,"3,392",100% bullish,of 1 rating,$15
IDXX,$74.1911,1440253285543,"439,447",100% bearish,of 1 rating,$77
IEP,$67.43,1440253285619,"123,610",75% bullish,of 4 ratings,$99
IDRA,$2.52,1440253285723,"1,118,091",89% bullish,of 9 ratings,$6.50
DSKY,$12.1367,1440253285750,"291,194",67% bullish,of 6 ratings,$11.50
IRG,$4.73,1440253285776,"29,774",100% bearish,of 1 rating,$4.50
IROQ,$16.68,1440253285802,502,100% bullish,of 1 rating,N/A
RXDX,$12.57,1440253285934,"107,394",100% bullish,of 1 rating,$20
KANG,$15,1440253286081,"344,010",50% bullish,of 2 ratings,$22.55
IIVI,$17.63,1440253286108,"240,082",100% bearish,of 1 rating,$22
INVE,$4.66,1440253286130,"109,550",75% bullish,of 4 ratings,$4
IKAN,$2.73,1440253286166,"14,561",83% bullish,of 6 ratings,$5
IMMR,$11.38,1440253286262,"215,531",80% bullish,of 5 ratings,$15.50
ILMN,$199.29,1440253286289,"1,014,627",80% bullish,of 5 ratings,$240
IKNX,$11.46,1440253286316,722,100% bearish,of 1 rating,N/A
ISNS,$3.82,1440253286450,"67,780",50% bullish,of 2 ratings,N/A
ICCC,$8.05,1440253286479,"7,929",100% bullish,of 1 rating,N/A
IMDZ,$15.49,1440253286501,"55,028",100% bearish,of 1 rating,$33
IMNP,$1.38,1440253286522,"103,462",50% bullish,of 2 ratings,$6
IMGN,$13.07,1440253286656,"1,107,990",75% bullish,of 4 ratings,$17.50
IPXL,$43.4148,1440253286748,"694,109",67% bullish,of 3 ratings,$46.50
INCR,$42.36,1440253286787,"1,097,736",50% bullish,of 2 ratings,$53
IMMU,$1.87,1440253286813,"975,603",86% bullish,of 7 ratings,$2
IMMY,$7.49,1440253286842,"6,448",100% bearish,of 1 rating,$11
INDB,$46.44,1440253286875,"91,428",Not yet rated,NULL,$44
INCY,$104.2975,1440253286905,"711,350",50% bullish,of 6 ratings,$125.50
SAAS,$7.7296,1440253286943,"487,787",50% bullish,of 2 ratings,$15
IBCP,$14.21,1440253287008,"66,760",100% bullish,of 1 rating,$14.50
IBTX,$42.68,1440253287204,"39,240",100% bullish,of 2 ratings,$47.25
IDSA,$3.64,1440253287237,174,Not yet rated,NULL,N/A
INFN,$21.08,1440253287272,"2,781,964",71% bullish,of 7 ratings,$28
INFI,$9.44,1440253287300,"820,535",50% bullish,of 4 ratings,$18
IFON,$1.23,1440253287333,"45,196",75% bullish,of 4 ratings,N/A
III,$4.14,1440253287364,"158,901",57% bullish,of 7 ratings,$6
IPCC,$79.97,1440253287390,"44,593",Not yet rated,NULL,$77.50
INWK,$7.33,1440253287520,"164,366",50% bullish,of 2 ratings,$10
INNL,NULL,1440253287548,0,100% bearish,of 1 rating,$16.50
IMKTA,$52.89,1440253287580,"113,692",100% bearish,of 1 rating,N/A
INOD,$2.48,1440253287686,"19,784",100% bearish,of 1 rating,N/A
IPHS,$47.91,1440253287711,"90,391",100% bearish,of 1 rating,$60
ISSC,$2.92,1440253287743,"8,615",67% bearish,of 3 ratings,N/A
IOSP,$46.19,1440253287764,"4,359,888",100% bearish,of 1 rating,N/A
INGN,$49.39,1440253287916,"168,397",100% bearish,of 1 rating,$50.50
ITEK,$13.7368,1440253287941,"780,060",100% bearish,of 3 ratings,$20
ISIG,$2.58,1440253288118,"12,103",100% bearish,of 1 rating,N/A
INOV,$20.95,1440253288146,"349,429",100% bearish,of 1 rating,$33
INO,$7.07,1440253288175,"991,184",89% bullish,of 18 ratings,$20
INSM,$24.29,1440253288196,"376,220",71% bullish,of 7 ratings,$31.50
NSIT,$25.94,1440253288229,"161,989",50% bullish,of 2 ratings,N/A
IIIN,$18,1440253288324,"160,188",100% bearish,of 2 ratings,N/A
PODD,$28.7,1440253288371,"377,984",50% bullish,of 2 ratings,$35
IART,$60.71,1440253288503,"233,404",100% bearish,of 1 rating,$71.50
NTEC,$5.94,1440253288536,"22,000",Not yet rated,NULL,N/A
IDTI,$17.29,1440253288558,"2,463,021",60% bullish,of 5 ratings,$25
IESC,$7.27,1440253288593,"1,500",100% bearish,of 1 rating,N/A
INSY,$32.5,1440253288634,"744,412",75% bullish,of 4 ratings,$48
ISSI,$22.3,1440253288694,"296,636",67% bullish,of 3 ratings,$19.75
INTC,$26.7,1440253288763,"36,675,246",82% bullish,of 238 ratings,$36
IQNT,$19.28,1440253288863,"257,467",86% bullish,of 7 ratings,$20
IPCI,$2.12,1440253288910,"35,773",67% bullish,of 6 ratings,$7.75
IPAR,$27.27,1440253288945,"59,510",67% bullish,of 3 ratings,$38
IBKR,$38.66,1440253289042,"576,484",100% bullish,of 1 rating,N/A
ININ,$37,1440253289070,"115,076",67% bearish,of 3 ratings,$57
ICLDW,$0.9601,1440253289222,"1,250",100% bearish,of 1 rating,N/A
ICPT,$190.6771,1440253289252,"265,072",70% bullish,of 10 ratings,$359.50
ICLD,$1.87,1440253289273,"413,066",75% bullish,of 4 ratings,N/A
IDCC,$47.38,1440253289307,"294,240",80% bullish,of 5 ratings,$63
TILE,$24.33,1440253289405,"583,565",67% bearish,of 3 ratings,$27
INAP,$8.27,1440253289434,"157,177",75% bullish,of 4 ratings,$11
IMI,$2.13,1440253289476,"9,131",67% bullish,of 3 ratings,$2.22
IBOC,$26.0269,1440253289565,"200,228",100% bearish,of 1 rating,N/A
IGLD,$7.15,1440253289619,"2,377",50% bullish,of 2 ratings,N/A
ISCA,$31.76,1440253289647,"75,500",100% bearish,of 1 rating,N/A
IIJI,$8.9299,1440253289679,"1,000",50% bullish,of 2 ratings,$11.50
PTNT,$3.05,1440253289785,"4,282",Not yet rated,NULL,N/A
INTX,$2.44,1440253289974,"40,947",67% bullish,of 3 ratings,N/A
XENT,$27.72,1440253290004,"196,800",50% bullish,of 2 ratings,$36.50
INPH,$0.3099,1440253290039,"9,140",50% bullish,of 2 ratings,N/A
ISIL,$10.2,1440253290066,"911,504",50% bullish,of 6 ratings,$15
IVAC,$4.89,1440253290104,"16,408",Not yet rated,NULL,$6.625
INTL,$25.88,1440253290131,"119,017",67% bearish,of 3 ratings,N/A
IILG,$20.03,1440253290157,"307,013",100% bearish,of 1 rating,$30.50
INTLL,$25.77,1440253290301,"1,100",Not yet rated,NULL,N/A
IIN,$6.38,1440253290384,"6,399",100% bearish,of 1 rating,$12
ISRG,$506.65,1440253290446,"238,287",67% bullish,of 3 ratings,$600
ITCI,$28.5,1440253290478,"400,140",75% bearish,of 4 ratings,$40
INVT,$0.2713,1440253290509,"28,221",67% bullish,of 3 ratings,N/A
SNAK,$8.47,1440253290578,"286,014",50% bullish,of 2 ratings,$14
INTU,$89.98,1440253290608,"5,254,872",86% bullish,of 7 ratings,$110.50
ISTR,$15.85,1440253290637,"2,506",100% bearish,of 1 rating,$18.50
ISBC,$11.8686,1440253290741,"2,158,729",100% bullish,of 1 rating,$13.25
IVTY,$12.69,1440253290890,"13,088",Not yet rated,NULL,$18
NVIV,$9.83,1440253290916,"458,296",50% bullish,of 4 ratings,$24.50
IPAS,$1.01,1440253290942,"153,876",67% bullish,of 3 ratings,N/A
ITIC,$71.35,1440253290994,16,100% bearish,of 2 ratings,N/A
IPCM,$79.5,1440253291082,"605,193",50% bullish,of 2 ratings,$80.125
DTUL,NULL,1440253291136,0,Not yet rated,NULL,N/A
DFVL,NULL,1440253291157,0,Not yet rated,NULL,N/A
IPGP,$84.18,1440253291187,"196,618",100% bearish,of 2 ratings,$109.50
IRMD,$25.1,1440253291317,"16,337",67% bearish,of 3 ratings,$25
IRDM,$6.69,1440253291345,"599,667",60% bullish,of 5 ratings,$11.50
IRIX,$7.16,1440253291375,"14,066",100% bearish,of 1 rating,N/A
IRDMB,$266.65,1440253291407,"1,378",67% bearish,of 3 ratings,N/A
IRBT,$29.9,1440253291478,"240,464",67% bullish,of 6 ratings,$37
IRCP,$32,1440253291644,651,100% bullish,of 2 ratings,N/A
IRWD,$10.95,1440253291712,"1,059,107",100% bearish,of 1 rating,$13
COMT,$32.24,1440253291742,"20,256",100% bearish,of 1 rating,N/A
IFAS,$28.76,1440253291773,"9,892",Not yet rated,NULL,N/A
GNMA,$50.25,1440253291799,"2,022",Not yet rated,NULL,N/A
IFEU,$39.05,1440253291842,"52,081",Not yet rated,NULL,N/A
FCHI,$47.8,1440253291870,"4,334",Not yet rated,NULL,N/A
IFNA,$56.26,1440253292008,2,Not yet rated,NULL,N/A
ACWI,$55.66,1440253292069,"1,415,661",Not yet rated,NULL,N/A
AAXJ,$52.27,1440253292136,"1,955,125",Not yet rated,NULL,N/A
IFGL,$28.84,1440253292163,"124,298",Not yet rated,NULL,N/A
ACWX,$40.41,1440253292209,"332,696",100% bearish,of 1 rating,N/A
AXJS,NULL,1440253292237,0,Not yet rated,NULL,N/A
AAIT,$30.53,1440253292299,"1,424",100% bullish,of 1 rating,N/A
EMDI,$46.16,1440253292493,300,Not yet rated,NULL,N/A
EEMA,$48.76,1440253292528,"380,775",Not yet rated,NULL,N/A
EEME,$38.47,1440253292549,"1,248",100% bearish,of 1 rating,N/A
EMEY,$24.77,1440253292625,200,Not yet rated,NULL,N/A
EGRW,$47,1440253292655,"2,678",Not yet rated,NULL,N/A
EVAL,$36.84,1440253292701,"4,617",Not yet rated,NULL,N/A
EEML,$27.35,1440253292755,700,Not yet rated,NULL,N/A
IEUS,$45.52,1440253292846,"8,328",100% bearish,of 1 rating,N/A
EUFN,$21.91,1440253292883,"205,824",100% bearish,of 1 rating,N/A
QAT,$20.45,1440253292978,"23,345",Not yet rated,NULL,N/A
SOXX,$78.63,1440253293043,"710,879",50% bullish,of 2 ratings,N/A
UAE,$17.61,1440253293073,"11,802",Not yet rated,NULL,N/A
IBB,$340.47,1440253293094,"2,475,808",63% bullish,of 8 ratings,N/A
ICLN,$9.42,1440253293229,"40,619",50% bullish,of 2 ratings,N/A
EMIF,$28.27,1440253293259,"15,998",Not yet rated,NULL,N/A
WOOD,$49.3,1440253293285,"53,527",50% bullish,of 2 ratings,N/A
INDY,$27.85,1440253293388,"903,318",50% bullish,of 2 ratings,N/A
ISHG,$80.2,1440253293414,"83,600",100% bearish,of 1 rating,N/A
IGOV,$92.1372,1440253293439,"25,494",100% bearish,of 1 rating,N/A
ISIS,$47.09,1440253293489,"1,346,021",53% bullish,of 15 ratings,$67
ISLE,$16.59,1440253293582,"295,431",50% bullish,of 4 ratings,$16
ITRI,$31.94,1440253293624,"253,746",Not yet rated,NULL,$37
ISRL,$128.55,1440253293652,"1,003",100% bearish,of 1 rating,N/A
ITRN,$24.7,1440253293722,"30,305",50% bullish,of 2 ratings,N/A
XXIA,$15.37,1440253293788,"314,105",71% bullish,of 7 ratings,$14.625
ITUS,$4.16,1440253293821,"6,967",Not yet rated,NULL,N/A
IXYS,$10.57,1440253293921,"247,242",50% bullish,of 4 ratings,N/A
JJSF,$113.14,1440253293953,"100,391",100% bearish,of 1 rating,N/A
MAYS,NULL,1440253293981,0,Not yet rated,NULL,N/A
JBHT,$76.18,1440253294058,"901,669",50% bullish,of 4 ratings,$89.50
JCOM,$69.56,1440253294194,"218,346",100% bullish,of 2 ratings,$77
JASO,$7,1440253294299,"1,435,775",82% bullish,of 17 ratings,$10
JXSB,$24.05,1440253294332,742,Not yet rated,NULL,N/A
JKHY,$68.27,1440253294353,"285,534",50% bullish,of 2 ratings,$72
JACK,$81.43,1440253294390,"546,557",83% bullish,of 6 ratings,$105
JAKK,$9.07,1440253294489,"491,312",60% bearish,of 5 ratings,$11
JAXB,$12.76,1440253294519,"1,300",100% bullish,of 1 rating,N/A
JAGX,$2.5784,1440253294546,"18,491",Not yet rated,NULL,N/A
JMBA,$13.18,1440253294572,"107,503",75% bullish,of 4 ratings,$18
JASN,$4.81,1440253294770,"34,092",50% bullish,of 2 ratings,$9.50
JRVR,$26.32,1440253294798,"51,011",Not yet rated,NULL,$32
ERW,NULL,1440253294845,0,Not yet rated,NULL,N/A
JD,$25.2,1440253294926,"9,448,374",75% bullish,of 16 ratings,$36
JASNW,$0.18,1440253294951,"12,833",50% bullish,of 2 ratings,N/A
JBLU,$21.8,1440253295029,"7,445,018",94% bullish,of 17 ratings,$27
JAZZ,$170.2996,1440253295060,"486,735",80% bullish,of 15 ratings,$206.50
JCTCF,NULL,1440253295158,0,100% bullish,of 1 rating,N/A
JST,$4,1440253295241,"43,984",75% bullish,of 4 ratings,N/A
DATE,$6.47,1440253295271,"197,033",75% bullish,of 4 ratings,$9
WYIGU,$10.0227,1440253295299,100,Not yet rated,NULL,N/A
JTPY,$3.02,1440253295329,"5,165",100% bearish,of 1 rating,N/A
JIVE,$4.1,1440253295359,"633,964",75% bullish,of 4 ratings,$5
JOEZ,$0.185,1440253295433,"70,020",92% bullish,of 12 ratings,N/A
JBSS,$48.96,1440253295574,"138,677",67% bearish,of 3 ratings,N/A
JUNO,$37.59,1440253295665,"1,247,020",73% bullish,of 11 ratings,$71.50
