Symbol,Price,Date,Volume,Rating,RatingVoteCount,OneYearEstimate
FCCY,NULL,1440083402458,0,100% bullish,of 1 rating,$13
TFSCR,NULL,1440083402488,0,Not yet rated,NULL,N/A
FCTY,NULL,1440083402511,0,100% bullish,of 1 rating,$8.50
PIH,$7.51,1440083402533,"1,300",100% bearish,of 1 rating,N/A
TFSCW,NULL,1440083402570,0,100% bearish,of 1 rating,N/A
TFSCU,NULL,1440083402665,0,Not yet rated,NULL,N/A
VNET,$20.08,1440083402798,"86,528",60% bullish,of 5 ratings,$29.50
FLWS,$9.64,1440083402829,"46,107",100% bullish,of 5 ratings,$15
DSLV,$58.852,1440083402860,"7,717",100% bearish,of 1 rating,N/A
TFSC,NULL,1440083402892,0,100% bearish,of 1 rating,N/A
SRCE,$30.19,1440083402928,"2,429",100% bullish,of 3 ratings,$33
TWOU,$34.63,1440083402961,"82,808",50% bullish,of 2 ratings,$39
DGLD,$78.1966,1440083402996,"6,389",100% bullish,of 1 rating,N/A
UGLD,$9.6999,1440083403224,"122,724",100% bearish,of 1 rating,N/A
JOBS,$26.45,1440083403255,"45,266",50% bullish,of 4 ratings,$36
USLV,$15.2542,1440083403361,"121,848",86% bullish,of 7 ratings,N/A
SIXD,$1.99,1440083403540,"35,937",Not yet rated,NULL,N/A
CAFD,$15.33,1440083403566,"44,421",Not yet rated,NULL,$25
EGHT,$8.31,1440083403633,"65,091",82% bullish,of 17 ratings,$11
SHLM,$35.48,1440083403690,"14,444",100% bearish,of 1 rating,$50
AVHI,$13.885,1440083403712,"9,832",100% bearish,of 1 rating,$19
ABAX,$47.49,1440083403743,"34,688",100% bearish,of 1 rating,$60
AAON,$22.49,1440083403799,"8,316",100% bearish,of 1 rating,$24
ABGB,$4.04,1440083403893,"46,247",67% bullish,of 3 ratings,$5.50
ABEO,$5.02,1440083403932,"28,728",67% bullish,of 3 ratings,$15.50
ABY,$20.99,1440083403979,"27,804",100% bearish,of 2 ratings,$46
ABMD,$102.72,1440083404071,"54,447",75% bullish,of 4 ratings,$100.50
ABEOW,NULL,1440083404096,0,100% bullish,of 1 rating,N/A
AXAS,$1.645,1440083404121,"104,180",78% bullish,of 9 ratings,$3.50
ACHC,$77.81,1440083404395,"135,592",50% bullish,of 2 ratings,$92
ACAD,$37.42,1440083404439,"247,522",80% bullish,of 20 ratings,$48
ACTG,$8.72,1440083404527,"42,553",67% bullish,of 3 ratings,$18.50
ACST,$0.3601,1440083404569,"7,400",100% bullish,of 2 ratings,N/A
XLRN,$30.24,1440083404597,"15,341",50% bullish,of 2 ratings,$57
ANCX,$19.105,1440083404659,"8,206",Not yet rated,NULL,$19
AXDX,$18.58,1440083404688,"44,873",100% bearish,of 1 rating,N/A
ARAY,$5.92,1440083404712,"132,061",100% bearish,of 1 rating,$10.50
VXUP,$17.7,1440083404854,"15,008",Not yet rated,NULL,N/A
ACRX,$4.325,1440083404957,"84,705",67% bearish,of 6 ratings,$5.50
VXDN,$13.87,1440083405018,"1,015",Not yet rated,NULL,N/A
AKAO,$6.99,1440083405090,"38,677",75% bullish,of 4 ratings,$15
ACET,$24.9375,1440083405155,"25,726",75% bullish,of 4 ratings,$30
ACIW,$22.47,1440083405230,"46,520",50% bullish,of 2 ratings,$24
ACNB,$20.1088,1440083405256,300,Not yet rated,NULL,N/A
ACHN,$8.2143,1440083405323,"211,359",90% bullish,of 21 ratings,$16
ATVI,$28.105,1440083405430,"1,055,461",68% bullish,of 84 ratings,$31.50
ACPW,$1.87,1440083405463,"3,179",100% bullish,of 4 ratings,$3.50
ACOR,$29.965,1440083405493,"50,441",67% bearish,of 3 ratings,$38.50
ACTA,$13.5,1440083405597,"22,869",67% bearish,of 3 ratings,$25
ACTS,$1.35,1440083405632,"21,785",100% bearish,of 1 rating,N/A
ACUR,$0.618,1440083405731,500,100% bullish,of 5 ratings,$1
ADMP,$3.5209,1440083405860,"2,829",50% bullish,of 2 ratings,$10
ADMS,$20.08,1440083405911,"18,360",100% bearish,of 2 ratings,$36
ACXM,$20.53,1440083405940,"49,427",67% bullish,of 3 ratings,N/A
ADAP,$14.88,1440083406001,"10,202",67% bullish,of 3 ratings,$22
ADMA,$9.6,1440083406202,100,Not yet rated,NULL,$19
ADUS,$29.63,1440083406236,"16,433",100% bearish,of 1 rating,$31
AEY,NULL,1440083406258,0,100% bearish,of 2 ratings,N/A
ADBE,$83.9502,1440083406292,"255,074",65% bullish,of 17 ratings,$90
ADEP,$7.17,1440083406318,"10,384",50% bullish,of 2 ratings,$10.75
ADRO,$20.35,1440083406345,"31,227",80% bullish,of 5 ratings,$45.50
AEIS,$25.4,1440083406614,"23,111",50% bullish,of 2 ratings,$32.50
ADXS,$14.34,1440083406644,"227,097",64% bullish,of 14 ratings,$27
AMD,$1.75,1440083406696,"1,935,887",83% bullish,of 102 ratings,$2
MULT,NULL,1440083406722,0,100% bearish,of 1 rating,N/A
ADXSW,$9.82,1440083406748,"2,030",100% bullish,of 1 rating,N/A
ADTN,$15.515,1440083406773,"74,137",67% bullish,of 3 ratings,$17.125
AEGR,$17.95,1440083406981,"48,333",50% bullish,of 6 ratings,$26
AEGN,$18.61,1440083407015,"23,769",100% bearish,of 1 rating,$21
AMTX,$3.38,1440083407086,"3,915",50% bullish,of 2 ratings,$26.11
YPRO,$23.24,1440083407111,200,100% bearish,of 1 rating,N/A
AEPI,$56.64,1440083407147,"1,836",100% bearish,of 1 rating,N/A
AEHR,$2.1364,1440083407173,"1,069",50% bullish,of 2 ratings,N/A
AERI,$16.04,1440083407243,"94,756",75% bullish,of 4 ratings,$31.50
AVAV,$24.98,1440083407323,"28,254",50% bullish,of 4 ratings,$31
AEZS,$0.1063,1440083407430,"2,673,468",90% bullish,of 21 ratings,$1.50
AEMD,$7.01,1440083407562,"1,100",Not yet rated,NULL,$27.50
AFFX,$9.511,1440083407803,"39,435",80% bullish,of 5 ratings,$12
AFMD,$10.44,1440083407853,"85,841",50% bullish,of 4 ratings,$15
AGIO,$90.51,1440083408026,"79,630",88% bullish,of 8 ratings,$114
AGYS,$9.52,1440083408055,"2,054",100% bearish,of 1 rating,N/A
AGFSW,$1.77,1440083408086,"5,245",100% bearish,of 2 ratings,N/A
AGEN,$7.4,1440083408108,"99,519",85% bullish,of 13 ratings,$14
AGRX,$8.3638,1440083408143,"8,228",100% bearish,of 1 rating,$17.50
AGFS,$9.605,1440083408185,"28,597",100% bearish,of 1 rating,N/A
AIMT,$22.8489,1440083408274,"69,520",Not yet rated,NULL,N/A
AIRM,$38.37,1440083408412,"30,031",80% bearish,of 5 ratings,$53
AIRT,$22.7,1440083408486,251,100% bullish,of 1 rating,N/A
ATSG,$9.36,1440083408513,"17,413",67% bullish,of 3 ratings,$13
AMCN,$4.97,1440083408539,"107,897",83% bullish,of 6 ratings,N/A
AKAM,$71.01,1440083408725,"368,860",63% bullish,of 8 ratings,$77
AIXG,$6.16,1440083408779,"3,628",67% bearish,of 3 ratings,$6
AKBA,$6.6,1440083408855,"63,718",100% bearish,of 1 rating,$18
ALSK,$2.135,1440083408891,"25,016",78% bullish,of 18 ratings,$2
AKRX,$42.57,1440083408913,"102,027",78% bullish,of 9 ratings,$56
ALRM,$17.07,1440083408996,"101,300",100% bearish,of 1 rating,$22
AKER,$2.83,1440083409033,"1,427",Not yet rated,NULL,N/A
AMRI,$20.09,1440083409063,"22,892",75% bearish,of 4 ratings,$24
ABDC,$12.95,1440083409138,"3,211",Not yet rated,NULL,$15
ALDR,$37.85,1440083409238,"74,817",67% bearish,of 3 ratings,$62
ADHD,$8.76,1440083409269,"26,802",50% bullish,of 4 ratings,$18
ALDX,$7.685,1440083409399,"5,400",100% bearish,of 1 rating,$14.50
ALCO,$41.76,1440083409571,"1,012",50% bullish,of 2 ratings,N/A
ALXA,$1.14,1440083409600,"5,720",83% bullish,of 6 ratings,$2.125
ALGN,$58.98,1440083409629,"82,812",100% bearish,of 2 ratings,$73
ALXN,$184.01,1440083409677,"163,087",88% bullish,of 8 ratings,$223
ALLB,$23.59,1440083409765,200,Not yet rated,NULL,N/A
ALGT,$222,1440083409807,"21,355",100% bearish,of 1 rating,$235
ALIM,$3.4891,1440083409836,"18,792",80% bullish,of 5 ratings,$10
ALKS,$64.84,1440083409901,"121,761",67% bullish,of 3 ratings,$75
AFOP,$18.0233,1440083409982,"30,257",75% bullish,of 8 ratings,$21
AHGP,$36.751,1440083410083,"16,122",67% bullish,of 3 ratings,N/A
AIQ,$14.87,1440083410111,625,67% bullish,of 3 ratings,N/A
ARLP,$24.6284,1440083410242,"36,843",67% bearish,of 3 ratings,$32
ALQA,$4.52,1440083410347,"11,052",75% bullish,of 4 ratings,$8.50
AMOT,$16.68,1440083410406,"16,186",100% bearish,of 1 rating,N/A
AHPI,$1.44,1440083410432,700,50% bullish,of 2 ratings,N/A
ALNY,$107.71,1440083410654,"173,693",67% bullish,of 3 ratings,$148.50
MDRX,$13.96,1440083410680,"289,543",60% bullish,of 5 ratings,$16
ALLT,$5.03,1440083410735,"15,647",75% bullish,of 4 ratings,$6.25
AFAM,$47.74,1440083410761,"8,768",50% bullish,of 2 ratings,$44
SMCP,NULL,1440083410831,0,Not yet rated,NULL,N/A
ATEC,$0.59,1440083410932,"6,350",100% bullish,of 1 rating,$2
AOSL,$7.26,1440083410962,"10,597",67% bullish,of 3 ratings,$9
ALTR,$49.15,1440083410988,"398,493",80% bearish,of 5 ratings,$54
AIMC,$25.87,1440083411140,"1,759",100% bearish,of 1 rating,$28.50
ASPS,$29.76,1440083411198,"15,352",67% bullish,of 3 ratings,$46.50
AMRN,$2.095,1440083411271,"317,895",85% bullish,of 39 ratings,$8
AMAG,$62.54,1440083411299,"43,034",100% bullish,of 2 ratings,$77.50
AMRK,NULL,1440083411446,0,50% bullish,of 2 ratings,$14
AMBC,$16.04,1440083411472,"37,598",100% bearish,of 1 rating,$16.50
AMZN,$522.88,1440083411504,"869,742",81% bullish,of 263 ratings,$646
AYA,$22.18,1440083411531,"12,172",100% bearish,of 1 rating,$40
AMBCW,NULL,1440083411605,0,100% bearish,of 1 rating,N/A
AMCX,$70.39,1440083411677,"222,720",67% bullish,of 3 ratings,$85.50
AMBA,$100.3,1440083411925,"614,163",83% bullish,of 12 ratings,$102.50
AMED,$41.54,1440083411956,"84,137",100% bearish,of 1 rating,$42
AMDA,$0.4924,1440083411986,"486,357",90% bullish,of 10 ratings,$1
EPAX,$2.67,1440083412008,"2,513",100% bearish,of 1 rating,N/A
UHAL,$372.235,1440083412061,"4,641",100% bullish,of 2 ratings,$393.50
DOX,$59.5625,1440083412152,"46,895",100% bullish,of 2 ratings,$60
ASBI,$22.65,1440083412181,600,Not yet rated,NULL,N/A
ATAX,$5.27,1440083412308,"21,804",100% bullish,of 1 rating,$6.50
AAL,$43.03,1440083412411,"1,454,123",93% bullish,of 87 ratings,$57
AGNC,$19.995,1440083412455,"1,231,865",71% bullish,of 28 ratings,$22
AGNCB,$24.15,1440083412481,"1,400",Not yet rated,NULL,N/A
AGNCP,$25.432,1440083412616,"1,472",Not yet rated,NULL,N/A
MTGE,$15.945,1440083412648,"37,810",75% bullish,of 4 ratings,$19.50
AMOV,$18.44,1440083412672,"2,245",100% bearish,of 1 rating,N/A
MTGEP,NULL,1440083412747,0,Not yet rated,NULL,N/A
ACSF,$12.74,1440083412807,"1,976",100% bearish,of 1 rating,$15
ACAS,$14.28,1440083412951,"427,711",60% bullish,of 5 ratings,$16.75
ANCI,NULL,1440083412979,0,100% bearish,of 1 rating,N/A
AETI,NULL,1440083413143,0,67% bearish,of 3 ratings,N/A
AMIC,NULL,1440083413229,0,Not yet rated,NULL,N/A
APEI,$21.68,1440083413270,"6,930",100% bearish,of 1 rating,$25.50
AMNB,$23.03,1440083413295,744,Not yet rated,NULL,$25.50
ANAT,$102.45,1440083413322,"2,455",100% bullish,of 1 rating,N/A
ARII,$39.38,1440083413356,"37,386",67% bearish,of 3 ratings,$45
AMRB,$10.002,1440083413456,583,Not yet rated,NULL,$11
ASEI,$39.17,1440083413498,"19,318",100% bearish,of 1 rating,$52.50
AMSC,$3.77,1440083413682,"7,842",50% bullish,of 4 ratings,N/A
AMSWA,$9.38,1440083413734,"1,733",100% bearish,of 2 ratings,$10.75
AMWD,$62.97,1440083413764,"34,506",50% bullish,of 2 ratings,$58
CRMT,$43.0785,1440083413870,"5,140",100% bearish,of 1 rating,$49
ABCB,$27.78,1440083413934,"10,138",Not yet rated,NULL,$31
AMSF,$50.48,1440083413966,"12,247",Not yet rated,NULL,$57.50
ASRV,$3.3,1440083413993,160,100% bullish,of 2 ratings,N/A
ASRVP,NULL,1440083414068,0,Not yet rated,NULL,N/A
AMGN,$164.61,1440083414123,"522,459",89% bullish,of 19 ratings,$185
ATLO,$23.6228,1440083414221,"2,259",Not yet rated,NULL,N/A
AMPH,$14.44,1440083414290,"43,627",50% bullish,of 2 ratings,$20
FOLD,$15.7,1440083414316,"191,970",56% bullish,of 9 ratings,$21
AMSG,$82.93,1440083414348,"44,429",100% bearish,of 1 rating,$85.50
AMKR,$4.29,1440083414374,"197,450",100% bearish,of 2 ratings,$5
AMSGP,NULL,1440083414679,0,Not yet rated,NULL,N/A
AFSI,$64.147,1440083414712,"100,071",60% bullish,of 5 ratings,$72
ANAC,$131.5,1440083414739,"113,141",80% bullish,of 5 ratings,$180.50
ASYS,$5.67,1440083414777,"17,070",67% bullish,of 3 ratings,$12
AMRS,$1.64,1440083414806,"28,705",70% bullish,of 10 ratings,N/A
ANAD,$0.38,1440083414874,"87,479",100% bullish,of 2 ratings,$.50
ADI,$56.08,1440083414941,"1,151,030",67% bullish,of 3 ratings,$69
ANCB,NULL,1440083414979,0,Not yet rated,NULL,$23
ANGO,$14.82,1440083415210,"7,601",67% bullish,of 3 ratings,$19
ANGI,$4.298,1440083415243,"84,121",64% bullish,of 11 ratings,$5.50
ALOG,$83.315,1440083415273,"14,548",100% bearish,of 2 ratings,$100.50
AMCF,$0.2599,1440083415302,"1,284",100% bullish,of 7 ratings,N/A
ABCW,$40.06,1440083415324,"3,557",67% bullish,of 3 ratings,N/A
ANIP,$53.48,1440083415360,"29,507",89% bullish,of 19 ratings,$66
ANIK,$35.4699,1440083415493,"23,224",60% bullish,of 5 ratings,$51.25
ANSS,$94.31,1440083415652,"95,767",100% bearish,of 1 rating,$100
ANTH,$8.39,1440083415719,"229,950",80% bullish,of 10 ratings,$13
ABAC,$0.79,1440083415746,"6,310",100% bearish,of 1 rating,N/A
ATNY,NULL,1440083415772,0,50% bullish,of 2 ratings,$3.75
ATRS,$1.84,1440083415822,"103,597",92% bullish,of 12 ratings,$4.50
APIC,$7.12,1440083415903,"51,505",100% bearish,of 1 rating,$19
APOG,$52.25,1440083416035,"31,367",100% bullish,of 1 rating,$62
AINV,$6.545,1440083416106,"422,630",50% bullish,of 4 ratings,$8
AAPL,$112.53,1440083416192,"14,197,484",86% bullish,of 2335 ratings,$150
APOL,$11.11,1440083416235,"261,139",87% bearish,of 68 ratings,$14
APPF,$17.29,1440083416262,"6,053",50% bullish,of 2 ratings,$22
ARCI,$1.25,1440083416389,200,Not yet rated,NULL,N/A
APDN,$3.2501,1440083416414,"13,019",Not yet rated,NULL,$9
APDNW,NULL,1440083416490,0,Not yet rated,NULL,N/A
AGTC,$15.8,1440083416629,"54,689",50% bullish,of 2 ratings,$33
AMCC,$5.415,1440083416691,"76,513",80% bullish,of 5 ratings,$8
AMAT,$16.295,1440083416731,"1,818,804",82% bullish,of 11 ratings,$23
AREX,$2.3701,1440083416757,"102,783",100% bearish,of 1 rating,$3
APRI,$1.257,1440083416825,"72,317",83% bullish,of 6 ratings,$4.86
AAOI,$21.02,1440083416855,"73,518",50% bullish,of 4 ratings,$26
APTO,$4.97,1440083416958,"4,250",Not yet rated,NULL,$17
AQMS,$5.35,1440083417126,"2,485",Not yet rated,NULL,N/A
AQXP,$16.3971,1440083417155,"157,387",50% bullish,of 2 ratings,$2
AUMA,NULL,1440083417185,0,Not yet rated,NULL,N/A
AUMAW,NULL,1440083417284,0,Not yet rated,NULL,N/A
AUMAU,NULL,1440083417311,0,Not yet rated,NULL,N/A
ARDM,$7.21,1440083417366,"1,700",100% bullish,of 1 rating,$26
PETX,$16.995,1440083417499,"49,465",100% bearish,of 2 ratings,$26
ABUS,$7.34,1440083417528,"83,864",86% bullish,of 14 ratings,$23
ARCW,$3.59,1440083417555,995,100% bearish,of 2 ratings,$10.50
RKDA,$5.9,1440083417690,"2,903",100% bearish,of 2 ratings,$10
ARCB,$30.92,1440083417724,"36,172",50% bullish,of 2 ratings,$39.50
ACGL,$72.57,1440083417822,"40,085",50% bullish,of 2 ratings,$72
ABIO,$0.9199,1440083417865,"34,648",50% bullish,of 2 ratings,$3.75
ACAT,$27.995,1440083417891,"24,602",100% bearish,of 3 ratings,$33
ARDX,$18.055,1440083417955,"13,111",50% bullish,of 2 ratings,$24.50
ARNA,$2.9464,1440083417982,"484,736",90% bullish,of 77 ratings,$5.50
ARCC,$15.85,1440083418285,"121,105",67% bearish,of 3 ratings,$17.875
AGIIL,$25.35,1440083418333,417,Not yet rated,NULL,N/A
ARKR,NULL,1440083418386,0,50% bullish,of 2 ratings,N/A
ARIA,$7.02,1440083418471,"501,257",87% bullish,of 46 ratings,$9
ARIS,$3.31,1440083418497,"2,325",Not yet rated,NULL,$4.50
ARGS,$5.739,1440083418528,"41,644",50% bullish,of 2 ratings,$19.50
AGII,$58.45,1440083418630,"24,302",Not yet rated,NULL,$59.50
ARMH,$42.18,1440083418667,"482,551",54% bearish,of 13 ratings,$61
ARWA,NULL,1440083418713,0,Not yet rated,NULL,N/A
ARTX,$1.5,1440083418805,"20,446",88% bullish,of 16 ratings,$4.50
ARWAU,NULL,1440083418940,0,100% bullish,of 1 rating,N/A
ARWAR,NULL,1440083418972,0,Not yet rated,NULL,N/A
ARWAW,NULL,1440083418998,0,Not yet rated,NULL,N/A
ARQL,$1.6699,1440083419069,"11,802",75% bullish,of 4 ratings,$5
ARRY,$5.4785,1440083419173,"211,564",100% bullish,of 7 ratings,$10
ARRS,$27.4,1440083419233,"157,990",50% bullish,of 2 ratings,$38
DWAT,NULL,1440083419338,0,100% bearish,of 1 rating,N/A
AROW,$27.303,1440083419370,"1,895",Not yet rated,NULL,N/A
ARTNA,$22.56,1440083419400,"6,189",100% bearish,of 1 rating,$29
ARWR,$5.5605,1440083419472,"184,850",75% bullish,of 4 ratings,$10.50
ASBB,$23.72,1440083419498,305,Not yet rated,NULL,N/A
ARTW,NULL,1440083419549,0,75% bearish,of 4 ratings,N/A
ASNA,$11.74,1440083419765,"441,625",50% bullish,of 2 ratings,$18
ASTI,$0.125,1440083419915,"466,325",83% bullish,of 6 ratings,$3
ASCMA,$27.92,1440083419942,"11,870",100% bearish,of 1 rating,$45
ASND,$17.81,1440083419964,"4,255",100% bullish,of 1 rating,$30
APWC,$2,1440083420005,600,100% bearish,of 1 rating,N/A
ASML,$88.98,1440083420199,"298,798",67% bullish,of 3 ratings,$127
ASMI,$36.57,1440083420230,300,50% bullish,of 2 ratings,N/A
AZPN,$38.885,1440083420331,"98,743",50% bullish,of 2 ratings,$42
ASFI,$9.02,1440083420359,610,100% bullish,of 1 rating,N/A
ALOT,$12.3001,1440083420409,300,100% bearish,of 1 rating,N/A
ASMB,$13.41,1440083420491,"19,996",67% bullish,of 3 ratings,N/A
ATRO,$54.03,1440083420525,"22,916",100% bearish,of 2 ratings,$80
ASTE,$36.94,1440083420554,"4,698",100% bearish,of 1 rating,$48
ASTC,$2.31,1440083420623,"3,020",100% bullish,of 5 ratings,N/A
ASUR,$5.925,1440083420706,"2,158",100% bearish,of 1 rating,$8
ATAI,$2.94,1440083420774,"9,883",100% bearish,of 1 rating,N/A
ATHN,$137.43,1440083421039,"18,901",67% bearish,of 3 ratings,$153
ATHX,$1.17,1440083421075,"53,935",89% bullish,of 9 ratings,$5
ATRA,$45.86,1440083421102,"21,872",50% bullish,of 2 ratings,$68
AAPC,$10.2,1440083421124,170,Not yet rated,NULL,N/A
AFCB,NULL,1440083421158,0,Not yet rated,NULL,N/A
AAME,$3.44,1440083421188,104,Not yet rated,NULL,N/A
ATLC,$3.98,1440083421210,492,67% bullish,of 3 ratings,N/A
ACFC,$6.29,1440083421256,"20,814",Not yet rated,NULL,$6.50
AFH,$16.99,1440083421530,"2,786",Not yet rated,NULL,$21.50
AAWW,$42.645,1440083421578,"137,789",50% bullish,of 2 ratings,$65
ATNI,$73.81,1440083421604,"8,222",100% bearish,of 1 rating,$69.50
ATML,$7.49,1440083421745,"878,605",78% bullish,of 9 ratings,$9.50
ATRC,$26.74,1440083421793,"19,617",100% bullish,of 1 rating,$30
ATOS,$0.9,1440083421954,"76,892",100% bullish,of 7 ratings,$7
ATRI,$394.45,1440083421982,501,Not yet rated,NULL,N/A
ATTU,$14.695,1440083422016,"3,910",100% bearish,of 1 rating,$20.50
ATRM,$2.9,1440083422041,140,50% bullish,of 2 ratings,N/A
LIFE,$14.66,1440083422068,"7,894",86% bullish,of 7 ratings,$43
AUBN,$27.21,1440083422113,100,Not yet rated,NULL,N/A
AUPH,$3.35,1440083422244,"2,600",100% bearish,of 1 rating,$8
AUDC,$3.23,1440083422271,"25,977",80% bullish,of 5 ratings,$5
ABTL,$18.96,1440083422336,"18,503",100% bullish,of 4 ratings,$20.25
EARS,$4.99,1440083422406,"26,845",100% bearish,of 2 ratings,$11.50
ADAT,$0.1311,1440083422431,"45,169",100% bullish,of 2 ratings,N/A
AVEO,$1.4201,1440083422680,"336,499",75% bullish,of 8 ratings,$3
AVGO,$118.78,1440083422714,"560,069",88% bullish,of 8 ratings,$160
ADSK,$53.44,1440083422746,"205,435",83% bullish,of 6 ratings,$69.50
AVNU,NULL,1440083422776,0,Not yet rated,NULL,$14
AAVL,$10.59,1440083422797,"51,894",100% bearish,of 1 rating,$20
ADP,$83.26,1440083422831,"383,750",100% bearish,of 1 rating,$88
AVNW,$1.12,1440083422860,"6,916",50% bullish,of 2 ratings,$2.20
CAR,$45.05,1440083423091,"340,891",80% bullish,of 5 ratings,$60
AVGR,$15.3,1440083423117,"13,669",100% bearish,of 1 rating,$20
AVID,$8.04,1440083423143,"31,362",100% bearish,of 1 rating,$20
AWRE,$3.185,1440083423169,"5,194",67% bullish,of 3 ratings,N/A
ACLS,$3.3399,1440083423356,"162,741",67% bullish,of 6 ratings,$4.75
AXPW,$1.141,1440083423497,"21,278",83% bullish,of 6 ratings,N/A
AXGN,$3.8211,1440083423526,"5,350",Not yet rated,NULL,$5
BOSC,$2.4199,1440083423562,"1,800",50% bullish,of 2 ratings,N/A
AXPWW,NULL,1440083423584,0,Not yet rated,NULL,N/A
RILY,$10,1440083423617,5,Not yet rated,NULL,N/A
BCOM,NULL,1440083423652,0,100% bearish,of 1 rating,N/A
AXTI,$2.15,1440083423682,"3,030",50% bullish,of 2 ratings,$2.75
BEAV,$49.99,1440083423755,"80,836",67% bearish,of 3 ratings,$59
BIDU,$158.8036,1440083423859,"1,252,778",81% bullish,of 88 ratings,$215
BWINA,NULL,1440083423991,0,Not yet rated,NULL,N/A
BCPC,$59.63,1440083424069,"15,187",100% bearish,of 1 rating,$75
BWINB,$23.04,1440083424159,48,Not yet rated,NULL,N/A
BANF,$62.28,1440083424199,306,Not yet rated,NULL,$68
BLDP,$1.31,1440083424233,"100,748",91% bullish,of 22 ratings,$2.50
BANFP,NULL,1440083424303,0,Not yet rated,NULL,N/A
BKMU,$7.25,1440083424330,"13,827",Not yet rated,NULL,$8
BOCH,$5.75,1440083424357,"7,890",Not yet rated,NULL,$6.50
BMRC,$48.59,1440083424487,"3,068",Not yet rated,NULL,$52
BKSC,NULL,1440083424514,0,Not yet rated,NULL,N/A
OZRK,$41.96,1440083424559,"31,180",67% bullish,of 3 ratings,$49.50
BOTJ,NULL,1440083424589,0,Not yet rated,NULL,N/A
BWFG,$18.25,1440083424690,"1,627",100% bearish,of 1 rating,N/A
BFIN,$11.95,1440083424719,"2,106",Not yet rated,NULL,$13
BANR,$45.4155,1440083424746,"5,610",100% bullish,of 3 ratings,$50
BZUN,$6.309,1440083424890,"251,423",50% bullish,of 2 ratings,$13.85
BHAC,NULL,1440083425190,0,Not yet rated,NULL,N/A
TAPR,$29.856,1440083425247,200,100% bearish,of 1 rating,N/A
BHACW,NULL,1440083425277,0,Not yet rated,NULL,N/A
BYBK,NULL,1440083425309,0,100% bearish,of 1 rating,N/A
BHACR,NULL,1440083425330,0,Not yet rated,NULL,N/A
BSET,$30.49,1440083425352,"29,384",100% bearish,of 1 rating,$35
BHACU,$10.19,1440083425393,200,Not yet rated,NULL,N/A
BBSI,$33.915,1440083425419,"19,411",67% bearish,of 3 ratings,$62.50
BYLK,$12.96,1440083425584,"1,904",Not yet rated,NULL,$14
BV,$5.17,1440083425653,"45,352",67% bullish,of 6 ratings,$9
BBCN,$15.22,1440083425678,"22,473",100% bearish,of 1 rating,$16
BCBP,$11.7,1440083425814,"3,754",Not yet rated,NULL,N/A
BSF,$8.94,1440083425993,"2,542",Not yet rated,NULL,N/A
BECN,$36.475,1440083426029,"58,618",50% bullish,of 2 ratings,$40
BDCV,$4.991,1440083426050,980,100% bearish,of 1 rating,$10.19
BBBY,$63.22,1440083426084,"367,260",71% bullish,of 7 ratings,$75
BELFA,NULL,1440083426119,0,100% bearish,of 1 rating,N/A
BBGI,$4.8499,1440083426141,100,100% bearish,of 1 rating,N/A
BEBE,$1.82,1440083426174,"13,995",75% bullish,of 4 ratings,$3.075
BELFB,$19.75,1440083426216,"3,119",100% bearish,of 1 rating,N/A
BLPH,$5.38,1440083426394,"25,274",100% bearish,of 1 rating,$12.50
BLCM,$18.17,1440083426421,"17,013",50% bullish,of 4 ratings,$40
BNCL,$12.81,1440083426501,"80,488",100% bullish,of 3 ratings,$12.50
BNFT,$38.01,1440083426655,"15,618",67% bullish,of 3 ratings,$46
BNTC,$8.37,1440083426736,"56,893",100% bullish,of 1 rating,N/A
BGMD,$0.7769,1440083426792,"117,606",100% bullish,of 10 ratings,N/A
BIND,$4.64,1440083426822,"11,502",67% bullish,of 3 ratings,$13.50
BGCP,$9.36,1440083426847,"164,601",88% bullish,of 8 ratings,$14
BGFV,$11.27,1440083426894,"16,058",57% bullish,of 7 ratings,$12
BCDA,NULL,1440083426978,0,Not yet rated,NULL,N/A
ORPN,$5.43,1440083427010,"4,350",100% bullish,of 1 rating,$28.50
BIOC,$2.03,1440083427170,"404,780",83% bullish,of 6 ratings,$3.85
BASI,$1.34,1440083427238,"5,908",Not yet rated,NULL,N/A
BCRX,$11.89,1440083427266,"68,537",63% bullish,of 8 ratings,$18
BIOD,$0.6897,1440083427288,"38,514",80% bullish,of 5 ratings,$4
BDSI,$6.4,1440083427322,"149,009",88% bullish,of 8 ratings,$17
BIOL,$1.5,1440083427490,"23,666",Not yet rated,NULL,N/A
BIIB,$313.675,1440083427526,"267,050",88% bullish,of 16 ratings,$400
BLRX,$1.4502,1440083427625,"84,450",100% bullish,of 12 ratings,$5
BLFS,$2.08,1440083427654,"8,700",100% bearish,of 1 rating,$4.75
BVXVW,$0.704,1440083427785,"2,000",100% bearish,of 1 rating,N/A
BMRN,$133.81,1440083427814,"206,697",80% bullish,of 5 ratings,$160
BVXV,$4,1440083427842,"4,200",Not yet rated,NULL,N/A
BPTH,$1.16,1440083427880,"2,044",100% bullish,of 2 ratings,$5
BBC,$31.5,1440083428108,"4,652",Not yet rated,NULL,N/A
BRLI,NULL,1440083428148,0,83% bullish,of 6 ratings,N/A
BIOS,$1.655,1440083428176,"322,203",71% bullish,of 7 ratings,$4
BBP,$33.331,1440083428203,"3,766",Not yet rated,NULL,N/A
BSPM,$0.6684,1440083428243,"2,100",50% bullish,of 2 ratings,N/A
BSTC,$50.46,1440083428276,"14,172",100% bearish,of 1 rating,$76
BOTA,$2.368,1440083428383,"44,866",88% bullish,of 8 ratings,N/A
TECH,$104.5,1440083428431,"11,125",100% bullish,of 1 rating,$117
BEAT,$13.18,1440083428591,"171,828",67% bearish,of 3 ratings,$15
BITI,$18.83,1440083428617,"15,775",100% bullish,of 1 rating,$28
BJRI,$46.74,1440083428655,"25,821",50% bullish,of 2 ratings,$55
BDMS,NULL,1440083428753,0,100% bearish,of 1 rating,N/A
BBOX,$15.59,1440083428799,"6,763",100% bearish,of 1 rating,N/A
BLKB,$60.24,1440083428826,"27,445",100% bearish,of 2 ratings,$66
BDE,$7.54,1440083428855,"17,444",50% bullish,of 2 ratings,$9
BBRY,$7.3,1440083428885,"1,078,811",61% bullish,of 330 ratings,$9
BKCC,$9.29,1440083429019,"40,119",100% bullish,of 2 ratings,$10
ADRA,$27.77,1440083429051,908,Not yet rated,NULL,N/A
HAWK,$44.42,1440083429151,"103,267",90% bullish,of 10 ratings,$49
ADRD,$22.8701,1440083429222,"1,373",100% bearish,of 1 rating,N/A
ADRU,NULL,1440083429289,0,100% bearish,of 1 rating,N/A
BLMN,$21.3,1440083429390,"121,876",83% bullish,of 6 ratings,$27.50
ADRE,$30.39,1440083429416,"2,300",Not yet rated,NULL,N/A
BCOR,$13.57,1440083429547,"29,324",57% bullish,of 7 ratings,$15
BLBD,$11.95,1440083429580,"1,800",Not yet rated,NULL,N/A
BUFF,$26.23,1440083429610,"48,671",83% bullish,of 12 ratings,$31.50
BBLU,$0.88,1440083429638,"11,122",100% bullish,of 2 ratings,$4.43
BHBK,$14.24,1440083429679,"10,629",100% bullish,of 1 rating,$14.50
BKEP,$6.87,1440083429847,"7,831",100% bearish,of 1 rating,$8.50
NILE,$34.88,1440083429900,"9,413",50% bullish,of 2 ratings,$34
BLUE,$126.11,1440083429931,"223,470",71% bullish,of 7 ratings,$217.50
BKEPP,$7.75,1440083430034,"9,900",100% bearish,of 1 rating,N/A
BNCN,$21.35,1440083430077,"5,271",Not yet rated,NULL,$23
BPMC,$26.945,1440083430103,"16,863",50% bullish,of 2 ratings,$47.50
BOBE,$45.36,1440083430244,"17,474",75% bullish,of 4 ratings,$57
BOFI,$130.46,1440083430315,"30,314",100% bullish,of 6 ratings,$144
BOJA,$21.17,1440083430353,"72,831",100% bullish,of 1 rating,$30
WIFI,$8.32,1440083430376,"116,613",50% bullish,of 2 ratings,$13.50
BOKF,$63.25,1440083430410,"19,824",100% bearish,of 1 rating,$71
BNSO,$1.4199,1440083430463,"1,002",100% bearish,of 1 rating,N/A
BONA,$11.905,1440083430507,"88,680",75% bullish,of 4 ratings,$8.50
BAMM,$3.1797,1440083430618,665,60% bullish,of 5 ratings,N/A
BPFH,$12.31,1440083430646,"119,685",100% bearish,of 1 rating,$14
BPFHP,NULL,1440083430721,0,100% bearish,of 1 rating,N/A
EPAY,$26.235,1440083430855,"15,309",100% bearish,of 2 ratings,$30
BPFHW,NULL,1440083430884,0,100% bearish,of 1 rating,N/A
BDBD,$8.61,1440083430990,"101,767",60% bullish,of 5 ratings,$10
BBRG,$13.0616,1440083431030,"10,147",67% bullish,of 3 ratings,$14.50
BBEPP,$13.57,1440083431120,"8,908",100% bearish,of 1 rating,N/A
BBEP,$2.4396,1440083431148,"623,398",69% bullish,of 13 ratings,$5.625
BCLI,$3.12,1440083431170,"25,083",80% bullish,of 5 ratings,$12
BDGE,$27.62,1440083431209,"2,871",Not yet rated,NULL,$31.75
BRID,NULL,1440083431302,0,100% bearish,of 1 rating,N/A
BLIN,$1.34,1440083431357,"14,977",50% bullish,of 2 ratings,$2.20
BRCM,$50.515,1440083431519,"806,421",75% bullish,of 12 ratings,$56
BCOV,$5.36,1440083431547,"40,994",67% bullish,of 3 ratings,$10.20
BSFT,$32.315,1440083431574,"11,372",57% bullish,of 7 ratings,$40.50
BYFC,$1.49,1440083431722,"13,810",50% bullish,of 2 ratings,N/A
BWEN,$3.45,1440083431788,"7,311",100% bullish,of 3 ratings,$8
BVSN,$5.98,1440083431821,8,60% bearish,of 5 ratings,N/A
BRKR,$19.72,1440083431878,"249,173",100% bearish,of 2 ratings,$22
BRCD,$9.93,1440083431917,"1,742,621",92% bullish,of 13 ratings,$12.50
BRKL,$10.8699,1440083431955,"28,456",100% bearish,of 1 rating,$10.75
BRKS,$10.47,1440083431986,"30,224",67% bullish,of 3 ratings,$15.25
BLMT,$20.91,1440083432117,"2,742",Not yet rated,NULL,N/A
BMTC,$29.42,1440083432145,"4,748",Not yet rated,NULL,$34
BSQR,$6.52,1440083432172,"38,341",67% bullish,of 3 ratings,N/A
BWLD,$194.46,1440083432325,"59,129",82% bullish,of 11 ratings,$205
BLDR,$15.26,1440083432355,"292,639",50% bullish,of 2 ratings,$22
BUR,NULL,1440083432394,0,100% bearish,of 1 rating,$8
CFFI,NULL,1440083432523,0,100% bearish,of 1 rating,N/A
CA,$28.68,1440083432554,"285,814",50% bullish,of 4 ratings,$33
CDNS,$21,1440083432655,"256,049",75% bullish,of 4 ratings,$22.50
CHRW,$69.3901,1440083432717,"283,215",Not yet rated,NULL,$72
CCMP,$44.64,1440083432787,"17,926",50% bullish,of 2 ratings,$59
CZR,$6.89,1440083432852,"201,005",60% bearish,of 5 ratings,$10.50
CDZI,$7.45,1440083432882,"5,850",100% bearish,of 1 rating,N/A
CSTE,$42.6701,1440083432914,"293,584",100% bearish,of 1 rating,$65
PRSS,$4.53,1440083432945,529,80% bullish,of 5 ratings,$4.50
CACQ,$7.11,1440083433008,"6,491",100% bearish,of 1 rating,$12.25
CLBS,$1.35,1440083433107,"30,264",79% bullish,of 14 ratings,$4
CLMS,$11.85,1440083433176,"5,066",Not yet rated,NULL,$10.50
CHY,$11.7399,1440083433204,"67,893",Not yet rated,NULL,N/A
CHI,$11,1440083433338,"31,735",100% bearish,of 1 rating,N/A
CCD,$20.97,1440083433376,"16,601",Not yet rated,NULL,N/A
CFGE,NULL,1440083433471,0,Not yet rated,NULL,N/A
CGO,$12.49,1440083433503,"8,966",100% bearish,of 1 rating,N/A
CAMP,$16.24,1440083433608,"62,286",88% bullish,of 8 ratings,$25
CSQ,$10.3399,1440083433647,"93,843",Not yet rated,NULL,N/A
CVGW,$54.2,1440083433677,"40,423",50% bullish,of 2 ratings,$58.50
CHW,$7.88,1440083433710,"73,559",100% bearish,of 1 rating,N/A
CALA,$5.2,1440083433751,"81,246",100% bullish,of 3 ratings,$19.50
CFNB,NULL,1440083433811,0,100% bearish,of 1 rating,N/A
CALD,$15.8,1440083433915,"37,546",100% bearish,of 1 rating,$20.50
CALM,$50.02,1440083434016,"85,566",80% bullish,of 5 ratings,$65
CLMT,$26.2399,1440083434049,"32,008",75% bullish,of 8 ratings,$31
ABCD,$4.83,1440083434122,"37,755",83% bullish,of 6 ratings,N/A
CAMB,$9.95,1440083434148,400,Not yet rated,NULL,N/A
CAMBU,NULL,1440083434221,0,100% bearish,of 1 rating,N/A
CAMBW,NULL,1440083434326,0,Not yet rated,NULL,N/A
CAC,$39.99,1440083434388,777,Not yet rated,NULL,N/A
CAMT,$2.9,1440083434416,"11,370",73% bullish,of 11 ratings,$4
CSIQ,$19.215,1440083434479,"1,204,589",86% bullish,of 28 ratings,$45
CPHC,NULL,1440083434561,0,100% bearish,of 1 rating,N/A
CPLA,$48.8653,1440083434690,"7,693",50% bullish,of 2 ratings,$65
CBNJ,NULL,1440083434719,0,100% bullish,of 1 rating,N/A
CGIX,$10.0851,1440083434756,"11,890",67% bullish,of 3 ratings,$14.375
CBF,$30.02,1440083434888,"24,966",Not yet rated,NULL,$32
CCBG,$15,1440083434919,"2,465",Not yet rated,NULL,$17.25
CPLP,$6.9688,1440083435018,"181,261",71% bullish,of 7 ratings,$11
CSWC,$47.73,1440083435100,"3,999",Not yet rated,NULL,N/A
CAPN,$2.3,1440083435259,"102,934",100% bullish,of 1 rating,$10.85
CPTA,$14.68,1440083435289,"17,043",Not yet rated,NULL,$18.50
CFFN,$12.03,1440083435324,"74,604",Not yet rated,NULL,$12.75
CPST,$0.3967,1440083435352,"192,586",95% bullish,of 22 ratings,$1
CAPNW,$0.5,1440083435392,"2,600",Not yet rated,NULL,N/A
CARA,$21.64,1440083435424,"35,275",50% bullish,of 4 ratings,$25
CARB,$11.25,1440083435527,"26,667",75% bullish,of 4 ratings,$12
CAPR,$4.0001,1440083435561,"7,880",Not yet rated,NULL,$12
CBYL,$7,1440083435661,"7,208",100% bearish,of 1 rating,$20
CRDC,$0.39,1440083435691,"7,600",100% bullish,of 1 rating,$1.25
CFNL,$22.76,1440083435818,"26,173",Not yet rated,NULL,$24
CRME,$9.36,1440083435857,"13,482",89% bullish,of 9 ratings,$11.25
CSII,$24,1440083435918,"32,056",100% bearish,of 2 ratings,$42.125
CATM,$35.155,1440083435949,"51,597",100% bearish,of 1 rating,$44
CECO,$3.65,1440083436051,"40,353",67% bearish,of 3 ratings,$6
CDNA,$6.41,1440083436138,"1,600",100% bearish,of 1 rating,$9
CTRE,$12.02,1440083436182,"109,202",50% bullish,of 2 ratings,N/A
CKEC,$22.36,1440083436271,"18,658",50% bullish,of 2 ratings,$35.915
CARO,$15.34,1440083436302,"7,122",100% bearish,of 1 rating,$19
CLBH,NULL,1440083436323,0,Not yet rated,NULL,$16.50
CART,$5.45,1440083436364,"2,256",100% bearish,of 1 rating,N/A
CRZO,$33.41,1440083436402,"93,614",67% bearish,of 3 ratings,$57
TAST,$12.47,1440083436457,"43,577",Not yet rated,NULL,$14.25
CARV,$6.04,1440083436645,317,50% bullish,of 2 ratings,N/A
CRTN,$2.71,1440083436675,100,100% bearish,of 1 rating,N/A
CACB,$5.52,1440083436778,"5,816",Not yet rated,NULL,$5.50
CASM,$1.12,1440083436842,"35,900",100% bullish,of 1 rating,$3.50
CASY,$107.28,1440083436997,"30,091",50% bullish,of 2 ratings,$99.50
CSCD,$14.28,1440083437035,"24,795",100% bullish,of 2 ratings,$17
CWST,$6.43,1440083437057,"17,301",50% bullish,of 2 ratings,$7
CASS,$49.29,1440083437091,"1,908",100% bearish,of 1 rating,N/A
CASI,$1.49,1440083437125,"7,980",100% bullish,of 1 rating,$3.50
CATB,$11.98,1440083437191,"2,908",100% bearish,of 1 rating,$28
CATY,$31.04,1440083437384,"69,002",100% bearish,of 1 rating,$33.50
CPRX,$3.69,1440083437411,"200,886",71% bullish,of 7 ratings,$7
CATYW,NULL,1440083437442,0,100% bearish,of 1 rating,N/A
CVCO,$73.4,1440083437491,"4,136",100% bearish,of 1 rating,N/A
CAVM,$69.57,1440083437543,"78,052",67% bearish,of 3 ratings,$72
CBFV,$20.45,1440083437575,"2,573",Not yet rated,NULL,N/A
CNLMR,NULL,1440083437773,0,Not yet rated,NULL,N/A
CNLM,$9.98,1440083437798,200,Not yet rated,NULL,N/A
CDK,$48.69,1440083437860,"83,040",67% bearish,of 3 ratings,$50
CNLMU,NULL,1440083437890,0,100% bullish,of 1 rating,N/A
CBOE,$63.55,1440083437912,"37,397",Not yet rated,NULL,$60
CNLMW,NULL,1440083437934,0,Not yet rated,NULL,N/A
CDW,$39.27,1440083437970,"112,732",75% bullish,of 4 ratings,$44
CECE,$9.94,1440083438187,"54,335",50% bullish,of 2 ratings,$16
CPXX,$2.1715,1440083438240,"7,820",100% bullish,of 2 ratings,$7
CELGZ,$1.81,1440083438270,"8,800",80% bullish,of 5 ratings,N/A
CLDN,$1.0633,1440083438321,"69,963",71% bullish,of 7 ratings,$3
CELG,$126.91,1440083438350,"882,303",92% bullish,of 13 ratings,$155.50
CLDX,$14.42,1440083438376,"319,688",89% bullish,of 9 ratings,$36
CLRBW,NULL,1440083438562,0,Not yet rated,NULL,N/A
CLLS,$31.48,1440083438594,"31,443",75% bullish,of 4 ratings,$51.50
CLRB,NULL,1440083438638,0,100% bearish,of 1 rating,N/A
CLSN,$2.0842,1440083438665,"14,049",80% bullish,of 10 ratings,$7.50
CBMG,$23,1440083438697,"5,208",50% bullish,of 2 ratings,N/A
CYAD,$54.54,1440083438726,618,100% bullish,of 1 rating,$87.50
CLTX,$3.0499,1440083438756,"3,770,551",100% bullish,of 2 ratings,N/A
CEMP,$36.81,1440083438858,"190,746",71% bullish,of 7 ratings,$52
CETX,$2.54,1440083438965,"7,352",Not yet rated,NULL,$5.60
CSFL,$14.03,1440083439051,"38,878",Not yet rated,NULL,$15
CETV,$2.075,1440083439236,"22,368",67% bullish,of 3 ratings,$2.80
CFBK,$1.372,1440083439292,100,Not yet rated,NULL,N/A
CENT,$12.34,1440083439319,"11,987",Not yet rated,NULL,$10
CENTA,$13.09,1440083439352,"12,344",Not yet rated,NULL,N/A
CVCY,NULL,1440083439386,0,Not yet rated,NULL,$12
CNBKA,$41.1,1440083439451,34,100% bullish,of 1 rating,N/A
CNTY,$6.1806,1440083439480,"1,899",80% bullish,of 5 ratings,$7.75
CENX,$5.22,1440083439507,"466,084",67% bullish,of 6 ratings,$9
CPHD,$48.5,1440083439644,"54,770",50% bullish,of 2 ratings,$66.50
CRNT,$1.43,1440083439686,"14,130",50% bullish,of 2 ratings,$2
CERE,$1.1999,1440083439713,"161,846",88% bullish,of 8 ratings,N/A
CERN,$63.79,1440083439735,"223,381",67% bullish,of 3 ratings,$79
CERU,$3.3305,1440083439914,"8,925",75% bullish,of 4 ratings,$15
CERS,$4.9101,1440083439943,"87,857",75% bullish,of 4 ratings,$7
CEVA,$18.89,1440083440090,"5,034",100% bearish,of 1 rating,$25
CYOU,$19.8,1440083440117,"100,264",50% bullish,of 6 ratings,$24
HOTRW,$0.1399,1440083440147,"4,399",Not yet rated,NULL,N/A
KOOL,$0.72,1440083440169,670,100% bullish,of 5 ratings,$7
HOTR,$1.28,1440083440199,"116,379",100% bullish,of 2 ratings,$5
CTHR,$1.36,1440083440430,"5,062",50% bullish,of 2 ratings,$2.50
CHTR,$184.63,1440083440460,"222,679",100% bearish,of 2 ratings,$196
CHFN,$12.42,1440083440499,"1,722",Not yet rated,NULL,$14
GTLS,$23.16,1440083440592,"42,266",50% bullish,of 4 ratings,$40
CHEK,$3.08,1440083440623,38,Not yet rated,NULL,$7.75
CHKP,$79.98,1440083440645,"202,675",50% bullish,of 4 ratings,$92
CHEKW,NULL,1440083440675,0,Not yet rated,NULL,N/A
CEMI,$4.4,1440083440704,"5,718",50% bullish,of 2 ratings,$7.50
CHFC,$32.13,1440083440863,"16,166",100% bearish,of 1 rating,$36
CCXI,$7,1440083441020,"11,052",67% bullish,of 3 ratings,$14
CHMG,$26.5,1440083441079,900,Not yet rated,NULL,$30
CHKE,$26.36,1440083441221,"2,151",100% bearish,of 1 rating,$32.50
CHMA,$26.7399,1440083441248,"7,763",Not yet rated,NULL,$40
CBNK,$16.52,1440083441380,100,100% bearish,of 1 rating,N/A
CHEV,$14.67,1440083441415,400,Not yet rated,NULL,N/A
PLCE,$60.54,1440083441516,"91,833",100% bearish,of 1 rating,$71
CADC,NULL,1440083441549,0,78% bullish,of 9 ratings,N/A
CMRX,$49.6576,1440083441581,"26,068",50% bullish,of 2 ratings,$57
CALI,$0.89,1440083441604,"4,492",67% bullish,of 3 ratings,N/A
CBAK,$2.153,1440083441654,"31,826",67% bullish,of 9 ratings,N/A
CBPO,$106.99,1440083441787,"36,868",75% bullish,of 8 ratings,$140.50
CAAS,$6.62,1440083441861,"4,999",93% bullish,of 14 ratings,$11.50
CCCL,$0.9,1440083441964,"1,872",100% bullish,of 6 ratings,N/A
CCCR,$0.8,1440083441991,"2,500",67% bearish,of 3 ratings,N/A
JRJC,$4.31,1440083442071,"7,501",82% bullish,of 11 ratings,N/A
CHOP,$1.249,1440083442145,"4,300",50% bullish,of 2 ratings,N/A
CNIT,$1.65,1440083442207,"36,972",67% bullish,of 6 ratings,N/A
CJJD,$2,1440083442237,"7,233",100% bullish,of 1 rating,N/A
CHLN,$2.01,1440083442265,"13,775",67% bullish,of 3 ratings,N/A
HGSH,NULL,1440083442299,0,67% bullish,of 3 ratings,N/A
HTHT,$25.9925,1440083442392,"7,250",50% bullish,of 2 ratings,$28
CREG,$0.7699,1440083442422,"2,281",100% bullish,of 3 ratings,N/A
CHNR,NULL,1440083442487,0,100% bearish,of 1 rating,N/A
CSUN,$1.46,1440083442591,"9,700",80% bullish,of 5 ratings,N/A
CPGI,$6.7065,1440083442652,140,Not yet rated,NULL,N/A
CNTF,$0.9199,1440083442783,"18,650",Not yet rated,NULL,N/A
CNYD,NULL,1440083442940,0,67% bullish,of 3 ratings,N/A
IMOS,$15.49,1440083442970,"26,582",60% bullish,of 5 ratings,$21.50
CCIH,$8.9,1440083443001,"30,843",67% bullish,of 6 ratings,$12.65
CNET,$0.825,1440083443028,"13,299",50% bullish,of 2 ratings,N/A
CHSCL,$26.99,1440083443068,"1,883",Not yet rated,NULL,N/A
CXDC,$6.2799,1440083443104,"9,802",67% bullish,of 3 ratings,N/A
CHSCN,NULL,1440083443171,0,Not yet rated,NULL,N/A
CHSCM,$26.25,1440083443202,"3,951",Not yet rated,NULL,N/A
CHSCO,NULL,1440083443337,0,Not yet rated,NULL,N/A
CHSCP,$30.31,1440083443366,"2,434",Not yet rated,NULL,N/A
CHDN,$135.36,1440083443496,"24,469",Not yet rated,NULL,$165
CDTX,$14.2,1440083443598,"6,268",Not yet rated,NULL,$22
CHUY,$31.678,1440083443629,"39,917",50% bullish,of 2 ratings,$34
CIFC,$7.09,1440083443730,360,Not yet rated,NULL,N/A
CMCT,NULL,1440083443761,0,100% bearish,of 1 rating,N/A
CINF,$56.1,1440083443796,"49,489",50% bullish,of 4 ratings,$50.50
CMPR,$69.87,1440083443822,"52,929",50% bullish,of 2 ratings,$72.50
CIDM,$0.6601,1440083443862,"13,899",50% bullish,of 2 ratings,$2.10
CTAS,$87.125,1440083443890,"54,331",100% bearish,of 1 rating,$91
CRUS,$28.94,1440083444020,"259,109",75% bullish,of 12 ratings,$44.50
CPHR,$6.49,1440083444047,"3,261",100% bearish,of 1 rating,$16
CSCO,$27.22,1440083444210,"5,824,464",84% bullish,of 208 ratings,$32
CZNC,$20.0001,1440083444247,"5,852",Not yet rated,NULL,N/A
CTRN,$27.85,1440083444277,"63,329",100% bearish,of 1 rating,$30.50
CZFC,$12.75,1440083444445,700,Not yet rated,NULL,N/A
CZWI,NULL,1440083444541,0,Not yet rated,NULL,N/A
CTXS,$76.5212,1440083444567,"152,681",86% bullish,of 7 ratings,$80
CIZN,NULL,1440083444618,0,Not yet rated,NULL,N/A
CIVB,$10.2838,1440083444640,"1,900",Not yet rated,NULL,$11
CHCO,$47.48,1440083444670,"7,085",Not yet rated,NULL,$46
CLNE,$4.1635,1440083444800,"213,051",80% bullish,of 15 ratings,$9
CLNT,$1.9875,1440083444831,"3,854",75% bullish,of 8 ratings,N/A
CIVBP,NULL,1440083444857,0,Not yet rated,NULL,N/A
CLFD,$17.41,1440083445100,"30,567",67% bullish,of 3 ratings,$18
CDTI,$1.6064,1440083445257,"21,820",75% bullish,of 4 ratings,$3.20
CLIR,$5.1594,1440083445284,"10,377",100% bullish,of 3 ratings,N/A
CLRO,$11.8178,1440083445316,"1,227",50% bullish,of 2 ratings,$14.25
CSBK,$13.82,1440083445673,"11,132",Not yet rated,NULL,N/A
CBLI,$3.85,1440083445701,"6,121",60% bullish,of 5 ratings,N/A
CMFN,$11.65,1440083445742,"5,344",100% bearish,of 1 rating,$15.50
CME,$96.815,1440083445831,"201,475",67% bullish,of 3 ratings,$102
CISG,$8.6,1440083445861,"40,185",100% bullish,of 5 ratings,$10
CLVS,$74.4,1440083445884,"54,041",60% bullish,of 5 ratings,$101.50
CCNE,$17.26,1440083445906,664,50% bullish,of 2 ratings,$21.50
CNV,$4.62,1440083445944,"22,937",50% bullish,of 2 ratings,$7.15
CWAY,$11.49,1440083446147,"1,800",Not yet rated,NULL,N/A
COKE,$157.71,1440083446248,"13,143",79% bullish,of 19 ratings,N/A
CDXS,$3.965,1440083446347,"10,855",64% bullish,of 11 ratings,$6
COBZ,$13.01,1440083446372,"31,970",100% bullish,of 1 rating,$14
CDRB,$12.02,1440083446399,"1,496",67% bullish,of 3 ratings,N/A
CVLY,NULL,1440083446531,0,Not yet rated,NULL,N/A
JVA,$4.7158,1440083446622,"1,404",83% bullish,of 6 ratings,$7
CCOI,$28.66,1440083446806,"34,758",50% bullish,of 4 ratings,$35
CGNT,$1.623,1440083446839,"4,752",100% bullish,of 2 ratings,$2
CTSH,$65.82,1440083446867,"696,458",90% bullish,of 10 ratings,$74.50
CGNX,$36.65,1440083446889,"92,753",50% bullish,of 2 ratings,$47
COHR,$57.55,1440083446922,"17,366",50% bullish,of 2 ratings,$72
CHRS,$29.68,1440083446952,"27,053",67% bearish,of 3 ratings,$37
COHU,$9.72,1440083447055,"12,033",100% bearish,of 1 rating,$14.25
CLRX,$0.51,1440083447096,"11,395",50% bullish,of 2 ratings,N/A
CLCT,$19.16,1440083447201,"2,581",100% bearish,of 1 rating,N/A
COLL,$14.2699,1440083447267,"7,454",100% bearish,of 1 rating,$26
CIGI,$45.44,1440083447294,600,100% bearish,of 1 rating,$52
CBAN,$8.77,1440083447362,200,Not yet rated,NULL,N/A
CLCD,$7.669,1440083447454,"5,960",100% bearish,of 1 rating,$20.50
COLB,$32.3,1440083447501,"51,305",Not yet rated,NULL,$36
COLM,$64.28,1440083447595,"25,698",100% bearish,of 1 rating,$71
CBMX,$1.1799,1440083447694,"3,080",83% bullish,of 6 ratings,$3.15
CMCSA,$58.66,1440083447744,"2,658,045",66% bullish,of 35 ratings,$69.50
CMCSK,$59.02,1440083447797,"738,603",Not yet rated,NULL,$84
CBSH,$46.21,1440083447839,"46,883",50% bullish,of 2 ratings,$46
CMCO,$20.05,1440083447874,"130,193",60% bullish,of 5 ratings,$28
CBSHP,$25.24,1440083447904,"2,592",100% bearish,of 1 rating,N/A
CUBN,NULL,1440083447976,0,Not yet rated,NULL,N/A
CVGI,$4.63,1440083448243,"14,777",50% bullish,of 2 ratings,$6
CSAL,$22.46,1440083448274,"82,083",75% bullish,of 4 ratings,$30
COMM,$30.94,1440083448297,"138,028",67% bearish,of 3 ratings,$35
JCS,$9.325,1440083448318,"2,000",67% bullish,of 3 ratings,N/A
ESXB,$5.1,1440083448447,"20,102",Not yet rated,NULL,N/A
CYHHZ,$0.012,1440083448481,450,100% bullish,of 1 rating,N/A
CTBI,$34.56,1440083448503,"2,203",Not yet rated,NULL,$36
CWBC,$6.752,1440083448587,200,Not yet rated,NULL,N/A
CVLT,$37.05,1440083448647,"33,776",75% bullish,of 4 ratings,$44.50
CIZ,$34.3,1440083448747,"2,060",100% bearish,of 1 rating,N/A
CIL,$34.46,1440083448774,100,Not yet rated,NULL,N/A
COB,$10.52,1440083448806,900,100% bullish,of 1 rating,$11.75
CDC,$36.137,1440083448843,442,Not yet rated,NULL,N/A
CID,NULL,1440083448869,0,Not yet rated,NULL,N/A
CSA,NULL,1440083448904,0,Not yet rated,NULL,N/A
CSF,$38.02,1440083449453,175,100% bearish,of 1 rating,N/A
CFA,$37.15,1440083449485,200,100% bearish,of 1 rating,N/A
CFO,$37.0271,1440083449528,"1,280",100% bearish,of 1 rating,N/A
CSB,NULL,1440083449558,0,Not yet rated,NULL,N/A
CDL,NULL,1440083449612,0,Not yet rated,NULL,N/A
CTG,$6.65,1440083449658,"6,218",100% bearish,of 1 rating,$8.50
CGEN,$5.39,1440083449685,"33,588",50% bullish,of 2 ratings,$11
CPSI,$45.737,1440083449712,"4,857",100% bearish,of 1 rating,$45.50
SCOR,$61.79,1440083449922,"99,002",100% bearish,of 1 rating,$66
CMTL,$26.89,1440083449951,"3,631",100% bearish,of 2 ratings,$37
CHCI,$0.5722,1440083449973,"4,300",50% bullish,of 2 ratings,N/A
CNSI,$19.16,1440083450024,"6,148",100% bearish,of 2 ratings,$29
CNCE,$15.81,1440083450117,"62,538",75% bullish,of 4 ratings,$22
CXRX,$76.413,1440083450154,"1,021",Not yet rated,NULL,$90
CCUR,$5.19,1440083450221,"2,549",75% bullish,of 4 ratings,N/A
CNAT,$4.27,1440083450283,"12,646",83% bullish,of 6 ratings,$13
CDORO,NULL,1440083450521,0,100% bearish,of 1 rating,N/A
CFMS,$22.18,1440083450595,"33,716",Not yet rated,NULL,$27
CDORP,NULL,1440083450620,0,100% bearish,of 1 rating,N/A
CNMD,$56.12,1440083450651,"4,818",Not yet rated,NULL,$59
CDOR,$1.46,1440083450683,"3,012",100% bullish,of 1 rating,N/A
CNFR,$10.3501,1440083450705,"10,260",Not yet rated,NULL,N/A
CTWS,$34.8001,1440083450787,"1,951",100% bearish,of 1 rating,$44
CNOB,$19.91,1440083450871,"1,700",100% bullish,of 1 rating,$23.50
CNXR,$6.3,1440083450919,"5,761",100% bearish,of 1 rating,$12
CONN,$31.83,1440083451004,"51,888",67% bullish,of 3 ratings,$48.50
CNSL,$20.06,1440083451030,"22,866",100% bearish,of 1 rating,$23
CWCO,$11.52,1440083451093,"18,923",67% bullish,of 3 ratings,$14.50
CTCT,$24.22,1440083451229,"41,817",67% bullish,of 3 ratings,$37
CPSS,$5.645,1440083451256,"6,020",100% bullish,of 1 rating,$10
CFRXW,NULL,1440083451405,0,100% bearish,of 1 rating,N/A
CFRX,$5.07,1440083451440,"12,625",Not yet rated,NULL,$14
CFRXZ,$0.51,1440083451462,400,Not yet rated,NULL,N/A
CTRV,$4.17,1440083451496,"15,464",Not yet rated,NULL,$6.40
CORT,$4.93,1440083451537,"69,424",67% bullish,of 3 ratings,$12
CTRL,$7.93,1440083451600,"34,887",50% bullish,of 2 ratings,$11
CRBP,$2.13,1440083451676,"911,931",100% bullish,of 2 ratings,$6.25
CPRT,$35.74,1440083451706,"47,385",67% bearish,of 3 ratings,$40
CORE,$62.895,1440083451859,"10,289",100% bearish,of 1 rating,$72
BVA,NULL,1440083451936,0,50% bullish,of 2 ratings,N/A
CORI,$11.01,1440083451965,"7,521",100% bearish,of 1 rating,$18
CRVL,$32.31,1440083452105,"2,083",100% bearish,of 1 rating,N/A
COSI,$1.15,1440083452135,"51,979",100% bullish,of 1 rating,N/A
COST,$143.89,1440083452174,"269,324",83% bullish,of 24 ratings,$154.50
CSOD,$37.9,1440083452206,"89,672",50% bullish,of 2 ratings,$42
CPAH,NULL,1440083452238,0,50% bullish,of 2 ratings,N/A
CSGP,$189.86,1440083452311,"6,931",50% bullish,of 2 ratings,$235
ICBK,NULL,1440083452344,0,Not yet rated,NULL,$21
CVTI,$24.48,1440083452443,"16,465",67% bearish,of 3 ratings,$39
COVS,$2.74,1440083452515,"6,738",67% bullish,of 3 ratings,N/A
COWN,$5.34,1440083452653,"131,296",75% bullish,of 4 ratings,$7
COWNL,$27.02,1440083452678,300,Not yet rated,NULL,N/A
CPSH,$2.4,1440083452732,"2,700",Not yet rated,NULL,N/A
CRAI,$22.59,1440083452825,"4,962",Not yet rated,NULL,$36
CBRL,$148.2,1440083452863,"42,834",50% bullish,of 2 ratings,$155
BREW,$7.85,1440083452898,"17,501",67% bullish,of 6 ratings,$15
CRAY,$21.66,1440083452995,"39,413",83% bullish,of 6 ratings,$38.50
GLDI,$11.0888,1440083453021,"1,628",100% bearish,of 1 rating,N/A
CACC,$189.69,1440083453054,"15,721",50% bullish,of 2 ratings,$158.50
SLVO,$10.501,1440083453156,"4,017",100% bearish,of 1 rating,N/A
CREE,$26.52,1440083453196,"189,668",65% bullish,of 17 ratings,$28.50
CRESY,$11,1440083453223,"69,580",100% bearish,of 1 rating,$19
CROX,$14.7,1440083453288,"131,277",63% bullish,of 8 ratings,$16.50
CRTO,$46.83,1440083453317,"92,442",67% bullish,of 6 ratings,$64
CRDS,$1.0601,1440083453499,"7,600",50% bullish,of 4 ratings,$4.50
CCRN,$14.86,1440083453526,"82,065",100% bearish,of 1 rating,$14.25
CRWN,$4.7,1440083453657,"40,797",75% bullish,of 4 ratings,N/A
CYRX,$3.09,1440083453683,"8,638",Not yet rated,NULL,$9
CRWS,$8.08,1440083453710,665,Not yet rated,NULL,$10
CTIC,$1.66,1440083453846,"670,248",84% bullish,of 76 ratings,$5.75
CYRXW,$1.03,1440083453879,"6,400",Not yet rated,NULL,N/A
CCLP,$15.0019,1440083453902,"12,880",67% bearish,of 3 ratings,$21
CSGS,$31.65,1440083453924,"22,768",Not yet rated,NULL,$40
CTCM,$1.7399,1440083453964,"88,871",80% bearish,of 5 ratings,$3.90
CSPI,$6.25,1440083454059,155,67% bullish,of 3 ratings,N/A
CUNB,$22.18,1440083454159,"2,608",Not yet rated,NULL,$24.50
CTRP,$65.12,1440083454186,"778,012",75% bullish,of 8 ratings,$92
CTIB,$3.54,1440083454217,"2,475",100% bearish,of 1 rating,N/A
CPIX,$5.9,1440083454263,"1,800",Not yet rated,NULL,N/A
CUI,$5.42,1440083454320,"24,252",50% bullish,of 2 ratings,$10
CMLS,$1.1975,1440083454457,"144,323",50% bullish,of 4 ratings,$6
CUTR,$14.65,1440083454598,"3,393",67% bearish,of 3 ratings,$18
CRIS,$2.65,1440083454634,"45,393",100% bullish,of 8 ratings,$6
CYAN,$7.64,1440083454665,202,100% bearish,of 1 rating,N/A
CVV,$11.98,1440083454692,"10,500",100% bullish,of 5 ratings,N/A
CVBF,$16.88,1440083454729,"54,801",Not yet rated,NULL,$18
CYBR,$58.0894,1440083454751,"514,378",86% bullish,of 7 ratings,$66
CYBE,$5.9499,1440083454789,"5,678",100% bearish,of 1 rating,N/A
CYBX,$64.5,1440083454823,"281,083",50% bullish,of 4 ratings,$70
CYCC,$0.6031,1440083454998,"24,254",73% bullish,of 11 ratings,N/A
CYCCP,NULL,1440083455070,0,100% bearish,of 1 rating,N/A
CYNA,$16.0499,1440083455206,"8,778",100% bullish,of 1 rating,$31.50
CBAY,$2.76,1440083455244,"25,016",100% bullish,of 1 rating,$4
CY,$9.6712,1440083455275,"1,496,976",80% bullish,of 10 ratings,$15.50
CYTX,$0.4,1440083455335,"249,950",83% bullish,of 12 ratings,$5.50
CYRN,$1.735,1440083455374,"41,191",67% bullish,of 3 ratings,$4
CYNO,$33.38,1440083455401,"34,416",67% bearish,of 3 ratings,$45.50
CYTK,$6.53,1440083455469,"58,695",71% bullish,of 14 ratings,$13.50
CTSO,$7.274,1440083455539,"33,945",Not yet rated,NULL,$15.625
CYTR,$2.33,1440083455604,"90,704",67% bullish,of 6 ratings,$10
DAEG,$0.3301,1440083455634,100,100% bearish,of 1 rating,N/A
CONE,$33.72,1440083455656,"91,962",67% bearish,of 3 ratings,$35
TVIZ,$13.6,1440083455787,200,100% bearish,of 1 rating,N/A
TVIX,$6.471,1440083455837,"4,746,018",81% bullish,of 16 ratings,N/A
ZIV,$48.412,1440083455877,"36,636",Not yet rated,NULL,N/A
XIV,$44.54,1440083456043,"4,954,777",75% bearish,of 4 ratings,N/A
DJCO,$205.8,1440083456094,200,Not yet rated,NULL,N/A
DAIO,$2.65,1440083456226,"2,500",Not yet rated,NULL,N/A
DAKT,$11.64,1440083456256,"37,114",50% bullish,of 2 ratings,$14
DWCH,$5.46,1440083456285,"9,961",75% bullish,of 4 ratings,$8.25
DRAM,NULL,1440083456307,0,78% bullish,of 9 ratings,N/A
DTLK,$5.45,1440083456344,"33,383",100% bearish,of 1 rating,$9
DARA,$0.89,1440083456439,"19,322",83% bullish,of 6 ratings,$1.50
PLAY,$35.06,1440083456490,"74,931",100% bullish,of 5 ratings,$42
DTEA,$12.02,1440083456571,"11,801",100% bearish,of 2 ratings,$24
DWSN,$4.42,1440083456624,"5,380",67% bullish,of 3 ratings,$6
DBVT,$41.395,1440083456655,"14,983",100% bearish,of 1 rating,$53
TRAK,$63,1440083456677,"384,833",50% bullish,of 2 ratings,$62.50
DFRG,$15.01,1440083456871,"17,103",100% bearish,of 1 rating,$20
DHRM,$1.84,1440083456901,100,Not yet rated,NULL,N/A
DCTH,$0.4898,1440083456969,"31,224",78% bullish,of 9 ratings,N/A
TACO,$13.49,1440083457000,"28,416",100% bullish,of 3 ratings,$20
TACOW,$4.26,1440083457068,"1,183",100% bullish,of 1 rating,N/A
DGAS,$20.25,1440083457145,"7,258",67% bearish,of 3 ratings,N/A
DELT,$2.79,1440083457174,"3,343",Not yet rated,NULL,N/A
DELTW,NULL,1440083457243,0,Not yet rated,NULL,N/A
DENN,$12.23,1440083457271,"63,055",100% bullish,of 3 ratings,$15
XRAY,$55.83,1440083457318,"45,961",100% bullish,of 1 rating,$58
DEPO,$30.78,1440083457494,"156,007",80% bullish,of 5 ratings,$29
DERM,$24.105,1440083457520,"20,358",100% bearish,of 1 rating,$33.50
DSCI,$6.4,1440083457584,"11,346",50% bullish,of 2 ratings,$16
DEST,$11.65,1440083457817,"6,246",50% bullish,of 2 ratings,N/A
DSWL,NULL,1440083457845,0,100% bullish,of 1 rating,N/A
DXM,$0.32,1440083457873,"11,063",50% bullish,of 2 ratings,N/A
DXLG,$4.76,1440083457907,"7,892",100% bearish,of 1 rating,$8
DMND,$31.129,1440083458009,"84,542",75% bullish,of 12 ratings,$32
DHIL,$191.58,1440083458066,116,Not yet rated,NULL,N/A
DHXM,NULL,1440083458095,0,Not yet rated,NULL,N/A
DXCM,$91.51,1440083458166,"148,599",57% bullish,of 7 ratings,$98
FANG,$71.15,1440083458227,"152,877",50% bullish,of 2 ratings,$86
DCIX,$1.7701,1440083458253,"13,393",50% bullish,of 4 ratings,$3.50
DGII,$10.2,1440083458295,"7,237",100% bearish,of 1 rating,$10
DRNA,$10.21,1440083458386,"22,660",67% bearish,of 3 ratings,$25
DMRC,$36.0101,1440083458491,"13,410",100% bearish,of 1 rating,$44
DRAD,$3.989,1440083458623,"1,670",100% bullish,of 1 rating,$5.25
DGLY,$7.2993,1440083458674,"29,332",50% bullish,of 6 ratings,$20
DIOD,$19.52,1440083458700,"11,242",75% bearish,of 4 ratings,$24
APPS,$2.36,1440083458727,"3,024",100% bearish,of 1 rating,$10.25
DCOM,$17.06,1440083458757,"19,576",100% bearish,of 2 ratings,$16.50
DPRX,$12.905,1440083458862,"65,498",100% bullish,of 2 ratings,$27.75
DISCB,$30.53,1440083458925,50,100% bearish,of 1 rating,$35
DISCA,$28.24,1440083458956,"696,106",67% bullish,of 3 ratings,$34
DISCK,$27.16,1440083459064,"1,038,082",100% bearish,of 1 rating,$32
DISH,$63.94,1440083459127,"242,279",69% bullish,of 13 ratings,$73
DVCR,$11.25,1440083459155,"6,349",100% bullish,of 1 rating,N/A
DSCO,$0.445,1440083459182,"48,027",83% bullish,of 6 ratings,$2.75
BAGR,$3,1440083459322,904,100% bearish,of 1 rating,$6
DLHC,$2.65,1440083459423,904,100% bearish,of 1 rating,N/A
DNBF,$26.579,1440083459481,236,Not yet rated,NULL,$27.50
DGICA,$14.475,1440083459579,"2,690",100% bearish,of 1 rating,$17
DGICB,NULL,1440083459605,0,100% bearish,of 1 rating,N/A
DORM,$50.51,1440083459645,"11,202",100% bearish,of 1 rating,$56
DLTR,$80.7,1440083459678,"363,233",82% bullish,of 11 ratings,$88
DMLP,$13.9998,1440083459774,"8,516",100% bearish,of 1 rating,N/A
HILL,$9.675,1440083459803,"2,265,009",60% bearish,of 5 ratings,$9
DRWI,$0.2672,1440083459865,"124,233",60% bullish,of 5 ratings,$.45
DWA,$18.33,1440083459970,"93,170",63% bullish,of 8 ratings,$26
DRYS,$0.345,1440083459999,"718,688",77% bullish,of 31 ratings,$.60
DRWIW,$0.068,1440083460038,200,Not yet rated,NULL,N/A
DSKX,$3.27,1440083460064,"78,140",100% bullish,of 1 rating,N/A
DSPG,$8.71,1440083460270,"14,895",100% bearish,of 1 rating,$13.50
CADT,NULL,1440083460303,0,Not yet rated,NULL,N/A
CADTW,NULL,1440083460378,0,Not yet rated,NULL,N/A
CADTR,NULL,1440083460405,0,Not yet rated,NULL,N/A
DTSI,$27.14,1440083460439,"11,527",100% bearish,of 2 ratings,$39.50
DNKN,$50.7,1440083460465,"427,626",67% bullish,of 15 ratings,$56.50
CADTU,NULL,1440083460540,0,Not yet rated,NULL,N/A
DRRX,$2,1440083460614,"33,108",50% bullish,of 6 ratings,$3
DXPE,$28.65,1440083460686,"27,687",50% bullish,of 2 ratings,N/A
BOOM,$10.26,1440083460822,"12,532",67% bullish,of 3 ratings,$12
DYSL,$1.75,1440083460849,"301,776",100% bullish,of 2 ratings,N/A
DYAX,$22.6701,1440083460903,"39,121",89% bullish,of 9 ratings,$30
DVAX,$28.485,1440083460935,"53,049",70% bullish,of 10 ratings,$40
DYNT,$2.99,1440083461040,39,75% bullish,of 4 ratings,N/A
EBMT,$11.45,1440083461066,600,Not yet rated,NULL,$13.50
EGLE,$6.54,1440083461136,"4,400",60% bullish,of 5 ratings,N/A
ETFC,$26.81,1440083461201,"538,742",57% bullish,of 14 ratings,$33
EGBN,$43.6,1440083461267,"16,504",Not yet rated,NULL,$48
ELNK,$8.86,1440083461343,"97,386",60% bullish,of 5 ratings,$9.50
EROC,$1.187,1440083461373,"122,917",50% bullish,of 2 ratings,$3
EGRX,$67.71,1440083461395,"85,863",67% bullish,of 3 ratings,$97
EWBC,$43.03,1440083461430,"388,784",100% bearish,of 1 rating,$50
EACQU,$10.2,1440083461593,944,Not yet rated,NULL,N/A
EBAY,$26.93,1440083461695,"1,947,815",81% bullish,of 117 ratings,$48
EVBS,$6.4501,1440083461726,100,Not yet rated,NULL,$7
EBIX,$29.64,1440083461761,"40,288",69% bullish,of 13 ratings,$40
EML,$16.96,1440083461788,"8,200",Not yet rated,NULL,N/A
ECHO,$25.92,1440083461838,"31,786",67% bearish,of 3 ratings,$35.50
ELON,$0.5907,1440083461872,"3,419",50% bullish,of 2 ratings,N/A
ECTE,$1.48,1440083461970,200,75% bullish,of 4 ratings,N/A
SATS,$45.47,1440083462052,"29,382",50% bullish,of 2 ratings,$60
ECACU,$10.05,1440083462155,"13,200",Not yet rated,NULL,N/A
EEI,$11.29,1440083462202,800,67% bearish,of 3 ratings,N/A
ESES,$3.3967,1440083462227,249,100% bearish,of 1 rating,$7
EFUT,NULL,1440083462408,0,Not yet rated,NULL,N/A
EDAP,$3.4999,1440083462469,"15,017",60% bullish,of 5 ratings,$4.50
EDGW,$7.15,1440083462499,"11,300",100% bearish,of 1 rating,N/A
EDUC,$4.67,1440083462540,"5,866",100% bearish,of 1 rating,N/A
EHTH,$14.65,1440083462600,"26,562",50% bullish,of 4 ratings,$16.50
EGAN,$3.51,1440083462670,"103,000",50% bullish,of 2 ratings,$6.25
EGLT,$11.56,1440083462701,"22,043",50% bullish,of 2 ratings,$21
LOCO,$12.67,1440083462801,"839,846",69% bullish,of 13 ratings,$20
EMITF,$1.308,1440083462859,"3,154",75% bullish,of 4 ratings,N/A
ESLT,$81,1440083462886,"2,556",100% bullish,of 2 ratings,N/A
ERI,$9.6,1440083463067,"9,991",100% bearish,of 1 rating,$10
ELRC,$10.25,1440083463094,"4,560",100% bearish,of 1 rating,N/A
ESIO,$4.57,1440083463120,"35,629",50% bullish,of 2 ratings,$10
EA,$68.52,1440083463163,"1,079,227",77% bullish,of 35 ratings,$80
EFII,$44.53,1440083463265,"16,208",80% bullish,of 5 ratings,$55
ELSE,$4.07,1440083463293,486,60% bullish,of 5 ratings,N/A
ELEC,NULL,1440083463348,0,Not yet rated,NULL,N/A
ELECU,NULL,1440083463424,0,Not yet rated,NULL,N/A
EBIO,$3.3,1440083463481,"322,671",100% bearish,of 2 ratings,$8.35
ELECW,NULL,1440083463507,0,Not yet rated,NULL,N/A
RDEN,$10.66,1440083463644,"27,487",100% bearish,of 4 ratings,$15
CAPX,NULL,1440083463675,0,Not yet rated,NULL,N/A
ESBK,NULL,1440083463780,0,Not yet rated,NULL,N/A
LONG,$17.04,1440083463819,"16,049",67% bullish,of 3 ratings,$15.75
ELTK,$1.0999,1440083463882,"17,748",67% bearish,of 3 ratings,N/A
EMCI,$23.6,1440083463955,800,Not yet rated,NULL,N/A
EMCF,NULL,1440083463983,0,100% bearish,of 1 rating,N/A
EMKR,$7.12,1440083464034,"14,301",75% bullish,of 4 ratings,$8.50
EMMS,$1.32,1440083464062,"6,250",67% bullish,of 6 ratings,N/A
NYNY,$3.9748,1440083464209,"26,066",50% bullish,of 2 ratings,N/A
EMMSP,NULL,1440083464234,0,100% bearish,of 1 rating,N/A
ERS,$3.39,1440083464263,"1,385",Not yet rated,NULL,N/A
ENTA,$40.61,1440083464395,"16,544",50% bullish,of 2 ratings,$42
ECPG,$39.08,1440083464451,"41,814",100% bullish,of 2 ratings,$52
WIRE,$32.79,1440083464473,"6,932",100% bearish,of 1 rating,$37
ENDP,$82.74,1440083464612,"182,988",50% bullish,of 6 ratings,$104
ECYT,$5.09,1440083464641,"58,056",83% bullish,of 6 ratings,$12
ELGX,$13.06,1440083464672,"51,211",75% bullish,of 4 ratings,$17
WATT,$7.0105,1440083464777,"23,466",50% bullish,of 2 ratings,$13
EIGI,$15.67,1440083464803,"152,260",67% bearish,of 3 ratings,$20
EFOI,$17.4,1440083464831,"179,543",50% bullish,of 2 ratings,$20.50
EXXI,$1.645,1440083464997,"313,790",86% bullish,of 7 ratings,$3.50
ENOC,$8.115,1440083465027,"48,490",75% bullish,of 4 ratings,$18
ENG,$1,1440083465050,"10,900",100% bullish,of 3 ratings,N/A
ERII,$2.845,1440083465088,"14,765",80% bullish,of 5 ratings,$2.50
ENPH,$4.68,1440083465187,"127,105",75% bullish,of 4 ratings,$11
ESGR,$151.199,1440083465214,"4,186",100% bearish,of 1 rating,$185
ENFC,$18.03,1440083465271,"1,342",Not yet rated,NULL,N/A
ENTG,$14.08,1440083465373,"31,357",100% bearish,of 1 rating,$18
ENTL,$22.095,1440083465408,"3,600",Not yet rated,NULL,$28
ETRM,$0.2458,1440083465511,"109,990",69% bearish,of 35 ratings,$1.625
EFSC,$24.815,1440083465642,"8,130",Not yet rated,NULL,$27
EGT,$2.16,1440083465670,"1,125",100% bullish,of 1 rating,N/A
EBTC,$20.62,1440083465701,640,Not yet rated,NULL,N/A
ENVI,$1.77,1440083465731,"4,814",67% bullish,of 3 ratings,N/A
ENZN,$1.08,1440083465800,"150,279",100% bullish,of 9 ratings,N/A
ENZY,$9.05,1440083465865,"3,676",67% bullish,of 3 ratings,$9.50
EPIQ,$13.98,1440083465893,"28,934",100% bearish,of 1 rating,$18
EPZM,$16.91,1440083466040,"31,949",60% bullish,of 5 ratings,$34
PLUS,$79.5699,1440083466070,"64,249",50% bullish,of 2 ratings,$88
EPRS,$4.9021,1440083466098,"41,196",82% bullish,of 11 ratings,$15
EQIX,$281.404,1440083466228,"41,546",67% bullish,of 3 ratings,$312.50
EQFN,$8.3,1440083466315,"1,200",Not yet rated,NULL,N/A
EAC,$3.69,1440083466362,"4,796",100% bearish,of 1 rating,$8
ERIC,$9.97,1440083466389,"313,306",63% bullish,of 8 ratings,$13.30
ERIE,$86.87,1440083466523,"2,701",Not yet rated,NULL,$73
ESCRP,NULL,1440083466556,0,100% bearish,of 1 rating,N/A
ESMC,$1.3,1440083466584,1,Not yet rated,NULL,N/A
ESCA,$18.1,1440083466609,"3,104",100% bearish,of 1 rating,$22
ESCR,$0.1899,1440083466642,"8,600",50% bullish,of 2 ratings,N/A
ESPR,$55.555,1440083466694,"449,440",67% bearish,of 9 ratings,$123
ESSA,$12.8501,1440083466794,"1,854",100% bearish,of 1 rating,N/A
EPIX,NULL,1440083466926,0,Not yet rated,NULL,N/A
ESND,$35.99,1440083466952,"10,798",50% bullish,of 2 ratings,$40
ESSX,$0.53,1440083467011,"18,500",50% bullish,of 2 ratings,N/A
ETSY,$14.6799,1440083467081,"246,143",80% bullish,of 5 ratings,$16
CLWT,NULL,1440083467180,0,100% bearish,of 1 rating,N/A
EEFT,$68.1,1440083467211,"35,192",100% bearish,of 1 rating,$67.50
ESEA,$6.1201,1440083467274,"1,422",100% bullish,of 1 rating,$15
EVK,$3.86,1440083467309,"1,012",75% bearish,of 4 ratings,N/A
EVEP,$8.2501,1440083467338,"107,859",50% bullish,of 2 ratings,$15
EVOK,$4.1801,1440083467364,"112,762",100% bearish,of 1 rating,$13.75
EVLV,$2.2499,1440083467400,"22,730",60% bullish,of 5 ratings,$6.50
EVOL,$6.25,1440083467579,"3,387",75% bullish,of 4 ratings,$10
EXA,$10.7,1440083467605,"2,722",100% bearish,of 1 rating,$13
EXAS,$22.18,1440083467631,"116,826",78% bullish,of 9 ratings,$31
EXAC,$18.82,1440083467842,"7,373",100% bearish,of 1 rating,$22.50
EXEL,$5.54,1440083467870,"661,614",81% bullish,of 16 ratings,$6
EXPD,$49.79,1440083467942,"399,061",80% bullish,of 5 ratings,$50.50
EXFO,$2.8999,1440083467971,600,67% bearish,of 3 ratings,$3.95
EXPE,$120.3,1440083468000,"139,140",64% bullish,of 11 ratings,$130
ESRX,$88.79,1440083468033,"680,925",67% bearish,of 6 ratings,$101
EXPO,$43.28,1440083468056,"3,740",100% bearish,of 1 rating,$45.50
EXLS,$36.88,1440083468128,"23,764",100% bullish,of 1 rating,$41
EXLP,$19.9999,1440083468199,"13,694",100% bearish,of 1 rating,$27
EXTR,$2.97,1440083468226,"375,218",80% bullish,of 5 ratings,$3
EYEG,$4.16,1440083468378,"5,536",Not yet rated,NULL,N/A
EZCH,$21.247,1440083468405,"26,019",75% bullish,of 8 ratings,$19.50
EYEGW,NULL,1440083468431,0,Not yet rated,NULL,N/A
EZPW,$6.12,1440083468569,"26,094",50% bullish,of 4 ratings,$7.50
FB,$92.91,1440083468629,"8,856,631",73% bullish,of 1065 ratings,$111
FWM,$2.245,1440083468729,"33,579",100% bearish,of 2 ratings,$3.20
FCS,$13.525,1440083468757,"177,680",67% bearish,of 3 ratings,$17
FFIV,$129.26,1440083468779,"142,496",71% bullish,of 7 ratings,$132
FALC,$1.62,1440083468816,"6,982",63% bearish,of 8 ratings,N/A
FRP,$17.03,1440083468838,"5,850",100% bearish,of 1 rating,$18
DAVE,$14,1440083468969,"8,002",100% bearish,of 1 rating,$15.50
FARM,$22.4,1440083469027,"3,414",100% bearish,of 1 rating,$35
FFKT,$26.71,1440083469069,978,Not yet rated,NULL,$29
FMNB,$8.07,1440083469168,346,Not yet rated,NULL,N/A
FARO,$39.52,1440083469195,"19,657",50% bullish,of 2 ratings,$48
FAST,$39.94,1440083469324,"264,186",80% bullish,of 5 ratings,$46
FBSS,NULL,1440083469391,0,Not yet rated,NULL,N/A
FBRC,$22.53,1440083469419,"1,216",100% bearish,of 1 rating,$29
FATE,$6.39,1440083469445,"34,217",50% bullish,of 2 ratings,$11
FNHC,$23.06,1440083469495,"12,790",100% bearish,of 1 rating,$35
FDML,$9.285,1440083469582,"43,740",50% bullish,of 4 ratings,$14
FEIC,$80.34,1440083469613,"77,032",50% bullish,of 2 ratings,$95.50
FHCO,$1.4,1440083469685,"12,600",50% bullish,of 4 ratings,N/A
FGEN,$24.92,1440083469854,"36,954",100% bearish,of 1 rating,$39
FENX,$9.74,1440083469881,"8,455",100% bullish,of 1 rating,$14.25
FCSC,$5.85,1440083469903,"41,088",100% bearish,of 1 rating,$8.125
ONEQ,$194.57,1440083469947,"7,623",100% bullish,of 1 rating,N/A
LION,$19.42,1440083470096,"14,174",100% bullish,of 1 rating,$20
FRGI,$53.44,1440083470194,"24,753",50% bullish,of 2 ratings,$70
FDUS,$14.958,1440083470258,"10,263",100% bullish,of 1 rating,$18
FSAM,$8.82,1440083470291,732,100% bearish,of 1 rating,$11
FSCFL,$24.8999,1440083470314,"2,675",Not yet rated,NULL,N/A
FSC,$6.54,1440083470351,"199,582",75% bullish,of 4 ratings,$8
FSFR,$9.14,1440083470378,"17,372",100% bearish,of 1 rating,$11.50
FITB,$20.56,1440083470412,"1,246,075",54% bullish,of 13 ratings,$22
FITBI,$27.73,1440083470506,"1,092",Not yet rated,NULL,N/A
FNGN,$34.77,1440083470646,"74,640",67% bullish,of 3 ratings,$47
FISI,$24.64,1440083470866,"22,810",100% bullish,of 2 ratings,$24.50
FNSR,$16.36,1440083470969,"367,717",71% bullish,of 7 ratings,$24.50
FNJN,$1.695,1440083471006,"4,950",100% bearish,of 1 rating,$5
FNTC,$9.82,1440083471036,100,Not yet rated,NULL,N/A
FNTCU,NULL,1440083471061,0,Not yet rated,NULL,N/A
FEYE,$41.69,1440083471098,"913,665",87% bullish,of 15 ratings,$55.50
FBNC,$16.89,1440083471124,"12,792",100% bullish,of 1 rating,$20
FNTCW,NULL,1440083471155,0,Not yet rated,NULL,N/A
FNLC,$18.6,1440083471328,"1,810",100% bullish,of 1 rating,N/A
BUSE,$6.34,1440083471419,"21,607",Not yet rated,NULL,$6.875
FRBA,NULL,1440083471454,0,Not yet rated,NULL,$8
FCVA,$4.7475,1440083471481,"1,100",Not yet rated,NULL,N/A
FCAP,$27,1440083471507,100,Not yet rated,NULL,N/A
FBIZ,$43.9,1440083471551,"2,400",100% bearish,of 2 ratings,$52
FCFS,$38.57,1440083471786,"11,434",100% bearish,of 2 ratings,$48
FCNCA,$243.46,1440083471837,224,Not yet rated,NULL,N/A
FCLF,NULL,1440083471873,0,Not yet rated,NULL,N/A
FCFP,NULL,1440083471907,0,Not yet rated,NULL,N/A
FCCO,$11.9,1440083471975,836,Not yet rated,NULL,$13.25
FBNK,$16.43,1440083471997,780,100% bearish,of 1 rating,$17.50
FCBC,$17.71,1440083472028,"1,192",Not yet rated,NULL,$18
FDEF,$37.85,1440083472057,"6,122",Not yet rated,NULL,$38
FFBC,$19.095,1440083472242,"17,904",67% bearish,of 3 ratings,$20.25
FFNM,$6.42,1440083472271,100,Not yet rated,NULL,N/A
FFBCW,NULL,1440083472435,0,100% bearish,of 1 rating,N/A
THFF,$33.31,1440083472463,"2,216",Not yet rated,NULL,$35
FFIN,$31.3135,1440083472485,"19,291",50% bullish,of 2 ratings,$31.75
FFNW,$12.53,1440083472507,"5,322",Not yet rated,NULL,$14
FFWM,$21,1440083472652,"2,516",Not yet rated,NULL,$24
FIBK,$27.24,1440083472679,"11,007",Not yet rated,NULL,$32
INBK,$32.735,1440083472711,"3,291",50% bullish,of 2 ratings,$37
FMBH,NULL,1440083472822,0,Not yet rated,NULL,N/A
FRME,$25.6333,1440083472855,"35,930",Not yet rated,NULL,$26.50
FNBC,$34.695,1440083472876,"16,073",Not yet rated,NULL,$41.50
FNFG,$9.37,1440083472906,"504,598",80% bullish,of 5 ratings,$9
FMBI,$18.11,1440083472939,"63,183",Not yet rated,NULL,$20
FSFG,$31.12,1440083473139,100,Not yet rated,NULL,N/A
FNWB,$12.0824,1440083473226,"4,670",Not yet rated,NULL,N/A
FSLR,$48.695,1440083473285,"357,676",74% bullish,of 39 ratings,$65
FSBK,NULL,1440083473316,0,100% bullish,of 1 rating,N/A
FSGI,$2.5004,1440083473419,"1,207",Not yet rated,NULL,N/A
BICK,$20.17,1440083473444,100,100% bullish,of 1 rating,N/A
FTCS,$38.0584,1440083473469,"3,110",Not yet rated,NULL,N/A
FV,$24.26,1440083473635,"314,371",Not yet rated,NULL,N/A
FCAN,$24.94,1440083473664,400,Not yet rated,NULL,N/A
FBZ,NULL,1440083473686,0,Not yet rated,NULL,N/A
FEMB,NULL,1440083473815,0,Not yet rated,NULL,N/A
IFV,$18.18,1440083473841,"647,116",100% bearish,of 1 rating,N/A
FTSM,$59.9244,1440083473872,"2,426",100% bearish,of 1 rating,N/A
FEUZ,NULL,1440083473893,0,Not yet rated,NULL,N/A
FCA,$21.007,1440083473915,"3,600",Not yet rated,NULL,N/A
TDIV,$25.2801,1440083474201,"72,352",100% bearish,of 1 rating,N/A
FGM,$36.15,1440083474255,"8,080",Not yet rated,NULL,N/A
MDIV,$19.7148,1440083474282,"49,902",Not yet rated,NULL,N/A
FTGC,$22.563,1440083474303,"30,916",Not yet rated,NULL,N/A
HYLS,$49.7295,1440083474341,"5,785",100% bearish,of 1 rating,N/A
FTHI,$20.23,1440083474363,"5,147",Not yet rated,NULL,N/A
FHK,$33.84,1440083474437,"41,069",Not yet rated,NULL,N/A
SKYY,$29.9092,1440083474657,"11,498",100% bullish,of 1 rating,N/A
FPXI,$27.9395,1440083474691,425,Not yet rated,NULL,N/A
CU,$12.85,1440083474712,"3,274",100% bearish,of 1 rating,N/A
YDIV,$16.88,1440083474734,"1,400",Not yet rated,NULL,N/A
FJP,$48.283,1440083474773,"39,990",Not yet rated,NULL,N/A
PLTM,$6.6864,1440083474796,"2,482",100% bearish,of 1 rating,N/A
FTLB,NULL,1440083474929,0,100% bearish,of 1 rating,N/A
FMB,NULL,1440083475073,0,Not yet rated,NULL,N/A
CIBR,$18.8899,1440083475111,"24,854",Not yet rated,NULL,N/A
QABA,$38.5599,1440083475210,"5,550",100% bearish,of 1 rating,N/A
LMBS,NULL,1440083475266,0,Not yet rated,NULL,N/A
QCLN,$15.4575,1440083475425,"10,791",Not yet rated,NULL,N/A
FONE,$35.6197,1440083475455,300,Not yet rated,NULL,N/A
GRID,NULL,1440083475487,0,100% bearish,of 1 rating,N/A
RDVY,$22.0599,1440083475508,"1,646",Not yet rated,NULL,N/A
CARZ,$35.9099,1440083475530,850,100% bearish,of 1 rating,N/A
QQXT,$42.0499,1440083475566,602,Not yet rated,NULL,N/A
QQEW,$43.12,1440083475704,"25,551",Not yet rated,NULL,N/A
QTEC,$41.0399,1440083475867,"15,489",Not yet rated,NULL,N/A
QINC,NULL,1440083475893,0,Not yet rated,NULL,N/A
AIRR,$16.61,1440083475915,"2,947",100% bearish,of 1 rating,N/A
FTSL,$48.98,1440083475944,"11,326",100% bearish,of 1 rating,N/A
FKO,NULL,1440083475970,0,Not yet rated,NULL,N/A
FSZ,$39.95,1440083476168,"7,377",Not yet rated,NULL,N/A
FDIV,NULL,1440083476194,0,100% bearish,of 1 rating,N/A
FTW,NULL,1440083476219,0,Not yet rated,NULL,N/A
FKU,$43.04,1440083476265,"7,954",Not yet rated,NULL,N/A
TUSA,NULL,1440083476300,0,Not yet rated,NULL,N/A
FMER,$18.12,1440083476396,"120,170",50% bullish,of 2 ratings,$20
FUNC,$8.33,1440083476427,200,Not yet rated,NULL,N/A
SVVC,$10.66,1440083476456,"7,436",100% bullish,of 1 rating,$26
FSV,$32.14,1440083476587,100,Not yet rated,NULL,$33.60
FISV,$89.11,1440083476636,"153,830",100% bearish,of 3 ratings,$90
FIVE,$36.68,1440083476837,"47,324",75% bearish,of 4 ratings,$44
FPRX,$18.66,1440083476868,"54,133",50% bullish,of 2 ratings,$35
FLKS,$14.49,1440083476974,"10,177",50% bullish,of 2 ratings,$27
FLML,$21.465,1440083477003,"49,014",50% bullish,of 2 ratings,$30
FLXN,$24.15,1440083477032,"16,754",100% bearish,of 1 rating,$40
FIVN,$4.25,1440083477054,"93,450",100% bullish,of 1 rating,$8.50
SKOR,$50.5,1440083477088,200,Not yet rated,NULL,N/A
FLXS,$33.26,1440083477118,"18,837",100% bearish,of 2 ratings,N/A
MBSD,NULL,1440083477216,0,Not yet rated,NULL,N/A
FLEX,$10.89,1440083477244,"588,991",63% bullish,of 8 ratings,$12
FLIR,$29.86,1440083477406,"143,689",100% bearish,of 1 rating,$38.50
FOMX,$10.07,1440083477433,"89,741",50% bullish,of 2 ratings,$23.50
FFIC,$20.55,1440083477460,"3,744",Not yet rated,NULL,$21
FLDM,$12.715,1440083477508,"58,327",67% bearish,of 3 ratings,$21.50
FONR,$9.6001,1440083477691,"7,981",100% bullish,of 1 rating,N/A
FOGO,$18.53,1440083477720,"46,264",50% bullish,of 2 ratings,$25.50
FORM,$6.24,1440083477756,"28,757",67% bullish,of 3 ratings,$10.50
FES,$0.9484,1440083477783,300,50% bullish,of 2 ratings,$1
FORTY,NULL,1440083477853,0,Not yet rated,NULL,N/A
FORR,$32.34,1440083477888,"7,672",Not yet rated,NULL,N/A
FBIO,$2.855,1440083477918,"42,308",83% bullish,of 6 ratings,N/A
FTNT,$45.67,1440083477991,"312,477",80% bullish,of 10 ratings,$52
FWRD,$48.1,1440083478135,"51,413",100% bearish,of 1 rating,$50
FORD,$1.0199,1440083478164,"57,055",50% bullish,of 2 ratings,N/A
FOSL,$62.02,1440083478265,"217,470",50% bullish,of 4 ratings,$70
FMI,$20.285,1440083478363,"28,104",100% bearish,of 2 ratings,$27.50
FXCB,$17.27,1440083478390,318,Not yet rated,NULL,$19
FWP,$26.045,1440083478416,"2,830",100% bearish,of 1 rating,$45
FELE,$29.565,1440083478548,"69,284",50% bullish,of 4 ratings,$33
FOXF,$15.34,1440083478579,"4,885",100% bearish,of 1 rating,$19
FRAN,$10.29,1440083478601,"134,312",50% bullish,of 4 ratings,$15
FRED,$14.75,1440083478653,"16,351",50% bullish,of 2 ratings,$16.50
FREE,$0.5434,1440083478738,"1,661,805",92% bullish,of 12 ratings,N/A
FEIM,$10.99,1440083478794,"2,200",100% bearish,of 1 rating,N/A
RAIL,$21.21,1440083478822,"21,495",100% bearish,of 1 rating,$24.50
FRPT,$13.135,1440083478852,"61,866",67% bearish,of 3 ratings,$23.50
FTR,$5.265,1440083478986,"5,384,061",78% bullish,of 27 ratings,$6.25
FTRPR,$103.55,1440083479122,"101,048",100% bearish,of 1 rating,N/A
FRPH,$30.87,1440083479184,200,100% bearish,of 1 rating,N/A
FSBW,$23.44,1440083479212,1,Not yet rated,NULL,N/A
FTD,$30.15,1440083479246,"8,817",100% bearish,of 1 rating,$40
FTEK,$2.2,1440083479346,"15,183",75% bullish,of 4 ratings,N/A
FSYS,$6.5,1440083479376,"15,802",67% bullish,of 3 ratings,$10
FULL,$3.184,1440083479475,"1,735",67% bearish,of 3 ratings,$4.25
FLL,$1.54,1440083479504,"4,395",75% bullish,of 4 ratings,$2.825
FCEL,$0.7903,1440083479638,"254,152",88% bullish,of 40 ratings,$2.65
FSNN,$2.552,1440083479660,"1,600",67% bullish,of 3 ratings,$6
FULT,$12.73,1440083479695,"107,780",100% bearish,of 1 rating,$13
FULLL,$25.46,1440083479722,500,Not yet rated,NULL,N/A
FFHL,NULL,1440083479754,0,50% bullish,of 4 ratings,N/A
FXEN,$0.98,1440083479827,"31,050",75% bullish,of 4 ratings,$1.10
FXENP,NULL,1440083479959,0,100% bearish,of 1 rating,N/A
GK,$71.3,1440083480091,"2,452",Not yet rated,NULL,$78
WILC,$5.1101,1440083480118,300,100% bullish,of 2 ratings,N/A
GAIA,$5.86,1440083480140,"8,180",50% bullish,of 2 ratings,$8.50
GLPG,$64.75,1440083480170,"2,786",100% bullish,of 1 rating,$75
GALT,$2.0596,1440083480316,"11,391",80% bullish,of 5 ratings,N/A
GALE,$1.38,1440083480394,"240,777",89% bullish,of 47 ratings,$4
GALTW,NULL,1440083480424,0,100% bullish,of 1 rating,N/A
GALTU,NULL,1440083480456,0,100% bearish,of 1 rating,N/A
GLPI,$32.87,1440083480500,"52,350",100% bearish,of 1 rating,$37.50
GRMN,$39.49,1440083480563,"113,818",50% bullish,of 6 ratings,$48
GLMD,$8.6301,1440083480594,600,67% bullish,of 3 ratings,$20.50
GPIC,$10.89,1440083480697,200,100% bearish,of 1 rating,N/A
GGAC,NULL,1440083480799,0,100% bearish,of 1 rating,N/A
GGACR,NULL,1440083480954,0,100% bullish,of 1 rating,N/A
GGACU,NULL,1440083481009,0,Not yet rated,NULL,N/A
GENC,$9.43,1440083481090,200,100% bearish,of 1 rating,N/A
GARS,$14.769,1440083481127,"4,514",Not yet rated,NULL,$16
GGACW,$0.12,1440083481155,500,Not yet rated,NULL,N/A
GNCMA,$17.29,1440083481224,"22,412",100% bearish,of 1 rating,$12
GFNCP,NULL,1440083481253,0,Not yet rated,NULL,N/A
GFN,$3.75,1440083481276,"3,447",100% bearish,of 2 ratings,$8
GFNSL,$25.76,1440083481327,"1,300",Not yet rated,NULL,N/A
GENE,$2.56,1440083481516,"87,932",100% bullish,of 12 ratings,N/A
GNMK,$9.3,1440083481544,"25,283",67% bullish,of 6 ratings,$14
GNCA,$12.51,1440083481588,"18,277",100% bearish,of 1 rating,$20
GHDX,$25.87,1440083481617,"15,880",50% bullish,of 2 ratings,$30
GNTX,$15.655,1440083481643,"385,443",Not yet rated,NULL,$20
THRM,$46,1440083481813,"42,282",75% bearish,of 4 ratings,$55.50
GNVC,$2.49,1440083481917,"1,210",90% bullish,of 10 ratings,$8.50
GEOS,$15.33,1440083481947,"48,227",100% bearish,of 3 ratings,$25.50
GTWN,$18.57,1440083481983,1,Not yet rated,NULL,N/A
GERN,$3.12,1440083482011,"211,047",88% bullish,of 16 ratings,$5.25
GABC,$29.91,1440083482082,"1,986",Not yet rated,NULL,$31.50
GEVO,$2.44,1440083482112,"121,495",75% bullish,of 12 ratings,$5
ROCK,$18.28,1440083482243,"8,340",80% bullish,of 5 ratings,$24
GIGM,$0.631,1440083482272,"3,000",100% bullish,of 2 ratings,N/A
GIGA,$1.4,1440083482342,"3,781",100% bearish,of 1 rating,N/A
GIII,$68.04,1440083482443,"18,576",67% bullish,of 3 ratings,$75
GILT,$4.52,1440083482490,"5,606",50% bullish,of 2 ratings,N/A
GILD,$114.84,1440083482529,"1,371,048",91% bullish,of 86 ratings,$129
GLAD,$8.2499,1440083482623,"20,458",50% bullish,of 2 ratings,$8.75
GLADO,NULL,1440083482676,0,Not yet rated,NULL,N/A
GBCI,$26.79,1440083482699,"40,990",50% bullish,of 2 ratings,$31
GOODN,$25.6499,1440083482909,400,Not yet rated,NULL,N/A
GOODO,NULL,1440083482936,0,Not yet rated,NULL,N/A
GOODP,NULL,1440083482957,0,Not yet rated,NULL,N/A
GOOD,$15.74,1440083482990,"6,072",Not yet rated,NULL,$19
GAINN,$25.219,1440083483122,975,Not yet rated,NULL,N/A
GAIN,$7.805,1440083483152,"21,885",100% bullish,of 2 ratings,$8.25
GAINO,$25.7499,1440083483211,200,Not yet rated,NULL,N/A
LAND,$9.41,1440083483402,"4,500",50% bullish,of 2 ratings,$13.75
GAINP,$25.8501,1440083483428,"1,022",Not yet rated,NULL,N/A
GBT,$45.0652,1440083483459,"27,912",100% bearish,of 1 rating,N/A
GLBZ,NULL,1440083483491,0,Not yet rated,NULL,N/A
GDEF,NULL,1440083483558,0,Not yet rated,NULL,N/A
ENT,$11.855,1440083483599,"81,611",100% bearish,of 1 rating,$18
GBLI,$26.73,1440083483698,"3,700",Not yet rated,NULL,N/A
GPACU,NULL,1440083483727,0,Not yet rated,NULL,N/A
GSOL,$8.36,1440083483789,"4,346",100% bearish,of 1 rating,N/A
ACTX,$13.78,1440083483857,751,100% bullish,of 1 rating,N/A
QQQC,$20.108,1440083483943,"6,273",100% bearish,of 1 rating,N/A
ALTY,NULL,1440083483968,0,Not yet rated,NULL,N/A
SOCL,$17.9101,1440083483995,"26,209",100% bullish,of 2 ratings,N/A
SRET,$13.85,1440083484172,1,Not yet rated,NULL,N/A
YLCO,$12.1099,1440083484200,100,Not yet rated,NULL,N/A
GAI,$5.43,1440083484226,"1,562",50% bullish,of 2 ratings,N/A
GSM,$13.63,1440083484376,"44,291",50% bullish,of 2 ratings,$24.50
GBIM,$2.2201,1440083484406,"2,982",50% bullish,of 2 ratings,N/A
GLBS,NULL,1440083484436,0,67% bullish,of 3 ratings,N/A
GLUU,$4.57,1440083484459,"1,045,855",92% bullish,of 26 ratings,$9
GLRI,$1.15,1440083484484,"2,309",100% bearish,of 1 rating,$6
GOGO,$16,1440083484624,"159,039",80% bullish,of 5 ratings,$25
GMLP,$19.4206,1440083484830,"56,890",50% bullish,of 4 ratings,$32.50
GLNG,$37.23,1440083484869,"162,644",83% bullish,of 6 ratings,$58
GOGL,$3.26,1440083484901,"68,960",75% bullish,of 4 ratings,$5
GLDC,NULL,1440083484923,0,50% bullish,of 2 ratings,N/A
GDEN,$8.65,1440083484953,"4,695",50% bullish,of 2 ratings,N/A
GLYC,$7.25,1440083485002,712,50% bullish,of 2 ratings,$14
GBDC,$16.6,1440083485131,"12,967",Not yet rated,NULL,$17.75
GOOGL,$683.825,1440083485159,"359,937",88% bullish,of 1079 ratings,$749
GTIM,$6.464,1440083485221,"34,795",Not yet rated,NULL,$11.50
GOOG,$650.925,1440083485249,"293,682",89% bullish,of 65 ratings,$825
GPRO,$51.7501,1440083485288,"2,228,203",78% bullish,of 58 ratings,$72
GPIAU,NULL,1440083485388,0,Not yet rated,NULL,N/A
GMAN,$4.51,1440083485417,"15,540",60% bullish,of 5 ratings,$8
GPIAW,NULL,1440083485547,0,Not yet rated,NULL,N/A
GPIA,NULL,1440083485572,0,Not yet rated,NULL,N/A
LOPE,$36.65,1440083485721,"42,683",100% bearish,of 2 ratings,$50
GLDD,$5.5275,1440083485852,"20,579",100% bearish,of 4 ratings,$7.75
GBSN,$2.13,1440083485882,"31,981",100% bearish,of 1 rating,$8.25
GRVY,NULL,1440083485910,0,50% bullish,of 2 ratings,N/A
GBSNU,$17.05,1440083485985,"2,350",Not yet rated,NULL,N/A
GSBC,$40.86,1440083486037,"6,396",100% bullish,of 1 rating,$44
GPP,$14.55,1440083486139,"5,800",Not yet rated,NULL,$20.50
GRBK,$13.84,1440083486174,"27,362",77% bullish,of 13 ratings,N/A
GNBC,$12.39,1440083486209,"1,475",100% bearish,of 1 rating,$17
GPRE,$20.44,1440083486273,"114,347",67% bullish,of 6 ratings,$28.50
GLRE,$26.1697,1440083486305,"42,808",100% bullish,of 1 rating,$41
GCBC,NULL,1440083486331,0,100% bullish,of 1 rating,N/A
GRFS,$31.4133,1440083486528,"17,752",50% bullish,of 2 ratings,$35
GRIF,NULL,1440083486553,0,100% bearish,of 1 rating,N/A
GRPN,$4.07,1440083486698,"1,667,404",61% bullish,of 71 ratings,$6.75
OMAB,$40.54,1440083486724,"5,092",100% bullish,of 1 rating,$44
GGAL,$19.155,1440083486750,"73,842",80% bullish,of 5 ratings,$40
GSIG,$13.355,1440083486794,"2,944",100% bearish,of 2 ratings,N/A
GSIT,$4.85,1440083486897,"6,203",100% bearish,of 1 rating,N/A
GSVC,$9.3399,1440083486926,"15,782",50% bullish,of 2 ratings,$14.50
GTXI,$0.92,1440083486952,"32,885",100% bullish,of 5 ratings,$.75
GBNK,$15.92,1440083487116,"8,918",100% bearish,of 1 rating,$18
GULTU,$0.3095,1440083487142,"953,011",100% bearish,of 1 rating,N/A
GFED,NULL,1440083487169,0,Not yet rated,NULL,$17
GUID,$8.1175,1440083487302,"23,998",100% bearish,of 3 ratings,$10
GIFI,$12.61,1440083487329,"17,280",100% bearish,of 1 rating,$16
GURE,$1.7301,1440083487463,"17,115",88% bullish,of 8 ratings,N/A
GWPH,$106.47,1440083487555,"74,022",78% bullish,of 9 ratings,$148.50
GPOR,$33.81,1440083487588,"162,993",75% bullish,of 4 ratings,$55
GWGH,NULL,1440083487686,0,100% bearish,of 1 rating,$15.05
HEES,$16.89,1440083487720,"83,997",67% bearish,of 3 ratings,$31
GYRO,$2.99,1440083487741,"1,176",100% bearish,of 1 rating,N/A
HLG,NULL,1440083487776,0,100% bearish,of 1 rating,N/A
HNRG,$7.17,1440083487872,"58,051",100% bearish,of 1 rating,$10
HALO,$18.04,1440083487966,"227,652",67% bullish,of 3 ratings,$22.50
HALL,$11.6899,1440083488000,"2,354",Not yet rated,NULL,N/A
HBK,$13.72,1440083488096,550,50% bullish,of 2 ratings,N/A
HMPR,$1.95,1440083488155,"174,754",100% bullish,of 1 rating,N/A
HBHCL,$24.5899,1440083488225,"9,116",Not yet rated,NULL,N/A
HNH,$28.66,1440083488300,"6,897",100% bullish,of 1 rating,N/A
HBHC,$27.44,1440083488326,"33,198",50% bullish,of 2 ratings,$30
HNSN,$0.505,1440083488456,"11,092",88% bullish,of 8 ratings,$.40
HDNG,$10.428,1440083488490,272,50% bullish,of 4 ratings,N/A
HQCL,$9.935,1440083488595,"2,688",67% bullish,of 3 ratings,N/A
HLIT,$5.75,1440083488631,"39,801",100% bearish,of 1 rating,$6.50
HRMN,NULL,1440083488682,0,Not yet rated,NULL,N/A
HRMNU,NULL,1440083488729,0,Not yet rated,NULL,N/A
HRMNW,NULL,1440083488759,0,Not yet rated,NULL,N/A
HAFC,$24.89,1440083488788,"12,816",100% bullish,of 2 ratings,$28.50
TINY,$2.4401,1440083488920,"3,402",50% bullish,of 2 ratings,$5.26
HART,$0.57,1440083488997,"19,860",100% bearish,of 1 rating,N/A
HBIO,$4.43,1440083489141,"4,544",Not yet rated,NULL,$10
HCAPL,$25.7154,1440083489195,800,Not yet rated,NULL,N/A
HCAP,$12.09,1440083489272,720,50% bullish,of 2 ratings,$15
HCOM,$22.67,1440083489340,154,100% bearish,of 1 rating,$28
HAS,$78.2,1440083489367,"150,628",63% bullish,of 8 ratings,$84.50
HA,$25.255,1440083489413,"116,900",67% bullish,of 9 ratings,$27
HWBK,$13.49,1440083489501,328,100% bearish,of 1 rating,N/A
HWKN,$36.72,1440083489531,"2,018",Not yet rated,NULL,N/A
HAYN,$38.86,1440083489563,"6,250",100% bearish,of 1 rating,$59
HDS,$33.7,1440083489584,"177,881",100% bearish,of 2 ratings,$39.50
HSTM,$24.99,1440083489786,"11,198",50% bullish,of 2 ratings,$33.75
HIIQ,$4.49,1440083489816,"3,450",50% bullish,of 2 ratings,$7
HCSG,$34.13,1440083489842,"18,816",50% bullish,of 4 ratings,$35
HQY,$32.06,1440083489918,"25,338",67% bullish,of 3 ratings,$31
HWAY,$12.45,1440083490001,"48,847",100% bearish,of 1 rating,$15
HTLD,$20.81,1440083490027,"72,582",Not yet rated,NULL,$22.50
HTWR,$86.5,1440083490225,"24,190",50% bullish,of 2 ratings,$103
HTBX,$5.26,1440083490259,"9,970",50% bullish,of 2 ratings,$15.50
HTLF,$36.66,1440083490282,"6,827",100% bullish,of 1 rating,$39.50
HELE,$90.56,1440083490315,"44,288",67% bearish,of 3 ratings,$100
HSII,$20.29,1440083490347,"13,502",100% bullish,of 3 ratings,$25
HMNY,$2.29,1440083490376,"1,100",100% bearish,of 1 rating,N/A
HMTV,$12.92,1440083490449,606,100% bearish,of 1 rating,$16
HNNA,$23.02,1440083490507,"4,148",Not yet rated,NULL,N/A
HCACU,$10.02,1440083490667,200,Not yet rated,NULL,N/A
HSIC,$144.65,1440083490759,"46,450",83% bullish,of 6 ratings,$146
HERO,$0.068,1440083490793,"416,359",81% bullish,of 16 ratings,$.75
HTBK,$10.84,1440083490891,"8,005",Not yet rated,NULL,$12
HFWA,$18.08,1440083490919,"3,259",100% bullish,of 1 rating,$20
HEOP,$7.8,1440083490951,217,Not yet rated,NULL,$8.50
MLHR,$28.9003,1440083491058,"24,557",50% bullish,of 2 ratings,$33.50
HSKA,$33.38,1440083491196,"6,090",100% bearish,of 1 rating,$38
HPJ,$2.67,1440083491226,"6,550",75% bullish,of 4 ratings,$12.43
HCCI,$12,1440083491261,254,100% bearish,of 1 rating,$16.50
HIBB,$39.95,1440083491329,"56,244",100% bearish,of 1 rating,$48.50
HIHO,$4.2899,1440083491399,788,Not yet rated,NULL,N/A
HRTX,$33.255,1440083491421,"150,046",67% bullish,of 6 ratings,$41
HFFC,$16.2,1440083491502,"1,302",Not yet rated,NULL,N/A
HIMX,$6.75,1440083491556,"585,961",86% bullish,of 21 ratings,$8.50
HSGX,$6.34,1440083491733,800,100% bearish,of 1 rating,$17
HMNF,NULL,1440083491772,0,Not yet rated,NULL,N/A
HMSY,$9.275,1440083491836,"151,567",67% bullish,of 3 ratings,$19.35
HOLI,$17.39,1440083491915,"80,226",50% bullish,of 4 ratings,$27
HOLX,$41.38,1440083492007,"218,370",67% bullish,of 3 ratings,$42
HBCP,$24.24,1440083492229,"1,200",Not yet rated,NULL,$29
HFBL,$21.8,1440083492262,"6,661",Not yet rated,NULL,N/A
HMST,$21.425,1440083492289,"26,125",100% bullish,of 2 ratings,$27
HIFS,$118.35,1440083492317,461,Not yet rated,NULL,N/A
AWAY,$30.94,1440083492348,"165,277",67% bullish,of 3 ratings,$36
HOMB,$39.7451,1440083492381,"20,589",Not yet rated,NULL,$41
HMIN,$29.385,1440083492479,"43,703",100% bearish,of 2 ratings,$35
HTBI,$18.34,1440083492501,"11,341",67% bullish,of 3 ratings,$18.625
HKTV,$4.93,1440083492642,"14,800",100% bearish,of 1 rating,N/A
CETC,$0.83,1440083492726,"33,801",86% bullish,of 7 ratings,N/A
HOFT,$24.64,1440083492862,"7,460",100% bearish,of 1 rating,N/A
HBNC,$24.76,1440083492891,"9,117",100% bullish,of 1 rating,$27
HFBC,$11.5,1440083492966,"3,400",Not yet rated,NULL,N/A
ZINC,$7.575,1440083493026,"102,433",100% bearish,of 1 rating,$17
HZNP,$30.407,1440083493053,"276,535",85% bullish,of 20 ratings,$40
HRZN,$10.83,1440083493189,"20,957",100% bearish,of 1 rating,$14.25
HMHC,$22.3099,1440083493223,"110,079",Not yet rated,NULL,$27
HDP,$25.485,1440083493258,"73,966",67% bearish,of 3 ratings,$30.50
HWCC,$7.295,1440083493288,"12,363",100% bearish,of 1 rating,$9
HOVNP,NULL,1440083493309,0,100% bearish,of 1 rating,N/A
HBMD,NULL,1440083493349,0,100% bearish,of 1 rating,N/A
HSNI,$62.205,1440083493509,"46,945",Not yet rated,NULL,$80
HUBG,$40.25,1440083493590,"27,515",100% bearish,of 1 rating,$43
HTGM,$6.0799,1440083493616,"7,784",100% bearish,of 1 rating,$19.50
HCBK,$9.96,1440083493832,"375,218",83% bullish,of 6 ratings,$8.61
HSON,$2.9575,1440083493862,"2,561",100% bearish,of 1 rating,$5
HBANP,$1358,1440083493889,79,100% bearish,of 1 rating,N/A
HURC,$30.37,1440083493923,"4,807",100% bearish,of 1 rating,N/A
HBAN,$11.435,1440083493957,"1,440,241",76% bullish,of 17 ratings,$12.50
HDSN,$2.9999,1440083493979,"33,966",100% bullish,of 1 rating,$6.25
HBP,NULL,1440083494058,0,100% bullish,of 1 rating,N/A
HTCH,$1.64,1440083494108,"21,800",100% bearish,of 1 rating,$3.50
HDRA,$9.69,1440083494239,100,Not yet rated,NULL,N/A
HURN,$74.95,1440083494264,"9,440",50% bullish,of 2 ratings,$80
HDRAR,$0.3701,1440083494404,"1,700",Not yet rated,NULL,N/A
HDRAW,NULL,1440083494430,0,Not yet rated,NULL,N/A
HDRAU,$10.1,1440083494478,"5,825",Not yet rated,NULL,N/A
IACI,$72.39,1440083494639,"215,375",75% bullish,of 4 ratings,$90
HYGS,$7.44,1440083494671,"12,282",50% bullish,of 2 ratings,$13
IBKC,$61.65,1440083494744,"21,958",100% bullish,of 1 rating,$70
IDSY,$3.9,1440083494775,"6,817",100% bearish,of 1 rating,$7
IKGH,$1.707,1440083494805,"2,500",75% bullish,of 4 ratings,N/A
IEP,$70.04,1440083494851,"28,254",75% bullish,of 4 ratings,$99
ICAD,$3.51,1440083494911,"5,650",50% bullish,of 2 ratings,$7.25
ICFI,$35.88,1440083495043,"24,524",50% bullish,of 2 ratings,$48.50
ICLR,$79.76,1440083495097,"72,131",100% bearish,of 3 ratings,$85
ICON,$12.75,1440083495126,"69,235",50% bullish,of 2 ratings,$18.50
ICUI,$120.93,1440083495258,"6,813",Not yet rated,NULL,$122
IPWR,$7.3499,1440083495285,"4,540",100% bullish,of 1 rating,$15
INVE,$4.7701,1440083495411,"13,686",75% bullish,of 4 ratings,$4
IDRA,$2.59,1440083495449,"304,303",89% bullish,of 9 ratings,$6.50
IDXX,$76.51,1440083495508,"94,971",100% bearish,of 1 rating,$77
DSKY,$11.9,1440083495534,"81,805",67% bullish,of 6 ratings,$11.50
IROQ,NULL,1440083495593,0,100% bullish,of 1 rating,N/A
IRG,$4.57,1440083495666,"3,160",100% bearish,of 1 rating,$4.50
RXDX,$12.665,1440083495724,"35,354",100% bullish,of 1 rating,$20
KANG,$15.54,1440083495843,"107,798",50% bullish,of 2 ratings,$22.55
IIVI,$17.65,1440083495873,"31,946",100% bearish,of 1 rating,$22
IKAN,$2.72,1440083495906,"20,102",83% bullish,of 6 ratings,$5
ILMN,$202.35,1440083495945,"145,607",80% bullish,of 5 ratings,$240
IKNX,NULL,1440083495970,0,100% bearish,of 1 rating,N/A
ISNS,$4.1,1440083496163,"7,451",50% bullish,of 2 ratings,N/A
IMMR,$11.58,1440083496191,"75,787",80% bullish,of 5 ratings,$15.50
ICCC,$8.3001,1440083496253,"3,916",100% bullish,of 1 rating,N/A
IMGN,$12.75,1440083496338,"153,581",75% bullish,of 4 ratings,$17.50
IMDZ,$16.47,1440083496390,"13,250",100% bearish,of 1 rating,$33
IMNP,$1.46,1440083496416,"22,171",50% bullish,of 2 ratings,$6
IMMU,$1.78,1440083496469,"141,699",86% bullish,of 7 ratings,$2
IPXL,$45.05,1440083496547,"141,184",67% bullish,of 3 ratings,$46.50
IMMY,$7.3888,1440083496613,"6,988",100% bearish,of 1 rating,$11
INCR,$43.65,1440083496765,"70,551",50% bullish,of 2 ratings,$53
SAAS,$7.69,1440083496800,"67,784",50% bullish,of 2 ratings,$15
INCY,$110.89,1440083496826,"151,960",50% bullish,of 6 ratings,$125.50
IBCP,$14.43,1440083496861,"6,884",100% bullish,of 1 rating,$14.50
IBTX,$43.16,1440083496961,"6,384",100% bullish,of 2 ratings,$47.25
INDB,$47.4,1440083496991,"3,993",Not yet rated,NULL,$44
IDSA,NULL,1440083497091,0,Not yet rated,NULL,N/A
IPCC,$81.455,1440083497228,"7,204",Not yet rated,NULL,$77.50
INFN,$22.75,1440083497255,"733,847",71% bullish,of 7 ratings,$28
INFI,$9.205,1440083497276,"131,633",50% bullish,of 4 ratings,$18
III,$4.28,1440083497312,"15,520",57% bullish,of 7 ratings,$6
IFON,$1.22,1440083497412,"90,296",75% bullish,of 4 ratings,N/A
IMKTA,$53.96,1440083497543,"11,965",100% bearish,of 1 rating,N/A
INNL,$12.63,1440083497573,588,100% bearish,of 1 rating,$16.50
IPHS,$48.9,1440083497650,"9,207",100% bearish,of 1 rating,$60
IOSP,$46.23,1440083497683,"20,399",100% bearish,of 1 rating,N/A
INOD,$2.5011,1440083497757,"12,493",100% bearish,of 1 rating,N/A
INWK,$7.4999,1440083497791,"14,200",50% bullish,of 2 ratings,$10
ISSC,$2.95,1440083497887,"7,800",67% bearish,of 3 ratings,N/A
INGN,$50.22,1440083497914,"32,380",100% bearish,of 1 rating,$50.50
INO,$7.296,1440083498045,"329,755",89% bullish,of 18 ratings,$20
ITEK,$14.99,1440083498078,"118,024",100% bearish,of 3 ratings,$20
INOV,$21.11,1440083498148,"72,397",100% bearish,of 1 rating,$33
ISIG,$2.5992,1440083498294,"4,300",100% bearish,of 1 rating,N/A
NSIT,$26.56,1440083498424,"21,328",50% bullish,of 2 ratings,N/A
IIIN,$18.01,1440083498454,"25,121",100% bearish,of 2 ratings,N/A
INSY,$33.45,1440083498486,"95,130",75% bullish,of 4 ratings,$48
INSM,$26.56,1440083498514,"30,321",71% bullish,of 7 ratings,$31.50
PODD,$29.58,1440083498554,"49,150",50% bullish,of 2 ratings,$35
NTEC,$5.97,1440083498583,852,Not yet rated,NULL,N/A
IART,$61.0899,1440083498727,"50,554",100% bearish,of 1 rating,$71.50
IDTI,$17.895,1440083498797,"591,568",60% bullish,of 5 ratings,$25
IESC,$7.33,1440083498858,400,100% bearish,of 1 rating,N/A
INTC,$27.98,1440083498886,"5,576,291",82% bullish,of 238 ratings,$36
ISSI,$22.33,1440083499028,"60,842",67% bullish,of 3 ratings,$19.75
IQNT,$18.7232,1440083499109,"44,266",86% bullish,of 7 ratings,$20
IPAR,$28.16,1440083499186,"4,476",67% bullish,of 3 ratings,$38
IPCI,$2.14,1440083499253,"14,100",67% bullish,of 6 ratings,$7.75
IBKR,$40.92,1440083499287,"97,882",100% bullish,of 1 rating,N/A
ICPT,$201.72,1440083499316,"49,923",70% bullish,of 10 ratings,$359.50
ININ,$39.88,1440083499346,"20,009",67% bearish,of 3 ratings,$57
ICLD,$1.83,1440083499501,"58,432",75% bullish,of 4 ratings,N/A
IDCC,$48.95,1440083499598,"40,265",80% bullish,of 5 ratings,$63
INAP,$8.72,1440083499661,"34,836",75% bullish,of 4 ratings,$11
TILE,$25.315,1440083499686,"76,058",67% bearish,of 3 ratings,$27
ICLDW,NULL,1440083499716,0,100% bearish,of 1 rating,N/A
IMI,$2,1440083499737,"1,600",67% bullish,of 3 ratings,$2.22
IBOC,$26.5,1440083499938,"24,876",100% bearish,of 1 rating,N/A
ISCA,$32.47,1440083499998,"6,567",100% bearish,of 1 rating,N/A
IIJI,NULL,1440083500029,0,50% bullish,of 2 ratings,$11.50
XENT,$28.21,1440083500094,"27,024",50% bullish,of 2 ratings,$36.50
INPH,$0.31,1440083500165,100,50% bullish,of 2 ratings,N/A
IGLD,$7.25,1440083500194,712,50% bullish,of 2 ratings,N/A
PTNT,$3,1440083500217,810,Not yet rated,NULL,N/A
INTX,$2.4,1440083500249,"2,218",67% bullish,of 3 ratings,N/A
IILG,$21.02,1440083500430,"12,975",100% bearish,of 1 rating,$30.50
ISIL,$10.46,1440083500460,"102,297",50% bullish,of 6 ratings,$15
INTL,$27.31,1440083500588,"13,233",67% bearish,of 3 ratings,N/A
INTLL,NULL,1440083500620,0,Not yet rated,NULL,N/A
IVAC,$4.9,1440083500642,"4,400",Not yet rated,NULL,$6.625
IIN,$6.42,1440083500724,510,100% bearish,of 1 rating,$12
ITCI,$29.64,1440083500789,"101,835",75% bearish,of 4 ratings,$40
INVT,$0.29,1440083500861,"10,377",67% bullish,of 3 ratings,N/A
INTU,$104.1,1440083500890,"174,820",100% bullish,of 7 ratings,$110.50
ISRG,$521.33,1440083501020,"26,948",67% bullish,of 3 ratings,$600
ISTR,$15.69,1440083501079,4,100% bearish,of 1 rating,$18.50
SNAK,$8.67,1440083501113,"8,362",50% bullish,of 2 ratings,$14
ISBC,$12.05,1440083501138,"400,583",100% bullish,of 1 rating,$13.25
ITIC,NULL,1440083501306,0,100% bearish,of 2 ratings,N/A
IVTY,$11.85,1440083501334,"5,601",Not yet rated,NULL,$18
NVIV,$11.19,1440083501361,"104,699",50% bullish,of 4 ratings,$24.50
IPAS,$1.0799,1440083501498,"5,000",67% bullish,of 3 ratings,N/A
DTUL,NULL,1440083501534,0,Not yet rated,NULL,N/A
DFVL,NULL,1440083501691,0,Not yet rated,NULL,N/A
IPGP,$89.12,1440083501722,"47,888",100% bearish,of 2 ratings,$109.50
IRMD,$25.73,1440083501824,"13,653",67% bearish,of 3 ratings,$25
IPCM,$79.15,1440083501863,"73,534",50% bullish,of 2 ratings,$80.125
IRIX,$7.17,1440083501886,"12,800",100% bearish,of 1 rating,N/A
IRDMB,$264.29,1440083501913,20,67% bearish,of 3 ratings,N/A
IRBT,$30.1051,1440083501943,"25,160",67% bullish,of 6 ratings,$37
IRDM,$6.6925,1440083501978,"58,200",60% bullish,of 5 ratings,$11.50
IRWD,$11.295,1440083502079,"109,325",100% bearish,of 1 rating,$13
IRCP,$33,1440083502255,357,100% bullish,of 2 ratings,N/A
COMT,$32.996,1440083502304,"2,200",100% bearish,of 1 rating,N/A
FCHI,$47.9,1440083502470,470,Not yet rated,NULL,N/A
IFNA,$55.7,1440083502502,"1,600",Not yet rated,NULL,N/A
ACWX,$41.84,1440083502528,"269,945",100% bearish,of 1 rating,N/A
IFEU,$40.2,1440083502555,"2,935",Not yet rated,NULL,N/A
IFAS,$28.84,1440083502577,300,Not yet rated,NULL,N/A
GNMA,$50.2999,1440083502615,972,Not yet rated,NULL,N/A
IFGL,$29.7,1440083502712,"5,044",Not yet rated,NULL,N/A
ACWI,$57.69,1440083502745,"178,739",Not yet rated,NULL,N/A
AXJS,NULL,1440083502850,0,Not yet rated,NULL,N/A
AAXJ,$53.96,1440083502883,"417,883",Not yet rated,NULL,N/A
EEMA,$51.211,1440083502921,"3,984",Not yet rated,NULL,N/A
AAIT,$30.2135,1440083502981,306,100% bullish,of 1 rating,N/A
EMDI,$45.33,1440083503155,500,Not yet rated,NULL,N/A
EEME,NULL,1440083503186,0,100% bearish,of 1 rating,N/A
EMEY,$24.3966,1440083503319,500,Not yet rated,NULL,N/A
EVAL,$36.15,1440083503352,"3,628",Not yet rated,NULL,N/A
EGRW,$46.25,1440083503406,"1,537",Not yet rated,NULL,N/A
EUFN,$22.6,1440083503492,"41,555",100% bearish,of 1 rating,N/A
EEML,$28.25,1440083503536,600,Not yet rated,NULL,N/A
IEUS,$46.9599,1440083503569,"1,522",100% bearish,of 1 rating,N/A
QAT,NULL,1440083503662,0,Not yet rated,NULL,N/A
IBB,$359.7522,1440083503693,"263,752",63% bullish,of 8 ratings,N/A
UAE,NULL,1440083503724,0,Not yet rated,NULL,N/A
SOXX,$82.45,1440083503790,"232,204",50% bullish,of 2 ratings,N/A
EMIF,$29.17,1440083503940,"1,370",Not yet rated,NULL,N/A
ICLN,$9.736,1440083503965,"10,747",50% bullish,of 2 ratings,N/A
WOOD,$50.35,1440083504019,"1,219",50% bullish,of 2 ratings,N/A
INDY,$29.06,1440083504211,"133,057",100% bullish,of 1 rating,N/A
ISIS,$49.65,1440083504264,"214,634",53% bullish,of 15 ratings,$67
ISHG,$79.39,1440083504289,"1,498",100% bearish,of 1 rating,N/A
IGOV,$91.275,1440083504426,"5,000",100% bearish,of 1 rating,N/A
ISRL,$136.99,1440083504452,121,100% bearish,of 1 rating,N/A
ITRN,$25.11,1440083504482,"1,663",50% bullish,of 2 ratings,N/A
ISLE,$17.64,1440083504509,"58,206",50% bullish,of 4 ratings,$16
XXIA,$15.7,1440083504643,"63,019",71% bullish,of 7 ratings,$14.625
ITRI,$32.64,1440083504687,"54,766",Not yet rated,NULL,$37
ITUS,$4.3501,1440083504714,"2,400",Not yet rated,NULL,N/A
IXYS,$10.605,1440083504736,"34,957",50% bullish,of 4 ratings,N/A
JJSF,$117.78,1440083504868,"5,328",100% bearish,of 1 rating,N/A
MAYS,NULL,1440083504965,0,Not yet rated,NULL,N/A
JBHT,$79.22,1440083505121,"152,272",50% bullish,of 4 ratings,$89.50
JASO,$7.89,1440083505170,"282,953",82% bullish,of 17 ratings,$10
JKHY,$70.72,1440083505197,"41,572",50% bullish,of 2 ratings,$72
JACK,$85.09,1440083505224,"74,162",83% bullish,of 6 ratings,$105
JCOM,$72.323,1440083505246,"14,220",100% bullish,of 2 ratings,$77
JXSB,NULL,1440083505427,0,Not yet rated,NULL,N/A
JAKK,$9.77,1440083505456,"269,462",60% bearish,of 5 ratings,$10.50
JAXB,$13.22,1440083505485,15,100% bullish,of 1 rating,N/A
JMBA,$13.52,1440083505617,"14,201",75% bullish,of 4 ratings,$18
JAGX,$2.95,1440083505645,300,Not yet rated,NULL,N/A
ERW,NULL,1440083505718,0,Not yet rated,NULL,N/A
JRVR,$26.68,1440083505795,"3,600",Not yet rated,NULL,$32
JASNW,$0.25,1440083505866,"5,000",50% bullish,of 2 ratings,N/A
JASN,$4.92,1440083505942,"8,314",50% bullish,of 2 ratings,$9.50
JAZZ,$183.78,1440083506001,"59,585",80% bullish,of 15 ratings,$206.50
JD,$25.575,1440083506028,"2,154,423",75% bullish,of 16 ratings,$36
JBLU,$23.4401,1440083506156,"1,231,081",94% bullish,of 16 ratings,$27
JTPY,$3,1440083506186,500,100% bearish,of 1 rating,N/A
DATE,$6.47,1440083506287,"61,144",75% bullish,of 4 ratings,$9
JCTCF,NULL,1440083506383,0,100% bullish,of 1 rating,N/A
JST,$4.18,1440083506442,"21,548",75% bullish,of 4 ratings,N/A
JOEZ,$0.1845,1440083506468,"95,940",92% bullish,of 12 ratings,N/A
WYIGU,NULL,1440083506514,0,Not yet rated,NULL,N/A
JBSS,$48.43,1440083506702,"3,808",67% bearish,of 3 ratings,N/A
JOUT,$24.87,1440083506728,"1,900",100% bearish,of 1 rating,$34
JIVE,$4.07,1440083506754,"120,887",75% bullish,of 4 ratings,$5
JUNO,$39.72,1440083506893,"323,924",73% bullish,of 11 ratings,$71.50
JNP,$9.84,1440083506923,"7,235",100% bullish,of 3 ratings,$15
KALU,$84.01,1440083506993,"20,449",67% bearish,of 3 ratings,$91
KTWO,$21.64,1440083507022,"42,394",100% bearish,of 1 rating,$28.50
KNDI,$7.402,1440083507210,"109,345",86% bullish,of 22 ratings,N/A
KBIO,$1.95,1440083507249,"28,386",50% bullish,of 4 ratings,N/A
KBSF,$3.9115,1440083507344,750,100% bullish,of 1 rating,N/A
KPTI,$13.14,1440083507372,"60,611",67% bearish,of 3 ratings,$39
KMDA,$3.65,1440083507526,"6,485",50% bullish,of 2 ratings,$8
KCAP,$4.7788,1440083507554,"26,706",75% bullish,of 4 ratings,$6
KCLI,$47.6575,1440083507584,"2,218",Not yet rated,NULL,N/A
KRNY,$11.56,1440083507636,"125,356",100% bearish,of 1 rating,$12
KERX,$5.69,1440083507886,"274,011",82% bullish,of 11 ratings,$12
KELYA,$14.9,1440083507916,"14,775",67% bullish,of 6 ratings,$20
KFFB,NULL,1440083507942,0,100% bearish,of 1 rating,N/A
KELYB,NULL,1440083507973,0,50% bullish,of 2 ratings,N/A
GMCR,$50.9,1440083508075,"515,392",71% bullish,of 42 ratings,$64
KEQU,$16.8501,1440083508104,800,100% bullish,of 1 rating,N/A
KMPH,$21.08,1440083508132,"10,554",100% bearish,of 2 ratings,$22
KTEC,$12,1440083508300,424,Not yet rated,NULL,N/A
KBAL,$11.2,1440083508335,"13,252",50% bullish,of 2 ratings,N/A
KTCC,$10.44,1440083508392,"5,950",100% bearish,of 1 rating,$16
KE,$11.37,1440083508495,"9,765",67% bearish,of 3 ratings,$16
KFRC,$28.27,1440083508520,"23,774",100% bullish,of 2 ratings,$29
KINS,$8.56,1440083508690,"2,400",100% bullish,of 1 rating,N/A
KIN,$5.9045,1440083508718,"4,648",50% bullish,of 2 ratings,$6.25
KGJI,$0.7299,1440083508744,"253,300",89% bullish,of 9 ratings,N/A
