Symbol,Price,Date,Volume,Rating,RatingVoteCount,OneYearEstimate
TFSCR,NULL,1441390502867,0,Not yet rated,NULL,N/A
PIH,$7.52,1441390502968,"1,900",100% bearish,of 1 rating,N/A
FCTY,$7.613,1441390502994,350,100% bullish,of 1 rating,$8.50
TFSCW,$0.28,1441390503024,920,100% bearish,of 1 rating,N/A
FLWS,$8.65,1441390503051,"140,230",80% bullish,of 5 ratings,$15
TFSCU,$10.32,1441390503126,400,Not yet rated,NULL,N/A
SRCE,$29.75,1441390503185,"19,745",100% bullish,of 3 ratings,$33
TFSC,$9.7989,1441390503258,300,100% bearish,of 1 rating,N/A
FCCY,NULL,1441390503343,0,100% bullish,of 1 rating,$13
TWOU,$34.52,1441390503406,"77,581",50% bullish,of 2 ratings,$39
VNET,$18,1441390503478,"135,612",60% bullish,of 5 ratings,$35
DSLV,$69.9,1441390503511,"6,650",100% bearish,of 1 rating,N/A
UGLD,$8.98,1441390503541,"101,554",100% bearish,of 1 rating,N/A
DGLD,$83.87,1441390503608,"7,922",100% bullish,of 1 rating,N/A
JOBS,$25.94,1441390503677,"55,781",50% bullish,of 4 ratings,$36
USLV,$12.35,1441390503894,"172,788",86% bullish,of 7 ratings,N/A
SIXD,$2.5601,1441390503954,"19,060",Not yet rated,NULL,N/A
AVHI,$13.46,1441390504108,"186,628",100% bearish,of 1 rating,$19
CAFD,$14.96,1441390504138,"160,827",Not yet rated,NULL,$24.50
EGHT,$7.71,1441390504160,"123,903",82% bullish,of 17 ratings,$11
ABGB,$4.901,1441390504189,"19,963",67% bullish,of 3 ratings,$5.50
SHLM,$32.53,1441390504219,"37,874",100% bearish,of 1 rating,$47
AAON,$19.63,1441390504245,"52,012",100% bearish,of 1 rating,$24
ABAX,$46.65,1441390504425,"41,032",100% bearish,of 1 rating,$60
ABY,$21.22,1441390504562,"677,579",100% bearish,of 2 ratings,$46
AXAS,$1.71,1441390504599,"836,232",78% bullish,of 9 ratings,$3.50
ABMD,$92.98,1441390504637,"165,383",75% bullish,of 4 ratings,$100.50
ABEO,$4.66,1441390504664,"12,861",50% bullish,of 4 ratings,$15.50
ABEOW,$1.8687,1441390504693,585,100% bullish,of 1 rating,N/A
ACTG,$9.12,1441390504799,"49,110",67% bullish,of 3 ratings,$18.50
ACHC,$72.0055,1441390504904,"112,228",50% bullish,of 2 ratings,$92
AXDX,$18.58,1441390505109,"27,474",100% bearish,of 1 rating,N/A
ACST,$0.31,1441390505135,"4,200",100% bullish,of 2 ratings,N/A
ARAY,$6.56,1441390505159,"140,379",100% bearish,of 1 rating,$10.50
ACAD,$39.1497,1441390505193,"639,337",80% bullish,of 20 ratings,$48
XLRN,$28.315,1441390505214,"41,556",50% bullish,of 2 ratings,$57
ANCX,$19.68,1441390505290,"9,971",Not yet rated,NULL,$20
VXDN,$1.8,1441390505392,"5,478",100% bearish,of 1 rating,N/A
ACRX,$4.2,1441390506440,"106,679",67% bearish,of 6 ratings,$7
ACHN,$7.67,1441390506490,"1,232,018",90% bullish,of 21 ratings,$16
ACET,$22.17,1441390506571,"43,479",75% bullish,of 4 ratings,$30
ACIW,$21.12,1441390506703,"67,815",67% bearish,of 3 ratings,$24
VXUP,$1.6875,1441390506733,"14,781",100% bearish,of 1 rating,N/A
ACOR,$31.46,1441390506760,"106,798",67% bearish,of 3 ratings,$38.50
ACNB,NULL,1441390506837,0,Not yet rated,NULL,N/A
ACTA,$13.82,1441390506991,"12,122",67% bearish,of 3 ratings,$25
ATVI,$28.02,1441390507022,"2,542,355",67% bullish,of 84 ratings,$31.50
AKAO,$7.03,1441390507044,"15,099",75% bullish,of 4 ratings,$15
ACPW,$1.9,1441390507123,"17,207",100% bullish,of 4 ratings,$3.25
ACUR,$2.85,1441390507179,"3,000",100% bullish,of 5 ratings,$5
ACTS,$1.59,1441390507205,"14,600",100% bearish,of 1 rating,N/A
ACXM,$20.36,1441390507332,"77,014",67% bullish,of 3 ratings,N/A
ADMS,$18.88,1441390507469,"17,814",100% bearish,of 2 ratings,$36
ADMP,$3.54,1441390507524,"11,172",50% bullish,of 2 ratings,$10
ADUS,$29.06,1441390507806,"11,201",100% bearish,of 1 rating,$31
ADTN,$15.515,1441390507879,"95,885",67% bullish,of 3 ratings,$17.125
ADAP,$10.93,1441390507909,"16,867",67% bullish,of 3 ratings,$22
AEIS,$23.91,1441390507931,"36,741",50% bullish,of 2 ratings,$32.50
ADEP,$7.429,1441390507952,"30,028",50% bullish,of 2 ratings,$10.75
ADBE,$76.67,1441390507988,"620,414",65% bullish,of 17 ratings,$90
ADRO,$19.14,1441390508083,"41,245",80% bullish,of 5 ratings,$45.50
AMD,$1.82,1441390508216,"2,382,032",83% bullish,of 103 ratings,$2
ADXS,$13.2999,1441390508351,"205,570",64% bullish,of 14 ratings,$27
MULT,NULL,1441390508380,0,100% bearish,of 1 rating,N/A
ADXSW,$9.45,1441390508404,800,100% bullish,of 1 rating,N/A
ADMA,$8.73,1441390508425,"10,822",Not yet rated,NULL,$19
AEY,$2.32,1441390508461,"3,778",100% bearish,of 2 ratings,N/A
YPRO,$23.03,1441390508482,"1,158",100% bearish,of 1 rating,N/A
AEGR,$17.57,1441390508785,"61,950",50% bullish,of 6 ratings,$26
AEGN,$17.73,1441390508817,"19,647",100% bearish,of 2 ratings,$21
AVAV,$20.4,1441390508838,"105,501",50% bullish,of 4 ratings,$28
AEHR,$2.27,1441390508871,216,50% bullish,of 2 ratings,N/A
AMTX,$2.96,1441390508916,"9,450",50% bullish,of 2 ratings,$26.11
AEPI,$58.305,1441390508970,"8,120",100% bearish,of 1 rating,N/A
AEMD,$7.65,1441390509200,"19,555",Not yet rated,NULL,$27.50
AEZS,$0.0781,1441390509228,"12,124,653",90% bullish,of 21 ratings,$1.50
AERI,$16.01,1441390509263,"135,868",75% bullish,of 4 ratings,$31.50
AFMD,$9.2,1441390509284,"26,075",50% bullish,of 4 ratings,$15
AGEN,$6.78,1441390509363,"131,263",85% bullish,of 13 ratings,$14
AGRX,$8.19,1441390509399,"12,843",100% bearish,of 1 rating,$17.50
AFFX,$9.02,1441390509425,"252,637",80% bullish,of 5 ratings,$12.50
AGYS,$9.55,1441390509571,"7,844",100% bearish,of 1 rating,N/A
AGIO,$84,1441390509634,"76,717",88% bullish,of 8 ratings,$114
AGFS,$9.89,1441390509835,"92,600",100% bearish,of 1 rating,N/A
AIRT,NULL,1441390509980,0,100% bullish,of 1 rating,N/A
AIRM,$36,1441390510006,"48,415",80% bearish,of 5 ratings,$53
AGFSW,$2,1441390510027,"6,300",100% bearish,of 2 ratings,N/A
AKER,$2.64,1441390510170,"3,601",Not yet rated,NULL,N/A
AMCN,$4.45,1441390510202,"65,627",83% bullish,of 6 ratings,N/A
AIXG,$6.43,1441390510223,"13,455",67% bearish,of 3 ratings,$5.25
AIMT,$22.13,1441390510253,"78,413",Not yet rated,NULL,$35.50
AKAM,$72.62,1441390510384,"553,098",63% bullish,of 8 ratings,$77.50
ATSG,$8.81,1441390510412,"51,388",67% bullish,of 3 ratings,$13
AKBA,$7,1441390510433,"90,668",100% bearish,of 1 rating,$18
AKRX,$38.2,1441390510478,"158,131",78% bullish,of 9 ratings,$56
ALRM,$16,1441390510574,"40,865",100% bearish,of 1 rating,$22
ALSK,$2.25,1441390510748,"52,875",78% bullish,of 18 ratings,$2
ABDC,$12.8,1441390510881,"3,403",Not yet rated,NULL,$15
ALDR,$40.24,1441390510907,"93,185",67% bearish,of 3 ratings,$62
AMRI,$19.81,1441390510929,"36,878",75% bearish,of 4 ratings,$24
ALXA,$1.27,1441390511058,"106,617",83% bullish,of 6 ratings,$2.125
ALDX,$7.08,1441390511086,337,100% bearish,of 1 rating,$14.50
ADHD,$7.53,1441390511113,"54,318",50% bullish,of 4 ratings,$18
ALXN,$171.65,1441390511142,"664,929",88% bullish,of 8 ratings,$223.50
ALGN,$54.39,1441390511249,"137,579",100% bearish,of 2 ratings,$73
ALCO,$42.11,1441390511276,"3,594",50% bullish,of 2 ratings,N/A
ALIM,$2.93,1441390511410,"80,033",80% bullish,of 5 ratings,$10
ALKS,$64.21,1441390511515,"296,900",67% bullish,of 3 ratings,$75
ALGT,$200.81,1441390511923,"83,568",100% bearish,of 2 ratings,$235
AHGP,$35.8,1441390511949,"22,879",67% bullish,of 3 ratings,N/A
ALLB,$22.9,1441390512080,204,Not yet rated,NULL,N/A
AHPI,$1.47,1441390512105,500,50% bullish,of 2 ratings,N/A
AFOP,$19.02,1441390512133,"103,247",75% bullish,of 8 ratings,$21
ARLP,$24.96,1441390512164,"24,359",67% bearish,of 3 ratings,$32
AMOT,$17.63,1441390512264,"90,007",100% bearish,of 1 rating,N/A
AIQ,$14.45,1441390512291,"4,282",67% bullish,of 3 ratings,N/A
ALLT,$5.06,1441390512391,"11,676",75% bullish,of 4 ratings,$6.25
MDRX,$12.98,1441390512417,"483,480",60% bullish,of 5 ratings,$16
ALNY,$96.4,1441390512558,"104,905",67% bullish,of 3 ratings,$151.50
AFAM,$45.16,1441390512637,"19,615",50% bullish,of 2 ratings,$44
ALQA,$4.52,1441390512699,"19,567",75% bullish,of 4 ratings,$8.50
AOSL,$8.09,1441390512792,"13,530",67% bullish,of 3 ratings,$9
SMCP,NULL,1441390512874,0,Not yet rated,NULL,N/A
ATEC,$0.58,1441390513006,"47,868",100% bullish,of 1 rating,$2
ALTR,$48.89,1441390513032,"649,633",80% bearish,of 5 ratings,$54
ASPS,$25.87,1441390513088,"44,959",67% bullish,of 3 ratings,$46.50
AMRN,$2.31,1441390513232,"502,841",85% bullish,of 40 ratings,$8
AMAG,$60.18,1441390513263,"187,305",100% bullish,of 2 ratings,$75
AYA,$20.9001,1441390513398,"6,827",100% bearish,of 1 rating,$40
AMRK,$10.5,1441390513423,"9,600",50% bullish,of 2 ratings,$14
AMBC,$16.18,1441390513564,"52,438",100% bearish,of 1 rating,$16.50
AMBCW,$7.67,1441390513597,"1,400",100% bearish,of 1 rating,N/A
AIMC,$23.63,1441390513619,"33,855",100% bearish,of 2 ratings,$28.50
AMZN,$497.72,1441390513648,"709,344",81% bullish,of 268 ratings,$646
AMBA,$73.535,1441390513696,"2,377,775",77% bullish,of 13 ratings,$102.50
EPAX,$2.7,1441390513927,"56,311",100% bearish,of 1 rating,N/A
AMDA,$0.4793,1441390513985,"203,231",90% bullish,of 10 ratings,$1
UHAL,$367.4,1441390514119,"10,152",100% bullish,of 2 ratings,$393.50
AMCX,$71.37,1441390514148,"214,082",67% bullish,of 3 ratings,$87.50
AMED,$39.46,1441390514174,"61,152",100% bearish,of 1 rating,$42
ATAX,$5.3,1441390514250,"20,658",100% bullish,of 1 rating,$6.50
DOX,$56.105,1441390514310,"174,587",67% bearish,of 3 ratings,$60
AMOV,$17.5401,1441390514338,280,100% bearish,of 1 rating,N/A
ASBI,$22.57,1441390514360,903,Not yet rated,NULL,N/A
AAL,$40.5699,1441390514512,"3,412,642",93% bullish,of 88 ratings,$57
AGNC,$18.9799,1441390514586,"734,469",71% bullish,of 28 ratings,$22
AGNCP,$25.4,1441390514614,"1,375",Not yet rated,NULL,N/A
AGNCB,$24.24,1441390514657,"2,016",Not yet rated,NULL,N/A
MTGE,$15.06,1441390514792,"158,649",75% bullish,of 4 ratings,$19.50
MTGEP,$24.25,1441390514822,1,Not yet rated,NULL,N/A
ACSF,$12.27,1441390514921,"8,325",100% bearish,of 1 rating,$15
ANCI,NULL,1441390515137,0,100% bearish,of 1 rating,N/A
ACAS,$13.585,1441390515163,"478,589",60% bullish,of 5 ratings,$16.75
AMIC,NULL,1441390515184,0,100% bearish,of 1 rating,N/A
AMNB,$22.731,1441390515217,"3,449",Not yet rated,NULL,$25.50
ANAT,$97.56,1441390515247,"17,559",100% bullish,of 1 rating,N/A
AETI,$3.1,1441390515345,"2,162",67% bearish,of 3 ratings,N/A
APEI,$21.73,1441390515450,"12,058",100% bearish,of 1 rating,$25.50
AMRB,NULL,1441390515498,0,Not yet rated,NULL,$11
ASEI,$38.81,1441390515643,"3,304",100% bearish,of 1 rating,$52.50
AMSWA,$9,1441390515669,"7,126",100% bearish,of 2 ratings,$10.75
AMWD,$66,1441390515695,"36,921",50% bullish,of 2 ratings,$70
ARII,$40.01,1441390515727,"50,092",67% bearish,of 3 ratings,$45
AMSC,$4.92,1441390515824,"13,105",50% bullish,of 4 ratings,N/A
CRMT,$35.51,1441390515957,"12,119",100% bearish,of 1 rating,$38
ABCB,$27.23,1441390515988,"33,831",Not yet rated,NULL,$31
AMSF,$45.99,1441390516090,"10,022",Not yet rated,NULL,$57.50
ASRV,$3.24,1441390516120,404,100% bullish,of 2 ratings,N/A
AMGN,$146.18,1441390516198,"998,411",89% bullish,of 19 ratings,$185
ATLO,$22.51,1441390516223,"2,836",Not yet rated,NULL,N/A
FOLD,$15.27,1441390516284,"542,763",56% bullish,of 9 ratings,$21
ASRVP,NULL,1441390516352,0,Not yet rated,NULL,N/A
AMKR,$5.295,1441390516482,"273,065",100% bearish,of 2 ratings,$5
AMSG,$77.586,1441390516564,"70,834",100% bearish,of 1 rating,$85.50
AMPH,$13.3,1441390516615,"77,940",50% bullish,of 2 ratings,$20
AMSGP,NULL,1441390516640,0,Not yet rated,NULL,N/A
AFSI,$56.73,1441390516670,"107,906",60% bullish,of 5 ratings,$72
ASYS,$5.4,1441390516691,"5,694",67% bullish,of 3 ratings,$12
ANAC,$130.74,1441390516945,"120,278",80% bullish,of 5 ratings,$180.50
AMRS,$1.7536,1441390517011,"30,718",70% bullish,of 10 ratings,N/A
ADI,$53.99,1441390517080,"356,348",75% bullish,of 4 ratings,$69
ANAD,$0.3051,1441390517143,"86,479",100% bullish,of 2 ratings,$.50
ANCB,$21.05,1441390517175,"3,452",Not yet rated,NULL,$23
ALOG,$80.5,1441390517222,"23,537",100% bearish,of 2 ratings,$100.50
AMCF,NULL,1441390517273,0,NULL,NULL,NULL
ABCW,$41,1441390517298,"3,622",67% bullish,of 3 ratings,N/A
ANGO,$14.42,1441390517479,"19,062",67% bullish,of 3 ratings,$19
ANIK,$35.6037,1441390517551,"25,629",60% bullish,of 5 ratings,$51.25
ANGI,$5.03,1441390517617,"91,553",64% bullish,of 11 ratings,$5.50
ANSS,$89.61,1441390517681,"161,602",100% bearish,of 1 rating,$100
ANIP,$50.92,1441390517706,"52,334",89% bullish,of 19 ratings,$66
ANTH,$7.1,1441390517767,"236,196",80% bullish,of 10 ratings,$13
ATRS,$1.79,1441390517792,"139,768",92% bullish,of 12 ratings,$4.50
ABAC,$0.7501,1441390517935,"3,118",100% bearish,of 1 rating,N/A
ATNY,$2.4,1441390518126,"1,700",50% bullish,of 2 ratings,$3.75
AINV,$6.44,1441390518268,"248,789",50% bullish,of 4 ratings,$8
APOG,$51.33,1441390518296,"40,949",50% bullish,of 2 ratings,$67
APOL,$10.875,1441390518317,"233,625",87% bearish,of 68 ratings,$14
APPF,$17.15,1441390518350,"20,072",50% bullish,of 2 ratings,$22
ARCI,$1.2399,1441390518380,"3,100",Not yet rated,NULL,N/A
AAPL,$108.99,1441390518401,"17,072,580",86% bullish,of 2364 ratings,$150
AMCC,$5.66,1441390518728,"115,096",80% bullish,of 5 ratings,$8
APDN,$3.38,1441390518757,"12,752",Not yet rated,NULL,$9
AGTC,$16.15,1441390518787,"9,788",50% bullish,of 2 ratings,$33
APDNW,$1.4404,1441390518819,100,Not yet rated,NULL,N/A
AAOI,$20.14,1441390518914,"71,957",50% bullish,of 4 ratings,$26
AREX,$2.49,1441390518941,"304,242",50% bullish,of 2 ratings,$3
AMAT,$15.39,1441390518968,"4,436,139",82% bullish,of 11 ratings,$23
APRI,$1.63,1441390519170,"107,220",83% bullish,of 6 ratings,$4.86
AQMS,$4.9699,1441390519312,"7,884",Not yet rated,NULL,N/A
ARDM,NULL,1441390519379,0,100% bullish,of 1 rating,$26
AUMAU,NULL,1441390519448,0,Not yet rated,NULL,N/A
AUMA,$9.85,1441390519503,200,Not yet rated,NULL,N/A
APTO,$5.171,1441390519524,302,Not yet rated,NULL,$17
APIC,$6.795,1441390519545,"26,061",100% bearish,of 1 rating,$19
AUMAW,NULL,1441390519583,0,Not yet rated,NULL,N/A
AQXP,$15.805,1441390519684,"108,343",50% bullish,of 2 ratings,$2
ARCW,$3.21,1441390519785,"241,336",100% bearish,of 2 ratings,$10.50
ABIO,$5.86,1441390519890,"25,598",50% bullish,of 2 ratings,$3.75
RKDA,$5.43,1441390519928,"1,488",100% bearish,of 2 ratings,$10
PETX,$16.94,1441390519953,"68,768",100% bearish,of 2 ratings,$26
ABUS,$6.93,1441390519978,"172,197",86% bullish,of 14 ratings,$21.50
ARCB,$28.45,1441390520272,"74,445",67% bearish,of 3 ratings,$39.50
ACGL,$67.93,1441390520305,"63,984",50% bullish,of 2 ratings,$72
ARDX,$19.2,1441390520339,"54,042",50% bullish,of 2 ratings,$24.50
ARGS,$6.2356,1441390520364,"3,102",50% bullish,of 2 ratings,$19.50
AGII,$53.95,1441390520388,"15,944",Not yet rated,NULL,$59.50
ACAT,$25.075,1441390520426,"32,088",100% bearish,of 3 ratings,$33
AGIIL,$25.287,1441390520448,"1,757",Not yet rated,NULL,N/A
ARNA,$2.71,1441390520478,"357,551",90% bullish,of 78 ratings,$5.50
ARIS,$3.582,1441390520737,"1,600",Not yet rated,NULL,$4.50
ARCC,$15.35,1441390520803,"460,635",67% bearish,of 3 ratings,$17.75
ARIA,$7.92,1441390520836,"3,190,596",87% bullish,of 46 ratings,$9
ARKR,$25.07,1441390520971,"1,184",50% bullish,of 2 ratings,N/A
ARMH,$42.505,1441390521002,"518,410",54% bearish,of 13 ratings,$60
ARTX,$1.31,1441390521033,"65,128",88% bullish,of 16 ratings,$4.50
ARWAR,NULL,1441390521103,0,Not yet rated,NULL,N/A
ARWA,NULL,1441390521127,0,Not yet rated,NULL,N/A
ARWAU,$10.2,1441390521161,100,100% bullish,of 1 rating,N/A
ARQL,$1.69,1441390521288,"11,819",75% bullish,of 4 ratings,$5
ARWAW,NULL,1441390521318,0,Not yet rated,NULL,N/A
ARRY,$5.59,1441390521352,"663,465",100% bullish,of 7 ratings,$10
ARRS,$25.94,1441390521456,"240,853",50% bullish,of 2 ratings,$38
AROW,$27.01,1441390521482,"2,354",Not yet rated,NULL,N/A
DWAT,$9.64,1441390521655,"3,600",100% bearish,of 1 rating,N/A
ARWR,$5.39,1441390521709,"476,983",75% bullish,of 4 ratings,$10.50
ARTW,NULL,1441390521857,0,75% bearish,of 4 ratings,N/A
ARTNA,$21.8,1441390521919,"3,522",100% bearish,of 1 rating,$29
ASND,$19.48,1441390521991,"24,772",50% bullish,of 2 ratings,$30
ASNA,$12.075,1441390522017,"1,064,580",50% bullish,of 2 ratings,$18
ASTI,$0.207,1441390522047,"2,430,097",83% bullish,of 6 ratings,$3
ASCMA,$26.55,1441390522148,"12,574",100% bearish,of 1 rating,$45
APWC,$1.64,1441390522175,404,100% bearish,of 1 rating,N/A
ASBB,$25.23,1441390522224,501,Not yet rated,NULL,N/A
ASMI,NULL,1441390522368,0,NULL,NULL,NULL
ASMB,$12.78,1441390522427,"25,403",67% bullish,of 3 ratings,N/A
AZPN,$37.95,1441390522470,"191,778",50% bullish,of 2 ratings,$42
ASML,$91.45,1441390522511,"237,564",50% bullish,of 4 ratings,$127
ASFI,$8.75,1441390522641,"1,300",100% bullish,of 1 rating,N/A
ASTE,$37.94,1441390522668,"25,209",100% bearish,of 1 rating,$49
ASUR,$5.4713,1441390522872,"3,778",50% bullish,of 2 ratings,$8
ATRO,$49.37,1441390522893,"70,381",100% bearish,of 2 ratings,$80
ASTC,$2.256,1441390522933,"7,357",100% bullish,of 5 ratings,N/A
ATAI,$2.3,1441390522972,"3,230",100% bearish,of 1 rating,N/A
ALOT,NULL,1441390523022,0,100% bearish,of 1 rating,N/A
ATRA,$41.59,1441390523048,"28,963",50% bullish,of 2 ratings,$68
ATHN,$131.98,1441390523191,"67,100",67% bearish,of 3 ratings,$153
AFCB,NULL,1441390523335,0,Not yet rated,NULL,N/A
AAPC,$10.1,1441390523363,7,Not yet rated,NULL,N/A
ATHX,$1.1201,1441390523405,"40,193",89% bullish,of 9 ratings,$5
ACFC,$5.56,1441390523494,"3,528",100% bearish,of 1 rating,$6.50
AAME,$3.4899,1441390523633,"1,203",Not yet rated,NULL,N/A
ATLC,$3.9389,1441390523719,811,67% bullish,of 3 ratings,N/A
ATNI,$73.96,1441390523747,"15,544",100% bearish,of 1 rating,$69.50
AAWW,$38.09,1441390523783,"95,232",50% bullish,of 2 ratings,$65
AFH,$16.1,1441390523931,"103,578",Not yet rated,NULL,$21.50
ATOS,$0.87,1441390523965,"80,030",100% bullish,of 7 ratings,$7
ATML,$7.86,1441390524027,"2,296,957",78% bullish,of 9 ratings,$9.50
ATRI,$371,1441390524055,"1,565",Not yet rated,NULL,N/A
ATRC,$23.225,1441390524084,"55,678",100% bullish,of 1 rating,$30
ATTU,$12.93,1441390524184,"10,585",100% bearish,of 1 rating,$20.50
ATRM,NULL,1441390524272,0,50% bullish,of 2 ratings,N/A
LIFE,$14.195,1441390524345,"18,304",86% bullish,of 7 ratings,$43
AUBN,$26.54,1441390524406,"1,500",Not yet rated,NULL,N/A
AUPH,$3.3499,1441390524536,"6,799",100% bearish,of 1 rating,$8
ADAT,$0.3362,1441390524562,"602,039",100% bullish,of 2 ratings,N/A
AUDC,$3.215,1441390524593,"15,484",80% bullish,of 5 ratings,$5
EARS,$4.35,1441390524614,"3,200",100% bearish,of 2 ratings,$11
ADSK,$45.23,1441390524693,"648,455",67% bullish,of 6 ratings,$66
ABTL,$18.95,1441390524750,"46,514",100% bullish,of 4 ratings,$20.25
AVGO,$121.38,1441390524798,"734,818",88% bullish,of 8 ratings,$165
ADP,$75.91,1441390524942,"596,774",100% bearish,of 1 rating,$88
AVNU,$12.75,1441390525078,"1,400",Not yet rated,NULL,$14
AAVL,$10.03,1441390525109,"105,345",100% bearish,of 1 rating,$20
AVNW,$1.2099,1441390525151,"43,679",50% bullish,of 2 ratings,N/A
AVEO,$1.36,1441390525177,"219,668",75% bullish,of 8 ratings,$3
AVID,$8.58,1441390525254,"135,203",100% bearish,of 1 rating,$20
CAR,$42.15,1441390525323,"918,614",80% bullish,of 5 ratings,$60
AVGR,$14.95,1441390525388,"21,972",100% bearish,of 1 rating,$20
AWRE,$3.2001,1441390525415,"7,129",67% bullish,of 3 ratings,N/A
AXPW,$1.9,1441390525544,"262,062",86% bullish,of 7 ratings,N/A
ACLS,$3.22,1441390525589,"87,026",67% bullish,of 6 ratings,$4.75
AXPWW,NULL,1441390525624,0,Not yet rated,NULL,N/A
AXTI,$2.11,1441390525688,"3,798",50% bullish,of 2 ratings,$2.75
AXGN,$4.67,1441390525757,"12,150",Not yet rated,NULL,$5
BCOM,NULL,1441390525786,0,100% bearish,of 1 rating,N/A
RILY,NULL,1441390525895,0,Not yet rated,NULL,N/A
BOSC,$2.07,1441390525998,"2,900",50% bullish,of 2 ratings,N/A
BIDU,$144.32,1441390526131,"1,193,025",81% bullish,of 88 ratings,$210
BEAV,$48.67,1441390526161,"188,422",67% bearish,of 3 ratings,$59
BCPC,$57.25,1441390526260,"64,641",100% bearish,of 1 rating,$75
BWINA,NULL,1441390526286,0,Not yet rated,NULL,N/A
BANF,$59.11,1441390526361,"6,201",Not yet rated,NULL,$68
BWINB,$22.29,1441390526418,"1,865",Not yet rated,NULL,N/A
BLDP,$1.31,1441390526452,"72,969",91% bullish,of 22 ratings,$2.50
BANFP,$26.8,1441390526506,266,Not yet rated,NULL,N/A
BOCH,$5.72,1441390526611,95,Not yet rated,NULL,$6.50
BKMU,$6.86,1441390526696,"11,629",Not yet rated,NULL,$8
BMRC,$48.57,1441390526838,"2,284",Not yet rated,NULL,$52
OZRK,$40.28,1441390526866,"58,893",67% bullish,of 3 ratings,$49.50
BOTJ,NULL,1441390526892,0,Not yet rated,NULL,N/A
BKSC,$16.76,1441390526913,"2,800",Not yet rated,NULL,N/A
BWFG,$18.34,1441390527045,"3,513",100% bearish,of 1 rating,N/A
BANR,$43.58,1441390527097,"19,778",100% bullish,of 3 ratings,$50
TAPR,$31.994,1441390527173,700,100% bearish,of 1 rating,N/A
BZUN,$5.12,1441390527243,"108,125",50% bullish,of 2 ratings,$11.50
BHACR,$0.21,1441390527274,"2,098",Not yet rated,NULL,N/A
BFIN,$12,1441390527302,"4,124",Not yet rated,NULL,$13
BHAC,NULL,1441390527328,0,Not yet rated,NULL,N/A
BHACU,NULL,1441390527403,0,Not yet rated,NULL,N/A
BHACW,NULL,1441390527474,0,Not yet rated,NULL,N/A
BYBK,$4.99,1441390527739,300,100% bearish,of 1 rating,N/A
BBSI,$34.63,1441390527771,"10,426",67% bearish,of 3 ratings,$62.50
BSET,$28.54,1441390527803,"24,297",100% bearish,of 1 rating,$35
BYLK,$12.84,1441390527834,"2,896",Not yet rated,NULL,$14
BBCN,$14.13,1441390527867,"50,251",100% bearish,of 1 rating,$16
BV,$5.05,1441390527935,"102,696",67% bullish,of 6 ratings,$8.75
BCBP,$11.31,1441390528002,42,Not yet rated,NULL,N/A
BDCV,$4.8837,1441390528030,"2,472",100% bearish,of 1 rating,$10.19
BECN,$35.42,1441390528157,"60,741",50% bullish,of 2 ratings,$40
BSF,$8.3999,1441390528195,"13,771",Not yet rated,NULL,N/A
BBGI,$3.95,1441390528258,"1,019",100% bearish,of 1 rating,N/A
BEBE,$1.185,1441390528284,"359,364",75% bullish,of 4 ratings,$2.125
BBBY,$61.89,1441390528413,"324,461",71% bullish,of 7 ratings,$75
BELFA,$15,1441390528441,12,100% bearish,of 1 rating,N/A
BELFB,$18.54,1441390528543,"4,660",100% bearish,of 1 rating,N/A
BLPH,$4.13,1441390528605,"6,293",100% bearish,of 1 rating,$12.50
BLCM,$15.8,1441390528678,"54,093",50% bullish,of 4 ratings,$40
BNTC,$7.1,1441390528703,"1,400",100% bullish,of 1 rating,N/A
BNCL,$12.36,1441390528733,"105,567",100% bullish,of 3 ratings,$12.50
BNFT,$35.79,1441390528758,"24,986",67% bullish,of 3 ratings,$46
BGCP,$8.74,1441390528926,"261,163",88% bullish,of 8 ratings,$14
BIND,$4.86,1441390528986,"10,143",75% bullish,of 4 ratings,$13.50
BGMD,$0.6126,1441390529015,"59,827",100% bullish,of 10 ratings,N/A
BGFV,$11.25,1441390529144,"37,405",57% bullish,of 7 ratings,$12
BASI,$1.6358,1441390529174,200,Not yet rated,NULL,N/A
ORPN,$5.51,1441390529228,"4,603",100% bullish,of 1 rating,$28.50
BCDA,NULL,1441390529279,0,Not yet rated,NULL,N/A
BIOC,$2.0128,1441390529308,"103,617",83% bullish,of 6 ratings,$3.85
BDSI,$6.3,1441390529410,"301,880",88% bullish,of 8 ratings,$17
BIOD,$0.6972,1441390529435,"6,966",80% bullish,of 5 ratings,$4
BIIB,$302.1999,1441390529581,"511,431",88% bullish,of 16 ratings,$400
BCRX,$11.3,1441390529648,"142,019",63% bullish,of 8 ratings,$18
BIOL,$1.55,1441390529675,"6,174",Not yet rated,NULL,N/A
BLFS,$2.327,1441390529707,"78,372",100% bearish,of 1 rating,$4.75
BMRN,$124.62,1441390529733,"194,680",80% bullish,of 5 ratings,$160
BLRX,$1.6801,1441390529812,"142,593",100% bullish,of 12 ratings,$5
BVXV,$3.8,1441390529918,"17,807",Not yet rated,NULL,N/A
BVXVW,$0.82,1441390530020,"1,200",100% bearish,of 1 rating,N/A
BRLI,NULL,1441390530148,0,NULL,NULL,NULL
BPTH,$1.14,1441390530174,"16,854",100% bullish,of 2 ratings,$5
BBC,$31.05,1441390530203,"2,158",Not yet rated,NULL,N/A
BBP,$31.9234,1441390530301,"9,963",Not yet rated,NULL,N/A
BSTC,$48.19,1441390530409,"12,171",100% bearish,of 1 rating,$76
BSPM,$0.72,1441390530469,"61,891",50% bullish,of 2 ratings,N/A
BIOS,$2.43,1441390530514,"200,682",71% bullish,of 7 ratings,$4
BEAT,$15.56,1441390530573,"190,575",67% bearish,of 3 ratings,$15
BOTA,$2.11,1441390530657,"17,369",88% bullish,of 8 ratings,N/A
TECH,$92.35,1441390530685,"96,323",100% bullish,of 1 rating,$117
BITI,$16.54,1441390530759,"7,795",100% bullish,of 1 rating,$28
BDMS,NULL,1441390530850,0,100% bearish,of 1 rating,N/A
BJRI,$44.341,1441390530887,"61,520",50% bullish,of 2 ratings,$55
BBOX,$14.73,1441390530980,"12,313",100% bearish,of 1 rating,N/A
BDE,$7.33,1441390531111,"26,477",50% bullish,of 2 ratings,$9
BLKB,$56.61,1441390531143,"34,669",100% bearish,of 2 ratings,$66
BBRY,$7.39,1441390531170,"5,430,977",61% bullish,of 331 ratings,$9
HAWK,$38.63,1441390531245,"46,171",91% bullish,of 11 ratings,$49
BKCC,$9.395,1441390531302,"96,869",50% bullish,of 2 ratings,$10
ADRE,$28.4201,1441390531377,"12,981",100% bearish,of 1 rating,N/A
ADRA,$25.9001,1441390531410,"1,578",100% bearish,of 1 rating,N/A
ADRD,$21.16,1441390531507,"2,013",100% bearish,of 1 rating,N/A
ADRU,$20.93,1441390531532,"3,400",100% bearish,of 1 rating,N/A
BCOR,$13.27,1441390531588,"48,392",57% bullish,of 7 ratings,$15
BLMN,$20.25,1441390531669,"127,461",83% bullish,of 6 ratings,$27.50
BUFF,$23.69,1441390531771,"224,458",77% bullish,of 13 ratings,$31.50
BLBD,$11.6,1441390531797,"1,690",Not yet rated,NULL,N/A
BBLU,$0.8801,1441390531959,"371,845",100% bullish,of 2 ratings,$4.43
BHBK,$14,1441390531985,"33,869",100% bullish,of 1 rating,$14.50
NILE,$33.41,1441390532016,"10,506",50% bullish,of 2 ratings,$34
BKEP,$6.44,1441390532120,"8,098",100% bearish,of 1 rating,$8.50
BLUE,$126.97,1441390532149,"147,145",71% bullish,of 7 ratings,$217.50
BKEPP,NULL,1441390532170,0,100% bearish,of 1 rating,N/A
BNCN,$20.77,1441390532372,"13,004",Not yet rated,NULL,$24
BPMC,$27.86,1441390532400,"17,029",50% bullish,of 2 ratings,$47.50
BOFI,$113.25,1441390532421,"166,262",100% bullish,of 6 ratings,$144
BOBE,$44.81,1441390532560,"123,717",75% bullish,of 4 ratings,$57
BOKF,$61.59,1441390532659,"38,846",100% bearish,of 1 rating,$69
BOJA,$20.49,1441390532687,"70,877",100% bullish,of 1 rating,$30
WIFI,$7.52,1441390532723,"69,709",50% bullish,of 2 ratings,$13.50
BPFH,$11.74,1441390532816,"111,718",100% bearish,of 1 rating,$14
BNSO,$1.2301,1441390532842,900,100% bearish,of 1 rating,N/A
BONA,$11.12,1441390532863,"38,366",75% bullish,of 4 ratings,$8.50
BAMM,$3.21,1441390532893,"1,657",60% bullish,of 5 ratings,N/A
BPFHW,NULL,1441390534312,0,100% bearish,of 1 rating,N/A
BPFHP,$24.4601,1441390534371,200,100% bearish,of 1 rating,N/A
BCLI,$3.14,1441390534412,"48,845",80% bullish,of 5 ratings,$12
EPAY,$26.42,1441390534440,"30,241",100% bearish,of 2 ratings,$30
BDBD,$8.145,1441390534465,"133,322",60% bullish,of 5 ratings,$10
BBEP,$2.72,1441390534783,"373,049",69% bullish,of 13 ratings,$5.625
BBEPP,$14.627,1441390534839,"4,343",50% bullish,of 2 ratings,N/A
BDGE,$25.58,1441390534861,"5,077",Not yet rated,NULL,$31.75
BBRG,$12.42,1441390534882,"9,092",67% bullish,of 3 ratings,$14.50
BLIN,$1.46,1441390534924,"347,990",50% bullish,of 2 ratings,$2.20
BRID,$8.1,1441390534946,2,100% bearish,of 1 rating,N/A
BRCM,$50.655,1441390534966,"1,013,602",69% bullish,of 13 ratings,$56
BCOV,$5.18,1441390535008,"25,751",67% bullish,of 3 ratings,$10.20
BYFC,NULL,1441390535253,0,50% bullish,of 2 ratings,N/A
BSFT,$31.87,1441390535290,"44,689",57% bullish,of 7 ratings,$40.50
BVSN,$5.9,1441390535382,"1,100",60% bearish,of 5 ratings,N/A
BWEN,$3.15,1441390535416,"21,484",75% bullish,of 4 ratings,$8
BRCD,$10.145,1441390535465,"519,128",92% bullish,of 13 ratings,$12
BRKL,$10.39,1441390535641,"95,054",100% bearish,of 1 rating,$12
BRKS,$10.29,1441390535683,"83,508",67% bullish,of 3 ratings,$15.25
BMTC,$29.0858,1441390535712,"15,335",Not yet rated,NULL,$34
BRKR,$17.68,1441390535747,"141,984",100% bearish,of 2 ratings,$22
BLMT,$20.995,1441390535786,"1,128",Not yet rated,NULL,N/A
BSQR,$6.15,1441390535842,"9,387",67% bullish,of 3 ratings,N/A
BLDR,$15.195,1441390535869,"444,327",67% bullish,of 3 ratings,$22
BWLD,$194.52,1441390535941,"79,066",82% bullish,of 11 ratings,$205
BUR,$1.7178,1441390536080,200,100% bearish,of 1 rating,$8
CFFI,$35.69,1441390536110,102,100% bearish,of 1 rating,N/A
CHRW,$67.62,1441390536209,"351,035",Not yet rated,NULL,$72
CA,$26.93,1441390536306,"836,438",50% bullish,of 4 ratings,$33
CCMP,$42.24,1441390536556,"11,207",50% bullish,of 2 ratings,$59
CDNS,$20.24,1441390536581,"596,503",75% bullish,of 4 ratings,$22.50
CDZI,$7.305,1441390536643,"15,278",100% bearish,of 1 rating,N/A
CSTE,$38.67,1441390536795,"69,099",50% bullish,of 2 ratings,$65
PRSS,$4.43,1441390536824,"4,252",80% bullish,of 5 ratings,$4.50
CACQ,$6.99,1441390536849,"56,082",100% bearish,of 1 rating,$12.25
CLBS,$1.7,1441390536874,"52,867",79% bullish,of 14 ratings,$4
CZR,$9.26,1441390536903,"185,165",60% bearish,of 5 ratings,$10.50
CLMS,$9.67,1441390537056,"63,716",Not yet rated,NULL,$10.50
CFGE,NULL,1441390537243,0,Not yet rated,NULL,N/A
CHY,$11,1441390537270,"89,129",Not yet rated,NULL,N/A
CHW,$7.37,1441390537297,"126,064",100% bearish,of 1 rating,N/A
CHI,$10.3,1441390537318,"104,514",100% bearish,of 1 rating,N/A
CCD,$19.37,1441390537349,"28,302",Not yet rated,NULL,N/A
CGO,$11.9,1441390537483,"6,645",100% bearish,of 1 rating,N/A
CSQ,$9.66,1441390537519,"170,673",Not yet rated,NULL,N/A
CALA,$6.11,1441390537654,"106,926",67% bullish,of 3 ratings,$19.50
CAMP,$15.8,1441390537685,"157,583",88% bullish,of 8 ratings,$25
CVGW,$50.0799,1441390537706,"163,241",50% bullish,of 2 ratings,$62
CFNB,$13.0601,1441390537727,300,100% bearish,of 1 rating,N/A
CALD,$15.87,1441390537764,"94,728",100% bearish,of 1 rating,$21
CALM,$52.38,1441390537791,"74,977",80% bullish,of 5 ratings,$63.50
CLMT,$25.51,1441390537929,"45,509",75% bullish,of 8 ratings,$31
ABCD,$5.1,1441390538039,"22,816",83% bullish,of 6 ratings,N/A
CAMB,NULL,1441390538067,0,Not yet rated,NULL,N/A
CAC,$39.54,1441390538168,"5,611",Not yet rated,NULL,N/A
CAMBU,NULL,1441390538198,0,100% bearish,of 1 rating,N/A
CAMBW,NULL,1441390538223,0,Not yet rated,NULL,N/A
CSIQ,$18.17,1441390538299,"435,573",86% bullish,of 28 ratings,$42.50
CAMT,$2.62,1441390538332,"16,829",73% bullish,of 11 ratings,$4
CGIX,$9.74,1441390538430,"1,840",67% bullish,of 3 ratings,$14.375
CPHC,NULL,1441390538457,0,100% bearish,of 1 rating,N/A
CPLA,$49.11,1441390538651,"20,971",67% bearish,of 3 ratings,$65
CCBG,$14.94,1441390538676,"1,438",Not yet rated,NULL,$17.25
CBF,$29.94,1441390538702,"9,445",Not yet rated,NULL,$32
CBNJ,$11.145,1441390538734,"5,727",100% bearish,of 1 rating,N/A
CPLP,$6.9199,1441390538834,"82,761",71% bullish,of 7 ratings,$11
CSWC,$43.3,1441390538860,"19,147",Not yet rated,NULL,N/A
CPTA,$14.11,1441390539032,"9,827",100% bearish,of 1 rating,$18.25
CFFN,$11.75,1441390539063,"101,835",Not yet rated,NULL,$12.75
CAPNW,NULL,1441390539137,0,Not yet rated,NULL,N/A
CAPN,$2.09,1441390539164,"43,753",100% bullish,of 1 rating,$10.85
CAPR,$4.36,1441390539189,"2,941",Not yet rated,NULL,$12
CPST,$0.3871,1441390539220,"222,893",95% bullish,of 22 ratings,$1.25
CARA,$18.83,1441390539325,"71,026",50% bullish,of 4 ratings,$25
CBYL,$5.23,1441390539426,"21,160",100% bearish,of 1 rating,$20
CARB,$11.06,1441390539457,"16,040",75% bullish,of 4 ratings,$12
CRDC,$0.335,1441390539499,"136,890",100% bullish,of 1 rating,$1.25
CRME,$9.45,1441390539609,"6,907",89% bullish,of 9 ratings,$11.25
CFNL,$21.85,1441390539643,"18,484",Not yet rated,NULL,$24
CSII,$22.35,1441390539716,"60,869",100% bearish,of 2 ratings,$42.125
CATM,$33.76,1441390539744,"81,476",100% bearish,of 1 rating,$44
CDNA,$7,1441390539797,"19,383",100% bearish,of 1 rating,$9
CTRE,$10.9015,1441390539970,"93,111",50% bullish,of 2 ratings,$13.50
CECO,$3.55,1441390540013,"84,197",67% bearish,of 3 ratings,$6
CKEC,$22.32,1441390540076,"74,160",50% bullish,of 2 ratings,$35.915
CRZO,$35.28,1441390540143,"427,721",67% bearish,of 3 ratings,$54.50
CLBH,$12.5001,1441390540172,611,Not yet rated,NULL,$16.50
CARO,$15.09,1441390540202,704,100% bearish,of 1 rating,$19
CART,NULL,1441390540276,0,100% bearish,of 1 rating,N/A
TAST,$12.63,1441390540309,"81,095",Not yet rated,NULL,$14.25
CRTN,$2.49,1441390540418,468,100% bearish,of 1 rating,N/A
CARV,$6.3,1441390540451,"6,200",50% bullish,of 2 ratings,N/A
CASM,$1.21,1441390540555,"6,164",100% bullish,of 1 rating,$3.50
CACB,$5.27,1441390540617,"19,410",Not yet rated,NULL,$5.50
CSCD,$15.24,1441390540722,"5,834",100% bullish,of 2 ratings,$17
CWST,$6.29,1441390540759,"14,690",50% bullish,of 2 ratings,$7.25
CASI,$1.3526,1441390540819,"1,684",100% bullish,of 1 rating,$3.50
CASY,$105.61,1441390540848,"73,585",50% bullish,of 2 ratings,$99.50
CASS,$48.46,1441390540911,"5,781",100% bearish,of 1 rating,N/A
CATB,$11.15,1441390540946,"7,615",100% bearish,of 1 rating,$28
CATYW,NULL,1441390540974,0,100% bearish,of 1 rating,N/A
CPRX,$3.62,1441390541008,"289,748",71% bullish,of 7 ratings,$7
CATY,$28.94,1441390541144,"184,980",100% bearish,of 1 rating,$33.50
CAVM,$68.025,1441390541276,"180,247",67% bearish,of 3 ratings,$72
CVCO,$70.8,1441390541302,"2,845",100% bearish,of 1 rating,N/A
CBFV,$21.4599,1441390541331,421,Not yet rated,NULL,$25
CNLM,NULL,1441390541431,0,Not yet rated,NULL,N/A
CNLMU,NULL,1441390541500,0,100% bullish,of 1 rating,N/A
CNLMR,NULL,1441390541576,0,Not yet rated,NULL,N/A
CNLMW,NULL,1441390541681,0,Not yet rated,NULL,N/A
CDK,$48.31,1441390541742,"50,451",67% bearish,of 3 ratings,$50
CECE,$9.64,1441390541796,"114,638",50% bullish,of 2 ratings,$16
CBOE,$63.51,1441390541823,"99,569",Not yet rated,NULL,$63
CDW,$38.5,1441390541857,"224,652",75% bullish,of 4 ratings,$44
CELG,$116.7541,1441390541884,"1,232,868",100% bullish,of 13 ratings,$156
CPXX,$2.29,1441390541929,"16,297",100% bullish,of 2 ratings,$7
CELGZ,$1.76,1441390541988,7,80% bullish,of 5 ratings,N/A
CLDN,$1.195,1441390542078,"27,057",63% bullish,of 8 ratings,$3
CLDX,$13.88,1441390542139,"260,582",89% bullish,of 9 ratings,$36
CLRB,$2.853,1441390542416,"1,920",100% bearish,of 1 rating,N/A
CLSN,$2.01,1441390542442,"34,064",80% bullish,of 10 ratings,$7.50
CLLS,$31.55,1441390542483,"31,564",75% bullish,of 4 ratings,$51.50
CLRBW,NULL,1441390542513,0,Not yet rated,NULL,N/A
CBMG,$23.12,1441390542534,"26,913",50% bullish,of 2 ratings,N/A
CLTX,$1.84,1441390542618,"42,344",100% bullish,of 2 ratings,N/A
CEMP,$33.09,1441390542666,"153,072",71% bullish,of 7 ratings,$52
CETX,$2.4412,1441390542691,"15,600",Not yet rated,NULL,$5.60
CETV,$2.045,1441390542862,"16,458",67% bullish,of 3 ratings,$2.80
CFBK,$1.34,1441390542890,896,Not yet rated,NULL,N/A
CSFL,$13.52,1441390542920,"32,598",Not yet rated,NULL,$15
CYAD,$47.01,1441390543026,100,100% bullish,of 1 rating,$87.50
CENTA,$14.56,1441390543060,"55,813",Not yet rated,NULL,N/A
CENT,$14.24,1441390543086,"79,830",Not yet rated,NULL,$10
CVCY,$11.54,1441390543261,198,Not yet rated,NULL,$12
CNBKA,$39.12,1441390543315,198,50% bullish,of 2 ratings,N/A
CENX,$5.32,1441390543342,"612,705",67% bullish,of 6 ratings,$9
CNTY,$5.96,1441390543363,"3,723",80% bullish,of 5 ratings,$7.75
CRNT,$1.3999,1441390543399,"19,941",50% bullish,of 2 ratings,$2
CPHD,$48.82,1441390543425,"224,021",67% bearish,of 3 ratings,$66
CERE,$1.13,1441390543498,"155,155",88% bullish,of 8 ratings,N/A
CERN,$59.684,1441390543626,"231,349",67% bullish,of 3 ratings,$79
CERU,$4.2,1441390543656,"11,981",75% bullish,of 4 ratings,$14
CERS,$5.15,1441390543702,"365,180",75% bullish,of 4 ratings,$7
KOOL,$0.64,1441390543759,"24,435",100% bullish,of 5 ratings,$7
CEVA,$19,1441390543788,"8,980",100% bearish,of 1 rating,$25
CYOU,$18.66,1441390543891,"25,766",50% bullish,of 6 ratings,$24
HOTRW,$0.15,1441390544022,"10,650",Not yet rated,NULL,N/A
HOTR,$1.31,1441390544154,"35,597",100% bullish,of 2 ratings,$5
CTHR,$1.2,1441390544227,"31,732",50% bullish,of 2 ratings,$2.50
GTLS,$23.125,1441390544252,"63,415",50% bullish,of 4 ratings,$40
CHFN,$12.1,1441390546495,"6,008",Not yet rated,NULL,$14
CHTR,$181.59,1441390546904,"198,742",67% bearish,of 3 ratings,$202
CHKP,$77.88,1441390547155,"479,458",50% bullish,of 4 ratings,$92
CHEK,NULL,1441390547586,0,Not yet rated,NULL,$7.75
CHEKW,NULL,1441390547669,0,Not yet rated,NULL,N/A
CEMI,$4.21,1441390548619,"3,148",50% bullish,of 2 ratings,$7.50
CHFC,$30.34,1441390548655,"27,761",100% bearish,of 1 rating,$36
CHMG,$26.36,1441390548700,200,Not yet rated,NULL,$30
CHMA,$28.11,1441390548788,"42,436",Not yet rated,NULL,$40
CCXI,$6.11,1441390548814,"9,802",67% bullish,of 3 ratings,$14
CHKE,$25.5,1441390548836,"5,715",100% bearish,of 1 rating,$32.50
PLCE,$58.15,1441390548865,"46,022",100% bearish,of 1 rating,$69
CHEV,$14.39,1441390548886,"1,066",Not yet rated,NULL,N/A
CBNK,$16.78,1441390549035,200,100% bearish,of 1 rating,N/A
CMRX,$48.47,1441390549131,"74,785",50% bullish,of 2 ratings,$57
CADC,$3.34,1441390549227,400,78% bullish,of 9 ratings,N/A
CALI,NULL,1441390549255,0,67% bullish,of 3 ratings,N/A
CBPO,$93.74,1441390549326,"45,895",75% bullish,of 8 ratings,$140.50
CCCL,NULL,1441390549485,0,100% bullish,of 6 ratings,N/A
CBAK,$2.07,1441390549510,"80,557",67% bullish,of 9 ratings,N/A
CAAS,$5.9915,1441390549536,"3,279",93% bullish,of 14 ratings,$11.50
CCCR,$0.7152,1441390549867,700,67% bearish,of 3 ratings,N/A
CNIT,$1.1464,1441390549897,"46,559",67% bullish,of 6 ratings,N/A
HGSH,$1.785,1441390549927,"1,201",67% bullish,of 3 ratings,N/A
JRJC,$3.45,1441390549948,"14,072",82% bullish,of 11 ratings,N/A
CHOP,$1.0701,1441390549969,"6,035",50% bullish,of 2 ratings,N/A
CHLN,$1.8,1441390550005,300,67% bullish,of 3 ratings,N/A
HTHT,$25.5,1441390550101,"32,952",50% bullish,of 2 ratings,$28.40
CHNR,$1.65,1441390550179,"4,928",100% bearish,of 1 rating,N/A
CREG,$0.66,1441390550355,"30,917",100% bullish,of 3 ratings,N/A
CSUN,$1.3563,1441390550418,"7,025",80% bullish,of 5 ratings,N/A
CJJD,$1.8,1441390550447,"1,200",100% bullish,of 1 rating,N/A
CNTF,$0.7999,1441390550550,"22,686",Not yet rated,NULL,N/A
CPGI,$6.905,1441390550706,"1,900",Not yet rated,NULL,N/A
CNYD,$3.21,1441390550736,200,67% bullish,of 3 ratings,N/A
CXDC,$6.1399,1441390550767,"16,668",67% bearish,of 3 ratings,N/A
IMOS,$19.36,1441390550865,"87,574",60% bullish,of 5 ratings,$21.50
CHSCL,$27.294,1441390550892,"9,876",Not yet rated,NULL,N/A
CNET,$0.84,1441390550921,"12,960",50% bullish,of 2 ratings,N/A
CCIH,$7.34,1441390550947,"69,945",67% bullish,of 6 ratings,$12.65
CHSCP,$30.694,1441390551144,100,Not yet rated,NULL,N/A
CHSCO,$28.42,1441390551174,868,Not yet rated,NULL,N/A
CHSCN,$27.02,1441390551200,"1,477",Not yet rated,NULL,N/A
CHSCM,$26.2601,1441390551278,"6,585",Not yet rated,NULL,N/A
CHUY,$31.02,1441390551328,"32,143",50% bullish,of 2 ratings,$34
CHDN,$133.55,1441390551462,"23,911",Not yet rated,NULL,$165
CDTX,$14.15,1441390551547,"9,385",Not yet rated,NULL,$22
CIFC,$6.85,1441390551602,"7,235",100% bearish,of 1 rating,N/A
CMPR,$70.56,1441390551677,"52,180",50% bullish,of 2 ratings,$72.50
CMCT,NULL,1441390551711,0,100% bearish,of 1 rating,N/A
CIDM,$0.5801,1441390551743,"6,915",50% bullish,of 2 ratings,$2.10
CTAS,$83.69,1441390551808,"117,606",100% bearish,of 1 rating,$91
CINF,$51.67,1441390551833,"178,553",50% bullish,of 4 ratings,$50.50
CRUS,$29.35,1441390552043,"183,070",75% bullish,of 12 ratings,$44.50
CSCO,$25.5,1441390552070,"7,524,137",83% bullish,of 210 ratings,$32
CPHR,$5,1441390552095,900,100% bearish,of 1 rating,$17
CTRN,$25.79,1441390552351,"26,301",100% bearish,of 1 rating,$31.50
CZWI,$9,1441390552529,316,Not yet rated,NULL,N/A
CZNC,$19.66,1441390552594,"3,280",Not yet rated,NULL,N/A
CIZN,NULL,1441390552624,0,Not yet rated,NULL,N/A
CZFC,NULL,1441390552681,0,Not yet rated,NULL,N/A
CTXS,$67.91,1441390552720,"515,474",86% bullish,of 7 ratings,$80
CIVB,$10.0001,1441390552818,"1,550",Not yet rated,NULL,$11
CHCO,$47.05,1441390552847,"9,758",Not yet rated,NULL,$46
CLNE,$5.2,1441390552900,"245,054",80% bullish,of 15 ratings,$9
CDTI,$1.57,1441390553003,"17,250",75% bullish,of 4 ratings,$3.20
CLFD,$16.76,1441390553034,"7,844",67% bullish,of 3 ratings,$18
CIVBP,NULL,1441390553059,0,Not yet rated,NULL,N/A
CLNT,$1.55,1441390553135,"4,600",75% bullish,of 8 ratings,N/A
CLRO,$11.45,1441390553194,400,50% bullish,of 2 ratings,$14.25
CBLI,$4.175,1441390553225,"9,819",60% bullish,of 5 ratings,N/A
CLIR,$5.014,1441390553299,"25,278",100% bullish,of 3 ratings,N/A
CSBK,$13.82,1441390553443,"15,282",Not yet rated,NULL,N/A
CLVS,$81.96,1441390553627,"112,694",60% bullish,of 5 ratings,$101.50
CMFN,$11.24,1441390553697,"6,387",100% bearish,of 1 rating,$15.50
CME,$92.23,1441390553726,"556,805",67% bullish,of 3 ratings,$102
CCNE,$16.989,1441390553755,"4,343",50% bullish,of 2 ratings,$21.50
CISG,$7.63,1441390553801,"3,100",100% bullish,of 5 ratings,$10
CWAY,$11.28,1441390553855,"1,600",Not yet rated,NULL,N/A
CNV,$4.39,1441390553957,"19,984",50% bullish,of 2 ratings,$7.15
COBZ,$12.68,1441390554052,"11,315",100% bullish,of 1 rating,$14
CDXS,$3.52,1441390554079,"16,472",64% bullish,of 11 ratings,$6
CDRB,$9.25,1441390554110,"16,039",67% bullish,of 3 ratings,N/A
CVLY,NULL,1441390554237,0,Not yet rated,NULL,N/A
COKE,$158.06,1441390554310,"4,818",79% bullish,of 19 ratings,N/A
JVA,$4.7,1441390554339,"7,400",83% bullish,of 6 ratings,$7
CGNT,$1.54,1441390554441,800,100% bullish,of 2 ratings,$2
CCOI,$27.27,1441390554470,"86,362",50% bullish,of 4 ratings,$35
CTSH,$61.47,1441390554572,"1,173,110",90% bullish,of 10 ratings,$75
CGNX,$34.33,1441390554629,"128,028",50% bullish,of 2 ratings,$47
COHU,$9.51,1441390554712,"15,431",100% bearish,of 1 rating,$14.25
CHRS,$25.89,1441390554771,"87,957",67% bearish,of 3 ratings,$37
COHR,$54.84,1441390554803,"22,651",50% bullish,of 2 ratings,$72
CLRX,$0.6704,1441390554899,"12,574",50% bullish,of 2 ratings,N/A
CLCT,$17.877,1441390554927,"6,866",100% bearish,of 1 rating,N/A
COLL,$15.555,1441390555001,"18,692",100% bearish,of 1 rating,$26
CIGI,$41.865,1441390555026,"15,235",100% bearish,of 1 rating,$52
CBAN,NULL,1441390555267,0,Not yet rated,NULL,N/A
CLCD,$5.75,1441390556516,"29,004",100% bearish,of 1 rating,$20.50
COLB,$29,1441390557043,"57,052",Not yet rated,NULL,$36
COLM,$60.54,1441390557074,"25,977",100% bearish,of 1 rating,$71
CMCO,$18.82,1441390557209,"12,524",60% bullish,of 5 ratings,$28
CMCSA,$55.465,1441390557281,"3,389,803",66% bullish,of 35 ratings,$69.50
CMCSK,$56.44,1441390557424,"1,259,037",Not yet rated,NULL,$84
CBMX,$1.12,1441390557454,"5,500",83% bullish,of 6 ratings,$3.15
CBSHP,$25.35,1441390557480,"2,958",100% bearish,of 1 rating,N/A
CUBN,NULL,1441390557503,0,Not yet rated,NULL,N/A
CBSH,$43.2,1441390557537,"79,433",50% bullish,of 2 ratings,$46
CVGI,$4.84,1441390557563,"16,543",50% bullish,of 2 ratings,$6
COMM,$32.51,1441390557638,"172,702",67% bearish,of 3 ratings,$35
CSAL,$19.97,1441390557703,"163,954",75% bullish,of 4 ratings,$30
CYHHZ,$0.01,1441390557838,"7,982",100% bullish,of 1 rating,N/A
ESXB,NULL,1441390557864,0,Not yet rated,NULL,N/A
JCS,$8.6574,1441390557889,"4,825",67% bullish,of 3 ratings,N/A
CTBI,$34.4,1441390558037,"4,804",Not yet rated,NULL,$36
CWBC,$6.826,1441390558181,200,Not yet rated,NULL,N/A
CID,$32.38,1441390558282,"1,305",Not yet rated,NULL,N/A
CVLT,$35.24,1441390558308,"178,080",75% bullish,of 4 ratings,$44.50
CIZ,$32.0975,1441390558343,"13,223",100% bearish,of 1 rating,N/A
CIL,NULL,1441390558364,0,Not yet rated,NULL,N/A
CSA,NULL,1441390558399,0,Not yet rated,NULL,N/A
COB,$10.15,1441390558439,"2,000",100% bullish,of 1 rating,$11.75
CFO,$34.6399,1441390558494,"42,020",100% bearish,of 1 rating,N/A
CDC,$33.757,1441390558624,"49,681",Not yet rated,NULL,N/A
CFA,$34.65,1441390558716,900,100% bearish,of 1 rating,N/A
CSF,$36.06,1441390558753,"3,017",100% bearish,of 1 rating,N/A
CDL,$32.826,1441390558780,"1,157",Not yet rated,NULL,N/A
CSB,NULL,1441390558905,0,Not yet rated,NULL,N/A
CGEN,$5.04,1441390558935,"28,636",50% bullish,of 2 ratings,$11
SCOR,$47.25,1441390559004,"195,049",100% bearish,of 1 rating,$66
CPSI,$44.95,1441390559031,"20,486",100% bearish,of 1 rating,$45.50
CNAT,$3.88,1441390559105,"32,314",83% bullish,of 6 ratings,$13
CTG,$6.57,1441390559132,"9,195",100% bearish,of 1 rating,$8.50
CHCI,$0.73,1441390559207,800,50% bullish,of 2 ratings,N/A
CMTL,$25.93,1441390559278,"6,826",100% bearish,of 2 ratings,$37
CNSI,$18.05,1441390559385,"25,339",100% bearish,of 2 ratings,$29
CNCE,$15.89,1441390559412,"29,151",75% bullish,of 4 ratings,$22
CXRX,$82.95,1441390559485,300,100% bearish,of 1 rating,$90
CCUR,$5.434,1441390559510,"1,363",75% bullish,of 4 ratings,N/A
CDOR,$1.25,1441390559549,"6,600",100% bullish,of 1 rating,N/A
CDORO,NULL,1441390559685,0,100% bearish,of 1 rating,N/A
CDORP,$6.25,1441390559796,300,100% bearish,of 1 rating,N/A
CFMS,$14.17,1441390559830,"157,094",100% bearish,of 1 rating,$26.50
CTWS,$34.39,1441390559862,"3,622",100% bearish,of 1 rating,$44
CNFR,$10.06,1441390559891,12,Not yet rated,NULL,N/A
CNMD,$50.31,1441390559919,"44,049",Not yet rated,NULL,$59
CNOB,$18.79,1441390559946,"9,874",100% bullish,of 1 rating,$23.50
CNXR,$6.7655,1441390560077,"68,008",100% bearish,of 1 rating,$12
CONN,$28.46,1441390560217,"170,554",67% bullish,of 3 ratings,$48.50
CNSL,$19.45,1441390560317,"57,443",100% bearish,of 1 rating,$23
CTCT,$24.19,1441390560416,"58,470",67% bullish,of 3 ratings,$37
CPSS,$5.51,1441390560443,"4,937",100% bullish,of 1 rating,$10
CWCO,$10.36,1441390560468,"35,862",67% bullish,of 3 ratings,$14.50
CFRXW,$1.68,1441390560697,700,100% bearish,of 1 rating,N/A
CFRXZ,NULL,1441390560725,0,Not yet rated,NULL,N/A
CTRL,$8.33,1441390560747,"58,275",50% bullish,of 2 ratings,$11
CTRV,$3.46,1441390560788,"4,750",Not yet rated,NULL,$6.40
CFRX,$4.8762,1441390560819,"1,300",Not yet rated,NULL,$14
CRBP,$1.8501,1441390560891,"63,855",100% bullish,of 2 ratings,$6.25
BVA,NULL,1441390560918,0,50% bullish,of 2 ratings,N/A
CPRT,$34.79,1441390560944,"123,665",67% bearish,of 3 ratings,$40
CORT,$4.93,1441390561159,"109,938",67% bullish,of 3 ratings,$12
CORE,$58.91,1441390561192,"40,800",100% bearish,of 1 rating,$72
CORI,$10.3,1441390561327,"36,493",100% bearish,of 1 rating,$18
CSOD,$36.42,1441390561352,"97,312",50% bullish,of 2 ratings,$42
CRVL,$30.5,1441390561377,"4,108",100% bearish,of 1 rating,N/A
COST,$138.51,1441390561531,"578,048",79% bullish,of 24 ratings,$154.50
COSI,$1.07,1441390561584,"2,559",100% bullish,of 1 rating,N/A
CSGP,$174.51,1441390561606,"26,448",50% bullish,of 2 ratings,$235
CPAH,$0.4376,1441390561661,100,50% bullish,of 2 ratings,N/A
ICBK,NULL,1441390561743,0,Not yet rated,NULL,$21
CVTI,$22.5,1441390561773,"17,997",67% bearish,of 3 ratings,$39
COWN,$5.025,1441390561795,"235,516",75% bullish,of 4 ratings,$7
COVS,$2.52,1441390561838,"14,472",67% bullish,of 3 ratings,N/A
COWNL,$26.62,1441390561987,113,Not yet rated,NULL,N/A
CPSH,$2.41,1441390562013,702,Not yet rated,NULL,N/A
CBRL,$145.97,1441390562193,"52,326",50% bullish,of 2 ratings,$155
CRAI,$22.96,1441390562291,"8,100",100% bearish,of 1 rating,$36
BREW,$7.65,1441390562321,"7,653",67% bullish,of 6 ratings,$15
CACC,$196.29,1441390562367,"41,177",50% bullish,of 2 ratings,$158.50
SLVO,$10.08,1441390562392,237,100% bearish,of 1 rating,N/A
CRAY,$20.56,1441390562423,"60,707",83% bullish,of 6 ratings,$38.50
CREE,$25.76,1441390562450,"242,364",65% bullish,of 17 ratings,$29.50
GLDI,$10.9611,1441390562523,"18,720",100% bearish,of 1 rating,N/A
CRESY,$10.26,1441390562661,"7,583",100% bearish,of 1 rating,$19
CRTO,$36.6,1441390562719,"221,139",67% bullish,of 6 ratings,$64
CROX,$13.805,1441390562765,"353,969",63% bullish,of 8 ratings,$16.50
CRDS,$1.1501,1441390562899,"77,252",50% bullish,of 4 ratings,$3.375
CCRN,$14.11,1441390562926,"138,891",100% bearish,of 1 rating,$14.25
CRWS,$8.07,1441390562947,"5,500",Not yet rated,NULL,$10
CRWN,$5.23,1441390563079,"74,499",75% bullish,of 4 ratings,N/A
CYRXW,$0.745,1441390563152,"8,500",Not yet rated,NULL,N/A
CSGS,$29.51,1441390563223,"59,714",Not yet rated,NULL,$40
CYRX,$2.938,1441390563289,"21,350",Not yet rated,NULL,$9
CTCM,$1.7,1441390563380,"27,600",80% bearish,of 5 ratings,$3.90
CSPI,$5.6201,1441390563419,"3,718",67% bullish,of 3 ratings,N/A
CCLP,$13.7,1441390563449,"47,954",67% bearish,of 3 ratings,$20
CTIC,$1.53,1441390563548,"172,420",84% bullish,of 76 ratings,$5.75
CTRP,$63.55,1441390563592,"578,983",75% bullish,of 8 ratings,$92.50
CTIB,NULL,1441390563619,0,100% bearish,of 1 rating,N/A
CUI,$5.18,1441390563763,"9,309",50% bullish,of 2 ratings,$10
CUNB,$21.8,1441390563791,"5,164",Not yet rated,NULL,$24.50
CMLS,$1.285,1441390563967,"55,024",50% bullish,of 4 ratings,$6
CPIX,$6.18,1441390563996,"5,110",Not yet rated,NULL,N/A
CRIS,$2.51,1441390564026,"42,210",100% bullish,of 8 ratings,$6
CVBF,$15.81,1441390564052,"49,316",Not yet rated,NULL,$18
CUTR,$14.95,1441390564130,"39,361",67% bearish,of 3 ratings,$18
CYAN,$6.2001,1441390564231,"1,050",100% bearish,of 1 rating,N/A
CYBR,$46.2,1441390564303,"1,383,833",75% bullish,of 8 ratings,$68.50
CVV,$11.16,1441390564373,"1,912",100% bullish,of 5 ratings,N/A
CYCCP,$5.51,1441390564507,"1,504",100% bearish,of 1 rating,N/A
CYCC,$0.56,1441390564536,"27,049",73% bullish,of 11 ratings,N/A
CYBX,$64.599,1441390564643,"47,615",50% bullish,of 4 ratings,$71.50
CBAY,$2.69,1441390564671,"5,500",100% bullish,of 1 rating,$4
CYNA,$16.02,1441390564704,"4,002",50% bullish,of 2 ratings,$31.50
CY,$9.895,1441390564751,"1,045,774",80% bullish,of 10 ratings,$15.50
CYNO,$32.72,1441390564807,"72,732",67% bearish,of 3 ratings,$45.50
CYBE,$6.9,1441390564833,"5,218",100% bearish,of 1 rating,N/A
CYRN,$1.7299,1441390565024,"11,620",67% bullish,of 3 ratings,$4
CONE,$31.6,1441390565070,"217,506",67% bearish,of 3 ratings,$35.50
CYTX,$0.3693,1441390565154,"761,805",83% bullish,of 12 ratings,$5.50
CYTK,$7.18,1441390565185,"56,119",71% bullish,of 14 ratings,$13.50
CTSO,$7.35,1441390565292,"27,695",Not yet rated,NULL,$15.625
CYTR,$2.46,1441390565319,"149,502",67% bullish,of 6 ratings,$10
DAEG,$0.3501,1441390565450,770,100% bearish,of 1 rating,N/A
TVIZ,$24.51,1441390565481,"1,900",100% bearish,of 1 rating,N/A
TVIX,$17.487,1441390565536,"8,632,366",81% bullish,of 16 ratings,N/A
ZIV,$34.72,1441390565580,"29,259",Not yet rated,NULL,N/A
XIV,$22.39,1441390565607,"13,495,796",75% bearish,of 4 ratings,N/A
DJCO,$196.76,1441390565640,64,Not yet rated,NULL,N/A
DAKT,$8.37,1441390565747,"92,486",50% bullish,of 2 ratings,$12
DARA,$0.83,1441390565780,"23,527",83% bullish,of 6 ratings,$1.50
DAIO,$2.51,1441390565885,200,Not yet rated,NULL,N/A
DTLK,$5.55,1441390565918,"34,559",100% bearish,of 1 rating,$9
DRAM,$1.28,1441390566059,"7,700",78% bullish,of 9 ratings,N/A
PLAY,$36.19,1441390566132,"162,865",100% bullish,of 5 ratings,$42
DWCH,$4.95,1441390566238,"7,227",75% bullish,of 4 ratings,$8.25
DTEA,$13.1,1441390566320,"12,240",100% bearish,of 2 ratings,$24
DHRM,$1.61,1441390566367,794,Not yet rated,NULL,N/A
DWSN,$4.3,1441390566396,"16,496",67% bullish,of 3 ratings,N/A
DBVT,$36.67,1441390566421,"43,040",100% bearish,of 1 rating,$53
TRAK,$62.82,1441390566794,"531,391",50% bullish,of 2 ratings,$62.50
TACO,$13.04,1441390566822,"14,055",75% bullish,of 4 ratings,$20
TACOW,$4.736,1441390566843,"2,900",100% bullish,of 1 rating,N/A
DCTH,$0.49,1441390566877,"517,816",78% bullish,of 9 ratings,N/A
DFRG,$14.16,1441390566904,"57,999",100% bearish,of 1 rating,$20
DGAS,$20.3,1441390566978,944,67% bearish,of 3 ratings,N/A
DELT,$2.05,1441390567033,860,Not yet rated,NULL,N/A
DENN,$11.23,1441390567277,"119,339",100% bullish,of 3 ratings,$15
XRAY,$51.11,1441390567376,"248,652",100% bullish,of 1 rating,$58
DEPO,$26.32,1441390567404,"133,857",60% bullish,of 5 ratings,$29
DERM,$25.42,1441390567481,"11,275",100% bearish,of 1 rating,$33.50
DSCI,$6.125,1441390567506,"48,084",50% bullish,of 2 ratings,$16
DELTW,NULL,1441390567531,0,Not yet rated,NULL,N/A
DEST,$10.27,1441390568191,"9,324",50% bullish,of 2 ratings,N/A
DXLG,$6.5,1441390568248,"75,223",100% bearish,of 1 rating,$8
DSWL,$1.5399,1441390568394,"4,300",100% bullish,of 1 rating,N/A
DXCM,$87.975,1441390568451,"121,409",57% bullish,of 7 ratings,$98
DXM,$0.2885,1441390569055,"44,169",50% bullish,of 2 ratings,N/A
DMND,$30.41,1441390569510,"21,346",75% bullish,of 12 ratings,$32
DHXM,$6.57,1441390569539,613,100% bearish,of 1 rating,N/A
FANG,$65.985,1441390569567,"248,514",50% bullish,of 2 ratings,$86
DCIX,$1.61,1441390569593,"76,176",50% bullish,of 4 ratings,$3.50
DHIL,$188.95,1441390569667,500,Not yet rated,NULL,N/A
DMRC,$37.32,1441390569917,"10,870",100% bearish,of 1 rating,$44
DRNA,$10.795,1441390569944,"59,917",67% bearish,of 3 ratings,$25
DGLY,$7.29,1441390569965,"19,703",50% bullish,of 6 ratings,$20
DRAD,$3.75,1441390570034,"7,569",100% bullish,of 1 rating,$5.25
DGII,$10.2,1441390570055,"6,706",100% bearish,of 1 rating,$11
APPS,$2.1,1441390570100,"28,431",100% bearish,of 1 rating,$10.25
DIOD,$22.7199,1441390570141,"192,980",75% bearish,of 4 ratings,$24
DCOM,$16.54,1441390570201,"20,383",100% bearish,of 2 ratings,$16
DPRX,$14.06,1441390570346,"11,105",100% bullish,of 2 ratings,$27.75
DISCA,$26.63,1441390570397,"512,560",67% bullish,of 3 ratings,$34
DISCB,NULL,1441390570480,0,100% bearish,of 1 rating,$35
DISCK,$25.33,1441390570643,"391,653",100% bearish,of 1 rating,$32
DSCO,$0.4502,1441390570676,"163,405",83% bullish,of 6 ratings,$2.75
BAGR,$2.59,1441390570697,"9,508",100% bearish,of 1 rating,$6
DISH,$58.5,1441390570734,"438,187",69% bullish,of 13 ratings,$73
DLTR,$67.75,1441390570827,"2,637,122",82% bullish,of 11 ratings,$85
DVCR,NULL,1441390570858,0,100% bullish,of 1 rating,N/A
DNBF,$26,1441390570888,600,Not yet rated,NULL,$27.50
DLHC,$2.4928,1441390570958,100,100% bearish,of 1 rating,N/A
DGICA,$13.74,1441390571093,"4,175",100% bearish,of 1 rating,$17
DGICB,NULL,1441390571118,0,100% bearish,of 1 rating,N/A
DMLP,$14.92,1441390571168,"5,790",100% bearish,of 1 rating,N/A
DORM,$50.08,1441390571267,"105,686",100% bearish,of 1 rating,$56
DRWI,$0.202,1441390571367,"113,323",60% bullish,of 5 ratings,$.45
DRWIW,$0.0445,1441390571392,"7,100",Not yet rated,NULL,N/A
HILL,$9.695,1441390571420,"267,801",60% bearish,of 5 ratings,$9.75
DRYS,$0.4467,1441390571471,"743,420",77% bullish,of 31 ratings,$.60
DSKX,$3.2845,1441390571576,"28,294",100% bullish,of 1 rating,N/A
DWA,$20.55,1441390571601,"245,100",63% bullish,of 8 ratings,$26
DSPG,$8.77,1441390571660,"8,966",100% bearish,of 1 rating,$13.50
CADT,$10,1441390571729,400,Not yet rated,NULL,N/A
CADTR,NULL,1441390571761,0,Not yet rated,NULL,N/A
CADTW,NULL,1441390571807,0,Not yet rated,NULL,N/A
CADTU,NULL,1441390571947,0,Not yet rated,NULL,N/A
DTSI,$27.07,1441390571992,"22,593",100% bearish,of 2 ratings,$39.50
DNKN,$48.74,1441390572082,"213,339",67% bullish,of 15 ratings,$56.50
DRRX,$2.06,1441390572156,"203,643",50% bullish,of 6 ratings,$3
DXPE,$29.64,1441390572212,"38,034",50% bullish,of 2 ratings,N/A
DYAX,$21.8,1441390572343,"164,453",89% bullish,of 9 ratings,$30
DYNT,$3.0601,1441390572371,400,75% bullish,of 4 ratings,N/A
BOOM,$10.21,1441390572395,"53,739",67% bullish,of 3 ratings,$12
DYSL,$1.5205,1441390572425,"3,188",100% bullish,of 2 ratings,N/A
DVAX,$27.87,1441390572584,"60,788",70% bullish,of 10 ratings,$40
EBMT,$11.5,1441390572610,300,Not yet rated,NULL,$13.50
ETFC,$25.22,1441390572636,"1,197,558",57% bullish,of 14 ratings,$32.50
EGBN,$40.86,1441390572657,"14,357",Not yet rated,NULL,$48
EGLE,$6.38,1441390572799,"17,756",60% bullish,of 5 ratings,N/A
EGRX,$76.52,1441390572826,"57,366",67% bullish,of 3 ratings,$97
EROC,$1.4501,1441390572883,"96,991",50% bullish,of 2 ratings,$3
ELNK,$8.45,1441390573027,"171,519",60% bullish,of 5 ratings,$9.50
EACQU,NULL,1441390573060,0,Not yet rated,NULL,N/A
EML,$16.22,1441390573087,"1,112",Not yet rated,NULL,N/A
EVBS,$6.5001,1441390573112,"2,302",Not yet rated,NULL,$7
EBIX,$27.24,1441390573367,"87,737",69% bullish,of 13 ratings,$40
ELON,$0.5801,1441390573396,"3,355",50% bullish,of 2 ratings,N/A
EWBC,$38.6,1441390573432,"222,107",100% bearish,of 1 rating,$50
EBAY,$26.36,1441390573470,"2,992,770",81% bullish,of 117 ratings,$34
ECTE,$1.5,1441390573528,"7,407",75% bullish,of 4 ratings,N/A
ECHO,$22.71,1441390573559,"77,961",67% bearish,of 3 ratings,$34.50
SATS,$43.33,1441390573586,"36,453",50% bullish,of 2 ratings,$60
ECACU,$10.1,1441390573664,5,Not yet rated,NULL,N/A
EEI,$11.88,1441390573747,"1,351",67% bearish,of 3 ratings,N/A
EDGW,$7.201,1441390573974,"2,412",100% bearish,of 1 rating,N/A
EDAP,$3.55,1441390574008,"6,858",60% bullish,of 5 ratings,$4.50
ESES,$3.11,1441390574035,300,100% bearish,of 1 rating,$7
EDUC,$6.5399,1441390574057,"12,712",100% bearish,of 1 rating,N/A
EFUT,$4.63,1441390574089,"2,000",Not yet rated,NULL,N/A
EGAN,$3.6607,1441390574115,"1,300",50% bullish,of 2 ratings,$6.25
EGLT,$12.97,1441390574191,"17,654",50% bullish,of 2 ratings,$21
EHTH,$14.72,1441390574407,"26,410",50% bullish,of 4 ratings,$17
EMITF,$1.211,1441390574435,"5,154",75% bullish,of 4 ratings,N/A
LOCO,$12.47,1441390574475,"206,397",69% bullish,of 13 ratings,$19.50
ESLT,$78.045,1441390574503,"1,082",67% bullish,of 3 ratings,N/A
ELRC,$10.47,1441390574635,"3,970",100% bearish,of 1 rating,N/A
ERI,$9.25,1441390574660,"16,868",100% bearish,of 1 rating,$10
ESIO,$4.495,1441390574688,"78,040",50% bullish,of 2 ratings,$10
EA,$65.98,1441390574860,"1,201,939",78% bullish,of 36 ratings,$80
EFII,$42.66,1441390574891,"23,389",80% bullish,of 5 ratings,$55
ELSE,NULL,1441390574991,0,60% bullish,of 5 ratings,N/A
ELEC,NULL,1441390575056,0,Not yet rated,NULL,N/A
ELECU,NULL,1441390575083,0,Not yet rated,NULL,N/A
EBIO,$3.34,1441390575104,"94,657",100% bearish,of 2 ratings,$8.35
RDEN,$11.15,1441390575235,"17,016",100% bearish,of 4 ratings,$15
ELECW,NULL,1441390575281,0,Not yet rated,NULL,N/A
CAPX,NULL,1441390575317,0,Not yet rated,NULL,N/A
ELTK,$1.3199,1441390575451,"8,382",67% bearish,of 3 ratings,N/A
ESBK,$19.16,1441390575485,627,Not yet rated,NULL,N/A
EMCI,$21.51,1441390575583,"7,569",Not yet rated,NULL,N/A
LONG,$16.87,1441390575610,"11,616",67% bullish,of 3 ratings,$15.75
EMCF,NULL,1441390575645,0,100% bearish,of 1 rating,N/A
EMKR,$6.8,1441390575739,"34,008",75% bullish,of 4 ratings,$8.50
EMMS,$1.28,1441390575766,"14,482",67% bullish,of 6 ratings,N/A
NYNY,$4.39,1441390575940,"14,227",50% bullish,of 2 ratings,N/A
EMMSP,NULL,1441390575965,0,100% bearish,of 1 rating,N/A
ENTA,$39.15,1441390576042,"64,584",50% bullish,of 2 ratings,$42
ERS,$3.52,1441390576104,"5,230",Not yet rated,NULL,N/A
ECPG,$37.36,1441390576130,"95,076",100% bullish,of 2 ratings,$52
WIRE,$32.17,1441390576173,"43,033",100% bearish,of 1 rating,$37
ENDP,$72.29,1441390576209,"546,439",50% bullish,of 6 ratings,$101.50
ECYT,$4.995,1441390576368,"91,412",83% bullish,of 6 ratings,$12
WATT,$6.86,1441390576400,"37,665",50% bullish,of 2 ratings,$13
ELGX,$12.805,1441390576421,"140,232",75% bullish,of 4 ratings,$17
EIGI,$14.79,1441390576501,"45,069",67% bearish,of 3 ratings,$22.50
EFOI,$24.58,1441390576578,"248,949",50% bullish,of 2 ratings,$24.50
EXXI,$1.8,1441390576710,"441,438",86% bullish,of 7 ratings,$3.50
ERII,$2.5599,1441390576763,"3,283",80% bullish,of 5 ratings,$2.50
ENOC,$8.79,1441390576873,"56,856",75% bullish,of 4 ratings,$18
ESGR,$150,1441390576931,"31,654",100% bearish,of 1 rating,$185
ENPH,$4.495,1441390577011,"339,766",75% bullish,of 4 ratings,$10
ENG,$1.02,1441390577040,"4,343",100% bullish,of 3 ratings,N/A
ENFC,$17.4,1441390577066,100,Not yet rated,NULL,N/A
ENTG,$13.39,1441390577266,"81,873",100% bearish,of 1 rating,$18
ENTL,$21.49,1441390577297,"218,617",Not yet rated,NULL,$28
EGT,$2.06,1441390577350,150,100% bullish,of 1 rating,N/A
ETRM,$0.28,1441390577376,"266,815",69% bearish,of 35 ratings,$1.625
EBTC,$20.9,1441390577406,311,Not yet rated,NULL,N/A
EFSC,$23.63,1441390577504,"20,047",Not yet rated,NULL,$27
ENVI,$1.88,1441390577577,"608,085",67% bullish,of 3 ratings,N/A
ENZN,$1.0103,1441390577679,"58,008",100% bullish,of 9 ratings,N/A
EPIQ,$12.45,1441390577771,"8,895",100% bearish,of 1 rating,$18
ENZY,$10.28,1441390577876,"13,198",67% bullish,of 3 ratings,$9.50
EPZM,$19.14,1441390577921,"164,729",60% bullish,of 5 ratings,$34
PLUS,$74,1441390577951,"40,634",50% bullish,of 2 ratings,$88
EPRS,$5.12,1441390578081,"12,820",82% bullish,of 11 ratings,$15
EQIX,$268.72,1441390578112,"254,371",75% bullish,of 4 ratings,$312.50
EQFN,$7.79,1441390578142,"8,735",100% bearish,of 1 rating,N/A
EAC,$3.47,1441390578169,"3,127",100% bearish,of 1 rating,$8
ERIC,$9.5375,1441390578238,"645,932",67% bullish,of 9 ratings,$12.20
ERIE,$79.61,1441390578368,"3,151",Not yet rated,NULL,$73
ESCR,$0.24,1441390578450,"244,253",50% bullish,of 2 ratings,N/A
ESCRP,$1.15,1441390578500,"5,948",100% bearish,of 1 rating,N/A
ESCA,$17.81,1441390578526,"2,078",100% bearish,of 1 rating,$22
ESMC,$1.29,1441390578656,609,Not yet rated,NULL,N/A
ESPR,$43.57,1441390578684,"325,099",70% bearish,of 10 ratings,$115
ESSA,$12.8637,1441390578751,"1,580",100% bearish,of 1 rating,N/A
EPIX,NULL,1441390578895,0,Not yet rated,NULL,N/A
ESND,$33.6,1441390578924,"30,117",100% bearish,of 2 ratings,$40
ETSY,$14.065,1441390578945,"105,936",80% bullish,of 5 ratings,$16
ESSX,NULL,1441390578966,0,50% bullish,of 2 ratings,N/A
CLWT,$2.4333,1441390579098,300,100% bearish,of 1 rating,N/A
EEFT,$64.69,1441390579146,"51,465",100% bearish,of 1 rating,$67.50
ESEA,$4.5901,1441390579291,"2,849",100% bullish,of 1 rating,$15
EVEP,$7.883,1441390579470,"221,789",50% bullish,of 2 ratings,$15
EVLV,$2.56,1441390579496,"32,364",60% bullish,of 5 ratings,$4.625
EVK,$3.57,1441390579527,201,75% bearish,of 4 ratings,N/A
EVOL,$5.71,1441390579623,"6,147",75% bullish,of 4 ratings,$10
EVOK,$3.59,1441390579653,"21,852",100% bearish,of 1 rating,$13.375
EXA,$10.72,1441390579680,"14,517",100% bearish,of 1 rating,$13
EXAS,$20.8,1441390579707,"176,652",78% bullish,of 9 ratings,$31
EXEL,$5.48,1441390579735,"1,334,042",81% bullish,of 16 ratings,$6
EXAC,$19.06,1441390579989,"13,470",100% bearish,of 1 rating,$22.50
EXPE,$110.76,1441390580041,"303,682",64% bullish,of 11 ratings,$130
EXFO,$2.83,1441390580066,180,67% bearish,of 3 ratings,$3.95
EXLS,$35.78,1441390580141,"12,491",50% bullish,of 2 ratings,$41
EXPD,$47.6,1441390580171,"972,841",80% bullish,of 5 ratings,$52
ESRX,$82.72,1441390580239,"900,373",67% bearish,of 6 ratings,$101
EXPO,$42.25,1441390580268,"10,929",100% bearish,of 1 rating,$45.50
EXLP,$18.24,1441390580449,"37,608",100% bearish,of 1 rating,$25
EYEG,$3.89,1441390580483,"1,800",Not yet rated,NULL,N/A
EXTR,$3.15,1441390580508,"130,305",80% bullish,of 5 ratings,$3
EYEGW,NULL,1441390580589,0,Not yet rated,NULL,N/A
EZPW,$5.92,1441390580692,"42,055",50% bullish,of 4 ratings,$7
FFIV,$118.76,1441390580726,"218,829",63% bullish,of 8 ratings,$132
FB,$87.45,1441390580826,"10,286,612",73% bullish,of 1075 ratings,$111
EZCH,$22.85,1441390580851,"53,082",75% bullish,of 8 ratings,$19
FWM,$2.24,1441390581013,"21,650",100% bearish,of 2 ratings,$3.20
FRP,$15.32,1441390581097,"16,897",100% bearish,of 1 rating,$18
FCS,$13.46,1441390581147,"282,911",67% bearish,of 3 ratings,$17
FALC,$1.69,1441390581233,"12,030",63% bearish,of 8 ratings,N/A
FARM,$22.82,1441390581450,"11,219",100% bearish,of 1 rating,$35
FMNB,$8.29,1441390581588,"3,700",Not yet rated,NULL,N/A
FFKT,$25.72,1441390581631,"9,461",Not yet rated,NULL,$29
FATE,$6.01,1441390581663,"3,166",50% bullish,of 2 ratings,$11
DAVE,$14.37,1441390581696,"8,189",100% bearish,of 1 rating,$15.50
FARO,$36.64,1441390581764,"27,111",50% bullish,of 2 ratings,$48
FAST,$37.46,1441390581791,"562,461",80% bullish,of 5 ratings,$43
FBSS,NULL,1441390581817,0,Not yet rated,NULL,N/A
FDML,$8.23,1441390582039,"120,553",50% bullish,of 4 ratings,$14
FNHC,$21.61,1441390582074,"25,952",100% bearish,of 1 rating,$35
FEIC,$74.68,1441390582116,"60,284",50% bullish,of 2 ratings,$95.50
FBRC,$21.81,1441390582243,"5,433",100% bearish,of 1 rating,$29
FENX,$9.5,1441390582285,"26,954",100% bullish,of 1 rating,$14.25
FHCO,$1.3899,1441390582332,"5,285",50% bullish,of 4 ratings,N/A
FCSC,$5.54,1441390582360,"27,380",100% bearish,of 1 rating,$8.125
FGEN,$22.86,1441390582388,"63,932",100% bearish,of 1 rating,$39
ONEQ,$183.587,1441390582435,"12,797",100% bullish,of 1 rating,N/A
FDUS,$14.55,1441390582645,"17,724",50% bullish,of 2 ratings,$18
FRGI,$51.11,1441390582672,"21,221",50% bullish,of 2 ratings,$70
LION,$19.25,1441390582702,"22,291",100% bullish,of 1 rating,$20
FSAM,$7.205,1441390582734,"29,206",100% bearish,of 1 rating,$10.25
FSFR,$8.84,1441390582836,"21,031",100% bearish,of 1 rating,$11.50
FSC,$6.52,1441390582863,"187,421",60% bullish,of 5 ratings,$8
FSCFL,$24.6874,1441390583005,"1,400",Not yet rated,NULL,N/A
FITB,$19.14,1441390583032,"1,260,309",54% bullish,of 13 ratings,$22
FITBI,$27.4999,1441390583177,"4,583",Not yet rated,NULL,N/A
FISI,$24.12,1441390583208,"6,955",100% bullish,of 2 ratings,$24.50
FNGN,$29.82,1441390583239,"85,910",67% bullish,of 3 ratings,$47
FNSR,$15.09,1441390583274,"277,693",71% bullish,of 7 ratings,$24
FNJN,$1.69,1441390583371,"4,396",100% bearish,of 1 rating,$5
FNTC,NULL,1441390583403,0,Not yet rated,NULL,N/A
FNTCU,NULL,1441390583500,0,Not yet rated,NULL,N/A
FNTCW,NULL,1441390583563,0,Not yet rated,NULL,N/A
FEYE,$36.43,1441390583588,"2,268,651",88% bullish,of 16 ratings,$55.50
FNLC,$18.6445,1441390583802,"6,267",100% bullish,of 1 rating,N/A
FRBA,NULL,1441390583855,0,Not yet rated,NULL,$8
FBNC,$16.85,1441390583885,"6,206",100% bullish,of 1 rating,$20
FBIZ,$22.5,1441390583959,"10,688",100% bearish,of 2 ratings,$26
BUSE,$6.2,1441390583988,"29,607",Not yet rated,NULL,$6.875
FCAP,$26.2001,1441390584095,314,Not yet rated,NULL,N/A
FCVA,$4.758,1441390584133,100,Not yet rated,NULL,N/A
FCFS,$38.53,1441390584173,"23,614",100% bearish,of 3 ratings,$47
FCLF,$9.2,1441390584282,200,Not yet rated,NULL,N/A
FCNCA,$226.52,1441390584311,"1,493",Not yet rated,NULL,N/A
FCBC,$17.06,1441390584390,"4,694",Not yet rated,NULL,$18
FCCO,$12.35,1441390584532,200,Not yet rated,NULL,$13.25
FCFP,$6.7,1441390584559,"2,216",Not yet rated,NULL,N/A
FBNK,$16.01,1441390584608,"30,710",100% bearish,of 1 rating,$17.50
FDEF,$36.11,1441390584691,"1,970",Not yet rated,NULL,$38
FFNM,$6.3188,1441390584890,130,Not yet rated,NULL,N/A
FFBC,$18.01,1441390585021,"55,464",67% bearish,of 3 ratings,$20.25
FFBCW,NULL,1441390585058,0,100% bearish,of 1 rating,N/A
THFF,$32.135,1441390585092,"9,032",Not yet rated,NULL,$35
FFWM,$21.3,1441390585119,"11,950",Not yet rated,NULL,$24
FFNW,$12.29,1441390585148,"9,741",Not yet rated,NULL,$14
FFIN,$29.62,1441390585177,"29,865",50% bullish,of 2 ratings,$31.75
INBK,$28.55,1441390585202,"7,225",50% bullish,of 2 ratings,$37
FIBK,$26.18,1441390585387,"38,116",Not yet rated,NULL,$32
FMBH,$22.28,1441390585546,329,Not yet rated,NULL,N/A
FRME,$25.85,1441390585572,"30,585",Not yet rated,NULL,$26.50
FMBI,$17.19,1441390585651,"110,529",Not yet rated,NULL,$20
FNWB,$12.1,1441390585707,"7,560",Not yet rated,NULL,N/A
FNBC,$33.75,1441390585738,"21,719",Not yet rated,NULL,$40
FNFG,$9.01,1441390585806,"419,020",80% bullish,of 5 ratings,$9
FSFG,NULL,1441390585833,0,Not yet rated,NULL,N/A
FSGI,$2.48,1441390585964,"13,980",Not yet rated,NULL,N/A
FBZ,$9.416,1441390586116,100,Not yet rated,NULL,N/A
FSBK,$7.8,1441390586150,"2,214",100% bullish,of 1 rating,N/A
BICK,$18.7,1441390586180,"2,800",100% bullish,of 1 rating,N/A
FTCS,$35.518,1441390586212,"5,128",100% bearish,of 1 rating,N/A
FSLR,$46.81,1441390586243,"420,882",72% bullish,of 39 ratings,$65
FCA,$18.76,1441390586314,15,Not yet rated,NULL,N/A
FCAN,$24.0579,1441390586340,"1,066",Not yet rated,NULL,N/A
FV,$22.8099,1441390586479,"604,955",100% bearish,of 1 rating,N/A
IFV,$17.13,1441390586633,"161,824",100% bearish,of 1 rating,N/A
FEMB,NULL,1441390586714,0,Not yet rated,NULL,N/A
FGM,$34.735,1441390586784,"2,360",Not yet rated,NULL,N/A
FTSM,$59.95,1441390586809,"25,368",100% bearish,of 1 rating,N/A
TDIV,$24.2714,1441390586836,"30,804",100% bearish,of 1 rating,N/A
FEUZ,NULL,1441390586857,0,Not yet rated,NULL,N/A
FTGC,$22.3394,1441390586889,"18,909",Not yet rated,NULL,N/A
MDIV,$18.8478,1441390587034,"94,198",Not yet rated,NULL,N/A
FTHI,$19.15,1441390587101,602,Not yet rated,NULL,N/A
FPXI,$25.98,1441390587246,500,Not yet rated,NULL,N/A
HYLS,$49.5618,1441390587273,"7,912",100% bearish,of 1 rating,N/A
YDIV,$16.0973,1441390587299,"2,642",Not yet rated,NULL,N/A
FHK,$31.91,1441390587523,"1,572",Not yet rated,NULL,N/A
CU,$12.25,1441390587548,"6,704",100% bearish,of 1 rating,N/A
PLTM,$6.1304,1441390587577,754,100% bearish,of 1 rating,N/A
SKYY,$28.0899,1441390587604,"29,614",100% bullish,of 1 rating,N/A
FJP,$44.5399,1441390587710,"40,892",Not yet rated,NULL,N/A
FTLB,$19.06,1441390587753,1,100% bearish,of 1 rating,N/A
LMBS,$50.35,1441390587780,400,Not yet rated,NULL,N/A
FMB,$51.3173,1441390587999,"1,149",Not yet rated,NULL,N/A
FONE,$34.67,1441390588087,10,Not yet rated,NULL,N/A
CIBR,$17.2876,1441390588112,"30,538",Not yet rated,NULL,N/A
QABA,$36.7399,1441390588159,"3,929",100% bearish,of 1 rating,N/A
QCLN,$14.91,1441390588290,"41,600",Not yet rated,NULL,N/A
GRID,$30.99,1441390588317,"1,600",100% bearish,of 1 rating,N/A
QQEW,$40.7799,1441390588448,"20,415",Not yet rated,NULL,N/A
CARZ,$33.6826,1441390588478,"4,610",100% bearish,of 1 rating,N/A
QQXT,$39.4742,1441390588512,"10,643",Not yet rated,NULL,N/A
AIRR,$16.2843,1441390588534,"3,216",100% bearish,of 1 rating,N/A
RDVY,$20.5069,1441390588606,"2,153",Not yet rated,NULL,N/A
QTEC,$39.23,1441390588640,"23,944",Not yet rated,NULL,N/A
QINC,NULL,1441390588710,0,Not yet rated,NULL,N/A
FTSL,$48.853,1441390588739,"8,157",100% bearish,of 1 rating,N/A
FKO,NULL,1441390588869,0,Not yet rated,NULL,N/A
FDIV,$47.03,1441390588902,"1,159",100% bearish,of 1 rating,N/A
TUSA,$24.46,1441390589114,"16,624",Not yet rated,NULL,N/A
FSZ,$38.002,1441390589167,"2,739",Not yet rated,NULL,N/A
FTW,$31.155,1441390589216,140,Not yet rated,NULL,N/A
FKU,$40.49,1441390589245,"41,543",Not yet rated,NULL,N/A
SVVC,$9.137,1441390589305,"11,307",50% bullish,of 2 ratings,$26
FMER,$17.22,1441390589334,"255,038",50% bullish,of 2 ratings,$20
FSV,$32,1441390589365,"12,713",Not yet rated,NULL,$33.60
FUNC,NULL,1441390589442,0,Not yet rated,NULL,N/A
FISV,$83.85,1441390589504,"306,874",100% bearish,of 3 ratings,$90
FIVE,$34.02,1441390589611,"541,365",75% bearish,of 4 ratings,$43.50
FIVN,$3.6601,1441390589640,"32,281",100% bullish,of 1 rating,$8.50
FLML,$22.7,1441390589768,"40,866",50% bullish,of 2 ratings,$30
FPRX,$18.87,1441390589794,"66,946",50% bullish,of 2 ratings,$35
FLKS,$11.49,1441390589922,"21,466",50% bullish,of 2 ratings,$27
MBSD,$24.94,1441390590023,"1,399",Not yet rated,NULL,N/A
SKOR,$50.52,1441390590056,"1,500",Not yet rated,NULL,N/A
FLXN,$26.3,1441390590081,"20,847",100% bearish,of 1 rating,$40
FLXS,$30.98,1441390590152,"5,416",100% bearish,of 2 ratings,N/A
FLEX,$10.32,1441390590433,"452,796",63% bullish,of 8 ratings,$12
FLDM,$10.9,1441390590491,"51,354",67% bearish,of 3 ratings,$15
FOGO,$19.055,1441390590528,"28,810",50% bullish,of 2 ratings,$25.50
FLIR,$27.88,1441390590553,"304,670",100% bearish,of 2 ratings,$38.50
FOMX,$9.56,1441390590579,"31,777",50% bullish,of 2 ratings,$23.50
FFIC,$19.26,1441390590621,"13,467",Not yet rated,NULL,$20.50
FONR,$9.8,1441390590646,"12,563",100% bullish,of 1 rating,N/A
FORR,$30.76,1441390590985,"21,017",Not yet rated,NULL,N/A
FORM,$6.56,1441390591051,"103,499",67% bullish,of 3 ratings,$10.50
FORTY,NULL,1441390591078,0,100% bearish,of 1 rating,N/A
FES,$0.91,1441390591099,"4,862",50% bullish,of 2 ratings,$1
FTNT,$41.68,1441390591128,"266,394",80% bullish,of 10 ratings,$52
FBIO,$2.57,1441390591157,"59,500",83% bullish,of 6 ratings,N/A
FORD,$1.615,1441390591261,"949,193",67% bullish,of 3 ratings,N/A
FWRD,$43.74,1441390591391,"48,394",100% bearish,of 1 rating,$50
FWP,$25.62,1441390591420,"28,067",100% bearish,of 1 rating,$45
FOSL,$59.71,1441390591465,"148,018",60% bearish,of 5 ratings,$80
FMI,$23.2,1441390591520,"30,410",100% bearish,of 2 ratings,$27.50
FXCB,$17.18,1441390591563,"2,026",Not yet rated,NULL,$19
FOXF,$15.24,1441390591711,"27,834",100% bearish,of 1 rating,$19
FRAN,$12.36,1441390591782,"253,831",50% bullish,of 4 ratings,$15
FELE,$27.54,1441390591857,"31,588",50% bullish,of 4 ratings,$33
FRED,$12.75,1441390591962,"31,127",50% bullish,of 2 ratings,$15.50
FREE,$0.353,1441390592034,"396,517",92% bullish,of 12 ratings,N/A
FEIM,$11.16,1441390592097,"13,883",100% bearish,of 1 rating,N/A
FTRPR,$105.96,1441390592193,"1,700",100% bearish,of 1 rating,N/A
FTR,$5.405,1441390592221,"4,988,052",78% bullish,of 27 ratings,$6.25
FRPT,$12.36,1441390592254,"87,770",67% bearish,of 3 ratings,$23.50
RAIL,$19.84,1441390592281,"29,840",100% bearish,of 1 rating,$24.50
FRPH,$30.66,1441390592353,"3,282",100% bearish,of 1 rating,N/A
FSBW,$22.97,1441390592424,200,Not yet rated,NULL,N/A
FTD,$29.34,1441390592449,"14,258",100% bearish,of 1 rating,$40
FTEK,$2.027,1441390592581,"5,364",75% bullish,of 4 ratings,N/A
FSYS,$6.38,1441390592617,"192,004",67% bullish,of 3 ratings,$8.50
FCEL,$0.8814,1441390592669,"298,755",88% bullish,of 41 ratings,$2.65
FULL,$3.13,1441390592863,"10,933",67% bearish,of 3 ratings,$4.25
FLL,$1.49,1441390592902,"4,658",75% bullish,of 4 ratings,$3.50
FULLL,$25.25,1441390592931,"2,500",Not yet rated,NULL,N/A
FULT,$11.68,1441390593005,"169,611",100% bearish,of 1 rating,$13
FSNN,$2.0511,1441390593035,200,67% bullish,of 3 ratings,$6
FFHL,$1.03,1441390593140,"2,009",50% bullish,of 4 ratings,N/A
FXENP,$15.6,1441390593165,100,100% bearish,of 1 rating,N/A
FXEN,$0.9841,1441390593196,"17,991",75% bullish,of 4 ratings,$1.10
WILC,$4.862,1441390593396,"2,660",100% bullish,of 2 ratings,N/A
GK,$66.76,1441390593424,"14,338",Not yet rated,NULL,$78
GAIA,$5.97,1441390593582,"8,617",50% bullish,of 2 ratings,$8.50
GLPG,$57.35,1441390593607,"5,869",100% bullish,of 1 rating,$75
GALT,$2.1326,1441390593633,"46,564",80% bullish,of 5 ratings,N/A
GALTU,NULL,1441390593775,0,100% bearish,of 1 rating,N/A
GALTW,NULL,1441390593802,0,100% bullish,of 1 rating,N/A
GALE,$1.535,1441390593943,"487,957",89% bullish,of 47 ratings,$4
GLMD,$8.0101,1441390594073,"10,370",67% bullish,of 3 ratings,$20.50
GPIC,$9.92,1441390594105,200,100% bearish,of 1 rating,N/A
GRMN,$36.49,1441390594128,"331,540",50% bullish,of 6 ratings,$46.50
GLPI,$30.67,1441390594163,"229,110",100% bearish,of 1 rating,$37.50
GGAC,NULL,1441390594201,0,100% bearish,of 1 rating,N/A
GGACR,$0.24,1441390594257,"23,800",100% bullish,of 1 rating,N/A
GGACU,$10.27,1441390594291,300,Not yet rated,NULL,N/A
GGACW,$0.1401,1441390594358,"1,700",Not yet rated,NULL,N/A
GENC,$9,1441390594570,200,100% bearish,of 1 rating,N/A
GARS,$14.64,1441390594683,"21,421",Not yet rated,NULL,$16
GNCMA,$16.93,1441390594717,"66,878",100% bearish,of 1 rating,$12
GFNCP,NULL,1441390594787,0,Not yet rated,NULL,N/A
GFN,$3.9,1441390594813,"6,471",100% bearish,of 2 ratings,$8
GFNSL,$25.597,1441390594842,"1,512",Not yet rated,NULL,N/A
GENE,$2.36,1441390594876,"30,724",100% bullish,of 12 ratings,N/A
GNTX,$15.76,1441390595019,"1,350,349",Not yet rated,NULL,$20
GHDX,$25,1441390595047,"47,901",50% bullish,of 2 ratings,$30
GNCA,$10.91,1441390595118,"52,237",100% bearish,of 1 rating,$20
THRM,$44.62,1441390595249,"126,755",75% bearish,of 4 ratings,$55.50
GNMK,$9.485,1441390595275,"28,745",67% bullish,of 6 ratings,$14
GNVC,$2.5,1441390595347,"1,819",90% bullish,of 10 ratings,$8.50
GTWN,$17.85,1441390595404,277,Not yet rated,NULL,N/A
GEOS,$16.42,1441390595431,"64,856",100% bearish,of 3 ratings,$21
GABC,$28.41,1441390595502,"6,841",Not yet rated,NULL,$31.50
GERN,$3.27,1441390595650,"1,404,739",88% bullish,of 17 ratings,$5.25
GIGA,$1.3,1441390595785,"150,938",100% bearish,of 1 rating,N/A
GEVO,$2.25,1441390595814,"149,371",75% bullish,of 12 ratings,$5
ROCK,$16.37,1441390595835,"47,511",80% bullish,of 5 ratings,$24
GIII,$69.21,1441390595869,"161,855",67% bullish,of 3 ratings,$79
GIGM,$0.5221,1441390595898,"11,595",100% bullish,of 2 ratings,N/A
GILD,$101.8,1441390596003,"3,296,333",91% bullish,of 89 ratings,$129
GILT,$4.18,1441390596038,"3,400",50% bullish,of 2 ratings,N/A
GBCI,$25.54,1441390596234,"55,128",50% bullish,of 2 ratings,$31
GLAD,$8.705,1441390596307,"36,280",50% bullish,of 2 ratings,$8.75
GLADO,$25.57,1441390596335,"2,100",Not yet rated,NULL,N/A
GOOD,$13.97,1441390596361,"36,992",Not yet rated,NULL,$19
GOODO,NULL,1441390596511,0,Not yet rated,NULL,N/A
GOODN,$25.61,1441390596536,200,Not yet rated,NULL,N/A
GAIN,$7.42,1441390596587,"43,719",100% bullish,of 2 ratings,$8.25
GOODP,$25.14,1441390596677,"1,600",Not yet rated,NULL,N/A
GAINO,$25.1801,1441390596777,"1,225",Not yet rated,NULL,N/A
LAND,$9.09,1441390596905,"7,562",50% bullish,of 2 ratings,$13.75
GAINN,$25.24,1441390596930,"41,110",Not yet rated,NULL,N/A
GAINP,$25.65,1441390596958,"3,539",Not yet rated,NULL,N/A
GLBZ,NULL,1441390597005,0,Not yet rated,NULL,N/A
GBT,$52.48,1441390597030,"20,792",100% bearish,of 1 rating,N/A
ENT,$11,1441390597170,"67,703",100% bearish,of 1 rating,$18
GDEF,NULL,1441390597195,0,Not yet rated,NULL,N/A
GBLI,$26.75,1441390597325,"5,633",Not yet rated,NULL,N/A
ACTX,NULL,1441390597404,0,100% bullish,of 1 rating,N/A
GSOL,$8.27,1441390597432,"3,716",100% bearish,of 1 rating,N/A
GPACU,NULL,1441390597460,0,Not yet rated,NULL,N/A
QQQC,$18.0749,1441390597495,"1,405",100% bearish,of 1 rating,N/A
SOCL,$17.02,1441390597626,"14,388",100% bullish,of 2 ratings,N/A
SRET,$12.77,1441390597657,751,Not yet rated,NULL,N/A
ALTY,NULL,1441390597758,0,Not yet rated,NULL,N/A
YLCO,$11.62,1441390598034,300,Not yet rated,NULL,N/A
GLBS,NULL,1441390598084,0,67% bullish,of 3 ratings,N/A
GSM,$13.73,1441390598114,"142,515",50% bullish,of 2 ratings,$22
GBIM,$2.7,1441390598141,"30,124",50% bullish,of 2 ratings,N/A
GLRI,$1.05,1441390598181,"19,850",100% bearish,of 1 rating,$4.25
GAI,$6.15,1441390598230,"3,914",50% bullish,of 2 ratings,N/A
GLUU,$4.36,1441390598255,"370,124",92% bullish,of 26 ratings,$9
GOGO,$15.75,1441390598445,"158,833",80% bullish,of 5 ratings,$25
GLYC,$7,1441390598546,"2,761",50% bullish,of 2 ratings,$14
GLDC,$4.0393,1441390598579,322,50% bullish,of 2 ratings,N/A
GDEN,$9.06,1441390598608,300,50% bullish,of 2 ratings,N/A
GMLP,$21.03,1441390598629,"49,322",50% bullish,of 4 ratings,$29
GLNG,$39.0001,1441390598662,"427,606",83% bullish,of 6 ratings,$55.50
GOGL,$2.95,1441390598691,"247,532",75% bullish,of 4 ratings,$5
GBDC,$17.005,1441390598862,"65,818",Not yet rated,NULL,$17.75
GTIM,$6.69,1441390599014,"5,270",Not yet rated,NULL,$11.50
GOOG,$599.86,1441390599041,"554,798",86% bullish,of 74 ratings,$787.50
GOOGL,$629.72,1441390599063,"517,960",88% bullish,of 1083 ratings,$749
GPRO,$37.41,1441390599088,"5,981,873",78% bullish,of 59 ratings,$72
GPIAU,NULL,1441390599295,0,Not yet rated,NULL,N/A
GPIA,NULL,1441390599324,0,100% bearish,of 1 rating,N/A
LOPE,$37.03,1441390599361,"87,574",100% bearish,of 2 ratings,$50
GBSNU,NULL,1441390599426,0,NULL,NULL,NULL
GBSN,$0.1602,1441390599456,"4,874,016",50% bullish,of 2 ratings,$8.25
GMAN,$3.66,1441390599485,"6,217",60% bullish,of 5 ratings,$8.50
GPIAW,NULL,1441390599513,0,Not yet rated,NULL,N/A
GRVY,NULL,1441390599538,0,50% bullish,of 2 ratings,N/A
GLDD,$5.34,1441390599751,"54,803",100% bearish,of 4 ratings,$7.75
GSBC,$40.41,1441390599776,"13,517",100% bullish,of 1 rating,$44
GNBC,$11.29,1441390599934,"2,468",100% bearish,of 1 rating,$16.50
GRBK,$11.7,1441390599989,"70,086",77% bullish,of 13 ratings,N/A
GPP,$14.2626,1441390600019,"6,710",Not yet rated,NULL,$20.50
GPRE,$19.635,1441390600121,"144,024",67% bullish,of 6 ratings,$28.50
GRPN,$4.22,1441390600192,"3,837,254",61% bullish,of 71 ratings,$6.75
GLRE,$24.16,1441390600220,"83,800",50% bullish,of 2 ratings,$34
GCBC,$28.85,1441390600247,"2,399",100% bullish,of 1 rating,N/A
GRIF,$32,1441390600378,"52,862",100% bearish,of 1 rating,N/A
OMAB,$41.53,1441390600410,"15,055",100% bullish,of 1 rating,$44
GRFS,$30.68,1441390600443,"321,712",50% bullish,of 2 ratings,$35
GSIG,$12.76,1441390600512,"11,968",100% bearish,of 2 ratings,N/A
GGAL,$19.27,1441390600538,"43,246",80% bullish,of 5 ratings,$40
GSIT,$4.59,1441390600613,"9,067",100% bearish,of 1 rating,N/A
GSVC,$8.79,1441390600686,"11,202",50% bullish,of 2 ratings,$15.75
GTXI,$0.8707,1441390600889,"26,624",100% bullish,of 5 ratings,$.75
GFED,NULL,1441390600924,0,Not yet rated,NULL,$17
GBNK,$15.705,1441390600970,"5,574",100% bearish,of 1 rating,$18
GURE,$1.65,1441390601025,"21,200",88% bullish,of 8 ratings,N/A
GIFI,$12.18,1441390601050,"27,150",100% bearish,of 1 rating,$16
GULTU,$0.319,1441390601100,"6,000",100% bearish,of 1 rating,N/A
GUID,$6.72,1441390601127,"14,191",100% bearish,of 3 ratings,$10
GWPH,$101.8,1441390601155,"50,645",78% bullish,of 9 ratings,$148.50
GWGH,$7.88,1441390601401,207,100% bearish,of 1 rating,$15.05
GPOR,$32.74,1441390601478,"607,229",75% bullish,of 4 ratings,$54
HEES,$18.66,1441390601504,"147,317",67% bearish,of 3 ratings,$31
HLG,NULL,1441390601528,0,100% bearish,of 1 rating,N/A
GYRO,$30.51,1441390601553,970,100% bearish,of 1 rating,N/A
HNRG,$7.185,1441390601695,"33,788",100% bearish,of 1 rating,$10
HALO,$16.79,1441390601902,"231,960",67% bullish,of 3 ratings,$22.50
HMPR,$1.86,1441390601935,"9,551",100% bullish,of 1 rating,N/A
HBHCL,$24.4,1441390601966,"9,063",Not yet rated,NULL,N/A
HAFC,$23.66,1441390601995,"37,045",100% bullish,of 2 ratings,$28.50
HBK,NULL,1441390602035,0,50% bullish,of 2 ratings,N/A
HALL,$11.5199,1441390602065,"7,009",Not yet rated,NULL,N/A
HBHC,$27.13,1441390602128,"195,724",50% bullish,of 2 ratings,$30
HNSN,$0.5378,1441390602354,"36,825",88% bullish,of 8 ratings,$.40
HQCL,$12.46,1441390602384,"5,294",67% bullish,of 3 ratings,$14
HNH,$26.02,1441390602487,"9,177",100% bullish,of 1 rating,N/A
HLIT,$5.62,1441390602644,"71,313",100% bearish,of 1 rating,$6.50
HDNG,$10.3999,1441390602669,"6,722",50% bullish,of 4 ratings,N/A
HRMN,NULL,1441390602694,0,Not yet rated,NULL,N/A
HART,$1.2532,1441390602824,"77,249",100% bearish,of 1 rating,N/A
TINY,$2.47,1441390602856,"12,801",50% bullish,of 2 ratings,$5.26
HRMNW,NULL,1441390602961,0,Not yet rated,NULL,N/A
HRMNU,$10.209,1441390602990,100,Not yet rated,NULL,N/A
HBIO,$4.31,1441390603012,"13,125",100% bearish,of 1 rating,$10
HCAP,$11.98,1441390603050,"4,140",50% bullish,of 2 ratings,$15
HCAPL,$25.11,1441390603072,"3,800",Not yet rated,NULL,N/A
HAS,$75.834,1441390603164,"441,041",63% bullish,of 8 ratings,$84.50
HA,$23.4,1441390603265,"154,831",67% bullish,of 9 ratings,$27
HCOM,$21.26,1441390603460,"2,031",100% bearish,of 1 rating,$28
HWKN,$38.15,1441390603490,"12,452",Not yet rated,NULL,N/A
HAYN,$37.68,1441390603595,"14,593",100% bearish,of 1 rating,$59
HWBK,$13.68,1441390603700,322,100% bearish,of 1 rating,N/A
HDS,$32.095,1441390603731,"791,480",100% bearish,of 2 ratings,$39.50
HIIQ,$4.74,1441390603753,700,50% bullish,of 2 ratings,$7
HCSG,$32.51,1441390603785,"45,482",50% bullish,of 4 ratings,$35
HSTM,$24.19,1441390603829,"15,401",50% bullish,of 2 ratings,$33.75
HQY,$29.15,1441390603920,"57,134",67% bullish,of 3 ratings,$35
HWAY,$11.58,1441390603945,"142,255",100% bearish,of 1 rating,$15
HTLD,$20.295,1441390604332,"115,245",Not yet rated,NULL,$22.50
HTLF,$35.4,1441390604380,"14,367",100% bullish,of 1 rating,$39.50
HTBX,$3.84,1441390604437,"45,815",50% bullish,of 2 ratings,$15.50
HSII,$20.14,1441390604475,"7,242",100% bullish,of 3 ratings,$25
HTWR,$63.935,1441390604525,"158,360",50% bullish,of 2 ratings,$102.50
HELE,$83.65,1441390604610,"43,410",67% bearish,of 3 ratings,$100
HNNA,$24.55,1441390604752,"1,611",Not yet rated,NULL,N/A
HMTV,$13.306,1441390604779,"1,113",100% bearish,of 1 rating,$16
HMNY,NULL,1441390604799,0,100% bearish,of 1 rating,N/A
HERO,NULL,1441390604834,0,NULL,NULL,NULL
HSIC,$132.77,1441390604935,"63,724",83% bullish,of 6 ratings,$146
HCACU,$9.98,1441390604977,"2,790",Not yet rated,NULL,N/A
HTBK,$10.57,1441390605109,"17,494",Not yet rated,NULL,$12
HFWA,$17.75,1441390605151,"144,853",100% bullish,of 1 rating,$20
HCCI,$11.53,1441390605258,"2,255",100% bearish,of 1 rating,$16.50
HEOP,$7.8,1441390605284,"19,143",Not yet rated,NULL,$8.50
MLHR,$26.99,1441390605525,"80,957",50% bullish,of 2 ratings,$33.50
HSKA,$32.2311,1441390605557,"15,578",100% bearish,of 1 rating,$38
HRTX,$37.19,1441390605628,"300,824",57% bullish,of 7 ratings,$41
HFFC,$15.76,1441390605701,200,Not yet rated,NULL,N/A
HIHO,$4.3,1441390605730,"24,145",Not yet rated,NULL,N/A
HIMX,$7.18,1441390605758,"657,783",86% bullish,of 21 ratings,$8.25
HIBB,$38.6,1441390605787,"59,639",100% bearish,of 1 rating,$46.50
HPJ,$2.135,1441390605834,"18,929",75% bullish,of 4 ratings,$12.43
HIFS,$110.32,1441390606099,"1,584",Not yet rated,NULL,N/A
HMNF,$11.3,1441390606231,300,Not yet rated,NULL,N/A
HSGX,$5.85,1441390606256,"2,125",100% bearish,of 1 rating,$17
HMSY,$9.975,1441390606281,"353,716",67% bullish,of 3 ratings,$19.35
HOLX,$38.375,1441390606410,"1,005,306",50% bullish,of 4 ratings,$42
HOLI,$16.54,1441390606506,"72,978",50% bullish,of 4 ratings,$27
HBCP,$24.8,1441390606573,"2,375",Not yet rated,NULL,$29
AWAY,$27.821,1441390606638,"212,780",67% bullish,of 3 ratings,$36
HMIN,$24.85,1441390606676,"83,614",100% bearish,of 2 ratings,$35
HOMB,$37.13,1441390606705,"30,075",Not yet rated,NULL,$42
HFBL,$22.97,1441390606838,"4,294",Not yet rated,NULL,N/A
HTBI,$17.99,1441390606865,"10,295",67% bullish,of 3 ratings,$18.625
HMST,$21.93,1441390606999,"28,598",100% bullish,of 2 ratings,$27
HKTV,$4.179,1441390607156,"89,036",100% bearish,of 1 rating,N/A
CETC,$0.7594,1441390607184,"53,472",86% bullish,of 7 ratings,N/A
HOFT,$23.02,1441390607213,"18,106",100% bearish,of 1 rating,N/A
HFBC,$11,1441390607321,"8,770",Not yet rated,NULL,N/A
HBNC,$23.65,1441390607478,"4,545",100% bullish,of 1 rating,$27
HRZN,$10.28,1441390607526,"14,427",50% bullish,of 2 ratings,$14.25
HZNP,$28.97,1441390607553,"782,914",85% bullish,of 20 ratings,$40
HDP,$23.355,1441390607686,"147,948",67% bearish,of 3 ratings,$30.50
HMHC,$22.52,1441390607712,"106,505",Not yet rated,NULL,$27
ZINC,$7.12,1441390607791,"191,058",100% bearish,of 1 rating,$17
HWCC,$7.61,1441390607972,"26,025",100% bearish,of 1 rating,$9
HBMD,$13.8,1441390608000,"2,489",100% bearish,of 1 rating,N/A
HSNI,$59.03,1441390608044,"61,589",Not yet rated,NULL,$80
HOVNP,$3.88,1441390608099,"20,770",100% bearish,of 1 rating,N/A
HUBG,$37.96,1441390608190,"34,750",100% bearish,of 1 rating,$43
HTGM,$5.84,1441390608217,"2,899",100% bearish,of 1 rating,$19.50
HBAN,$10.495,1441390608466,"1,734,422",76% bullish,of 17 ratings,$12.29
HDSN,$2.98,1441390608493,"12,210",100% bullish,of 1 rating,$6.25
HCBK,$9.25,1441390608524,"437,114",83% bullish,of 6 ratings,$8.61
HSON,$2.72,1441390608556,"3,700",100% bearish,of 1 rating,$5
HBANP,$1353.3,1441390608626,20,100% bearish,of 1 rating,N/A
HURC,$29.82,1441390608651,"4,127",100% bearish,of 1 rating,N/A
HTCH,$1.48,1441390608714,"7,925",100% bearish,of 1 rating,$3.50
HURN,$72.43,1441390608900,"23,877",50% bullish,of 2 ratings,$80
HBP,$3.1394,1441390608927,600,100% bullish,of 1 rating,N/A
HDRA,NULL,1441390608989,0,Not yet rated,NULL,N/A
HDRAR,NULL,1441390609152,0,Not yet rated,NULL,N/A
HDRAW,NULL,1441390609181,0,Not yet rated,NULL,N/A
HDRAU,NULL,1441390609225,0,Not yet rated,NULL,N/A
HYGS,$8.451,1441390609285,"7,805",50% bullish,of 2 ratings,$13
IDSY,$3.74,1441390609620,"26,602",100% bearish,of 1 rating,$7
IKGH,$1.54,1441390609650,"9,600",75% bullish,of 4 ratings,N/A
ICAD,$3.78,1441390609680,"4,233",50% bullish,of 2 ratings,$7.25
IACI,$68.77,1441390609783,"161,533",80% bullish,of 5 ratings,$90
IEP,$67.55,1441390609821,"49,956",75% bullish,of 4 ratings,$99
IBKC,$59.34,1441390609847,"30,031",100% bullish,of 1 rating,$70
ICFI,$33.4299,1441390609868,"9,104",50% bullish,of 2 ratings,$48.50
ICLR,$75.72,1441390609917,"103,897",100% bearish,of 3 ratings,$85
ICON,$13.26,1441390610049,"192,147",50% bullish,of 2 ratings,$18.50
IDXX,$72,1441390610276,"122,934",100% bearish,of 1 rating,$76
INVE,$4.52,1441390610304,"18,515",75% bullish,of 4 ratings,$4
ICUI,$108.76,1441390610326,"31,556",Not yet rated,NULL,$122
IPWR,$7.39,1441390610363,"3,524",100% bullish,of 1 rating,$15
DSKY,$10.27,1441390610454,"63,224",67% bullish,of 6 ratings,$11.50
IDRA,$2.76,1441390610479,"329,859",89% bullish,of 9 ratings,$6.50
RXDX,$14.83,1441390610540,"102,636",100% bullish,of 1 rating,$20
IROQ,$16.8,1441390610565,231,100% bullish,of 1 rating,N/A
IRG,$5.2,1441390610706,"23,815",100% bearish,of 1 rating,$4.25
KANG,$14.78,1441390610758,"224,259",50% bullish,of 2 ratings,$23.10
IIVI,$16.63,1441390610785,"54,402",100% bearish,of 1 rating,$22
ILMN,$193.36,1441390610912,"244,918",80% bullish,of 5 ratings,$245
IKAN,$2.73,1441390610940,"8,896",83% bullish,of 6 ratings,$5
IKNX,$12,1441390611021,"1,050",100% bearish,of 1 rating,N/A
IMMR,$12.03,1441390611127,"48,993",80% bullish,of 5 ratings,$15.50
ISNS,$4.16,1441390611201,"3,700",50% bullish,of 2 ratings,N/A
IMDZ,$14.69,1441390611279,"21,287",100% bearish,of 1 rating,$33
ICCC,$7.03,1441390611305,"4,652",100% bullish,of 1 rating,N/A
IMNP,$1.29,1441390611452,"23,074",50% bullish,of 2 ratings,$6
IMMU,$2.08,1441390611500,"178,106",86% bullish,of 7 ratings,$2
IMGN,$13.21,1441390611536,"278,515",75% bullish,of 4 ratings,$17.50
INCR,$41.67,1441390611688,"122,314",50% bullish,of 2 ratings,$53
IPXL,$39.83,1441390611718,"111,736",67% bullish,of 3 ratings,$46.50
IMMY,$7.6,1441390611789,"1,703",100% bearish,of 1 rating,$11
SAAS,$7.06,1441390611846,"84,044",50% bullish,of 2 ratings,$15
INCY,$114.31,1441390611876,"368,342",50% bullish,of 6 ratings,$125.50
INDB,$43.69,1441390611901,"12,930",Not yet rated,NULL,$44
IBCP,$14,1441390612052,"23,326",100% bullish,of 1 rating,$14.50
IBTX,$39.64,1441390612077,"6,232",100% bullish,of 2 ratings,$47.25
IDSA,$3.49,1441390612217,"1,561",Not yet rated,NULL,N/A
INFN,$21.46,1441390612290,"379,159",71% bullish,of 7 ratings,$28
IPCC,$74.18,1441390612316,"4,325",Not yet rated,NULL,$77.50
INFI,$8.54,1441390612377,"106,470",50% bullish,of 4 ratings,$16.50
IFON,$1.28,1441390612478,"13,450",75% bullish,of 4 ratings,N/A
III,$3.75,1441390612545,"7,354",57% bullish,of 7 ratings,$6
INWK,$6.83,1441390612574,"16,916",50% bullish,of 2 ratings,$10
IMKTA,$49.54,1441390612638,"24,700",100% bearish,of 1 rating,N/A
INNL,NULL,1441390612663,0,100% bearish,of 1 rating,$16.50
INOD,$2.3672,1441390612694,"1,540",100% bearish,of 1 rating,N/A
IPHS,$46,1441390612722,"26,303",100% bearish,of 1 rating,$60
ISSC,$2.79,1441390612936,"3,293",67% bearish,of 3 ratings,N/A
INGN,$50.8,1441390612996,"49,528",100% bearish,of 1 rating,$50.50
IOSP,$48.82,1441390613024,"50,374",100% bearish,of 1 rating,N/A
ITEK,$12.287,1441390613095,"148,618",100% bearish,of 3 ratings,$20
INOV,$20.975,1441390613227,"167,735",100% bearish,of 1 rating,$33
INO,$6.9799,1441390613281,"302,500",89% bullish,of 18 ratings,$20
INSM,$23.82,1441390613388,"106,228",71% bullish,of 7 ratings,$31.50
NSIT,$24.53,1441390613522,"38,557",50% bullish,of 2 ratings,N/A
INSY,$33.97,1441390613543,"205,082",75% bullish,of 4 ratings,$48
PODD,$27.92,1441390613582,"79,619",67% bearish,of 3 ratings,$35
IIIN,$17.15,1441390613603,"9,516",100% bearish,of 2 ratings,N/A
ISIG,$2.64,1441390613625,"4,871",100% bearish,of 1 rating,N/A
NTEC,$5.5112,1441390613757,"1,850",100% bearish,of 1 rating,N/A
IART,$61.87,1441390613787,"117,042",100% bearish,of 2 ratings,$71.50
IDTI,$18.805,1441390613934,"496,711",60% bullish,of 5 ratings,$25
IESC,$7.11,1441390613990,100,100% bearish,of 1 rating,N/A
INTC,$28.51,1441390614151,"9,419,449",82% bullish,of 238 ratings,$36
IQNT,$18.82,1441390614178,"112,192",86% bullish,of 7 ratings,$20
IBKR,$37.085,1441390614338,"197,569",100% bullish,of 1 rating,N/A
ISSI,$21.71,1441390614373,"35,588",67% bullish,of 3 ratings,$19.75
IPAR,$24.7,1441390614401,"21,842",67% bullish,of 3 ratings,$38
IPCI,$2.21,1441390614432,"4,200",67% bullish,of 6 ratings,$8
ICLD,$1.9754,1441390614453,"818,305",75% bullish,of 4 ratings,N/A
ININ,$35.38,1441390614484,"14,982",67% bearish,of 3 ratings,$57
ICPT,$182.245,1441390614738,"41,180",70% bullish,of 10 ratings,$359.50
TILE,$24.11,1441390614821,"82,267",100% bearish,of 3 ratings,$27
ICLDW,$1.05,1441390614907,425,100% bearish,of 1 rating,N/A
IDCC,$48.14,1441390614932,"63,769",80% bullish,of 5 ratings,$63
IMI,$1.99,1441390614957,"4,827",67% bullish,of 3 ratings,$2.22
IBOC,$24.74,1441390615364,"63,132",100% bearish,of 1 rating,N/A
INAP,$9.165,1441390615392,"76,350",75% bullish,of 4 ratings,$11
ISCA,$32.15,1441390615417,"26,001",100% bearish,of 1 rating,N/A
XENT,$24.77,1441390615565,"37,490",50% bullish,of 2 ratings,$36.50
PTNT,$2.91,1441390615602,300,Not yet rated,NULL,N/A
IIJI,$8.6996,1441390615624,100,50% bullish,of 2 ratings,$12.50
INPH,$0.2902,1441390615652,"5,471",50% bullish,of 2 ratings,N/A
IGLD,$7.26,1441390615694,974,50% bullish,of 2 ratings,N/A
INTX,$1.97,1441390615830,"15,418",67% bullish,of 3 ratings,N/A
ISIL,$10.35,1441390615895,"331,628",50% bullish,of 6 ratings,$15
IILG,$19.31,1441390615963,"34,782",100% bearish,of 1 rating,$29
IVAC,$4.62,1441390616227,"14,030",100% bearish,of 1 rating,$6.625
ITCI,$26.54,1441390616259,"154,580",75% bearish,of 4 ratings,$40
INTL,$25.55,1441390616290,"24,039",67% bearish,of 3 ratings,N/A
ISRG,$506.67,1441390616312,"44,736",67% bullish,of 3 ratings,$600
INTU,$85.31,1441390616356,"704,741",86% bullish,of 7 ratings,$107.50
IIN,$6.91,1441390616384,100,100% bearish,of 1 rating,$12
INTLL,$25.993,1441390616455,"1,580",Not yet rated,NULL,N/A
INVT,$0.33,1441390616516,"91,670",67% bullish,of 3 ratings,N/A
SNAK,$8.29,1441390616647,"27,771",50% bullish,of 2 ratings,$14
ITIC,$70.11,1441390616797,402,100% bearish,of 2 ratings,N/A
ISBC,$11.6299,1441390616823,"822,068",100% bullish,of 1 rating,$13.25
NVIV,$9.51,1441390616845,"34,509",50% bullish,of 4 ratings,$24.50
ISTR,$15.74,1441390616881,404,100% bearish,of 1 rating,$18.50
IVTY,$14.1,1441390616978,"13,601",Not yet rated,NULL,$18
IPAS,$1.07,1441390617114,"17,647",67% bullish,of 3 ratings,N/A
DTUL,$64.7,1441390617139,802,Not yet rated,NULL,N/A
IPGP,$81,1441390617354,"80,494",67% bearish,of 3 ratings,$109.50
DFVL,$66.28,1441390617380,600,Not yet rated,NULL,N/A
IPCM,$79.1,1441390617421,"111,004",50% bullish,of 2 ratings,$80.125
IRMD,$24.12,1441390617450,"14,050",67% bearish,of 3 ratings,$25
IRDM,$6.88,1441390617515,"179,866",60% bullish,of 5 ratings,$11.50
IRIX,$6.83,1441390617551,"5,274",100% bearish,of 1 rating,N/A
IRDMB,$269.01,1441390617588,100,67% bearish,of 3 ratings,N/A
IRBT,$29.6,1441390617800,"69,894",67% bullish,of 6 ratings,$37
IRWD,$10.99,1441390617825,"508,524",100% bearish,of 1 rating,$13
COMT,$33.22,1441390617955,"3,840",100% bearish,of 1 rating,N/A
FCHI,NULL,1441390617980,0,NULL,NULL,NULL
GNMA,$50.1401,1441390618007,"1,202",Not yet rated,NULL,N/A
IRCP,NULL,1441390618028,0,100% bullish,of 2 ratings,N/A
IFEU,$37.22,1441390618155,"68,041",Not yet rated,NULL,N/A
IFAS,NULL,1441390618179,0,NULL,NULL,NULL
IFGL,$27.33,1441390618262,"28,685",Not yet rated,NULL,N/A
IFNA,NULL,1441390618313,0,NULL,NULL,NULL
ACWI,$53.9,1441390618368,"727,156",Not yet rated,NULL,N/A
AAXJ,$50.84,1441390618444,"443,326",Not yet rated,NULL,N/A
ACWX,$39.02,1441390618477,"392,754",100% bearish,of 1 rating,N/A
AXJS,NULL,1441390618505,0,NULL,NULL,NULL
EEMA,$47.8853,1441390618581,"45,504",Not yet rated,NULL,N/A
AAIT,NULL,1441390618604,0,NULL,NULL,NULL
EMDI,NULL,1441390618818,0,NULL,NULL,NULL
EGRW,NULL,1441390618894,0,NULL,NULL,NULL
EMEY,NULL,1441390618917,0,NULL,NULL,NULL
EEML,$26.5684,1441390618986,460,Not yet rated,NULL,N/A
EEME,NULL,1441390619071,0,NULL,NULL,NULL
EUFN,$20.86,1441390619130,"56,934",100% bearish,of 1 rating,N/A
EVAL,NULL,1441390619153,0,NULL,NULL,NULL
IEUS,$44.46,1441390619178,622,100% bearish,of 1 rating,N/A
QAT,$20.9,1441390619238,"2,582",Not yet rated,NULL,N/A
IBB,$335.55,1441390619368,"577,180",63% bullish,of 8 ratings,N/A
UAE,$17.361,1441390619397,"1,300",Not yet rated,NULL,N/A
EMIF,$27.5,1441390619418,"2,222",Not yet rated,NULL,N/A
SOXX,$81.22,1441390619467,"169,670",50% bullish,of 2 ratings,N/A
ICLN,$9.0606,1441390619610,"11,066",50% bullish,of 2 ratings,N/A
WOOD,$46.88,1441390619638,"1,503",50% bullish,of 2 ratings,N/A
INDY,$25.93,1441390619770,"136,305",50% bullish,of 2 ratings,N/A
ISHG,$79.535,1441390619795,"20,607",100% bearish,of 1 rating,N/A
ISIS,$51.78,1441390619938,"361,202",53% bullish,of 15 ratings,$67
IGOV,$91.01,1441390619966,"32,484",100% bearish,of 1 rating,N/A
ISLE,$19.04,1441390620006,"139,093",50% bullish,of 4 ratings,$17
ISRL,$122.2,1441390620113,72,100% bearish,of 1 rating,N/A
ITRI,$28.74,1441390620143,"53,853",100% bearish,of 1 rating,$37
ITRN,$23.95,1441390620209,"3,096",50% bullish,of 2 ratings,N/A
XXIA,$15.17,1441390620274,"103,384",71% bullish,of 7 ratings,$14.625
ITUS,$3.899,1441390620360,"1,700",Not yet rated,NULL,N/A
IXYS,$11.46,1441390620388,"63,296",50% bullish,of 4 ratings,N/A
MAYS,NULL,1441390620522,0,Not yet rated,NULL,N/A
JJSF,$115.09,1441390620666,"12,734",100% bearish,of 1 rating,N/A
JBHT,$74.49,1441390620692,"593,540",50% bullish,of 4 ratings,$89.50
JASO,$7.99,1441390620722,"156,581",82% bullish,of 17 ratings,$10
JCOM,$66.59,1441390620748,"29,830",100% bullish,of 2 ratings,$77
JACK,$77.39,1441390620821,"76,227",71% bullish,of 7 ratings,$105
JKHY,$66.15,1441390620879,"41,592",67% bearish,of 3 ratings,$72
JAXB,NULL,1441390620953,0,100% bullish,of 1 rating,N/A
JAGX,$3.16,1441390620981,920,Not yet rated,NULL,$10.50
JXSB,$24.23,1441390621113,100,Not yet rated,NULL,N/A
JAKK,$9.69,1441390621244,"184,170",60% bearish,of 5 ratings,$11
JMBA,$14.25,1441390621272,"42,186",75% bullish,of 4 ratings,$18
ERW,NULL,1441390621296,0,Not yet rated,NULL,N/A
JRVR,$27.73,1441390621323,"20,213",Not yet rated,NULL,$32
JAZZ,$160.66,1441390621519,"141,671",80% bullish,of 15 ratings,$206.50
JASN,$4.8699,1441390621544,"1,373",50% bullish,of 2 ratings,$9.50
JD,$22.795,1441390621609,"4,166,220",75% bullish,of 16 ratings,$36
JTPY,$3,1441390621742,367,100% bearish,of 1 rating,N/A
JASNW,NULL,1441390621771,0,50% bullish,of 2 ratings,N/A
JCTCF,NULL,1441390621792,0,100% bullish,of 1 rating,N/A
JBLU,$23.623,1441390621833,"2,337,528",94% bullish,of 18 ratings,$27
DATE,$6.05,1441390621921,"48,044",75% bullish,of 4 ratings,$9
JIVE,$4.63,1441390621947,"251,907",75% bullish,of 4 ratings,$5
JST,$3.6,1441390621976,"6,911",75% bullish,of 4 ratings,N/A
WYIGU,$9.98,1441390622081,"2,000",100% bearish,of 1 rating,N/A
JOEZ,$0.1711,1441390622308,"86,199",92% bullish,of 12 ratings,N/A
JBSS,$51,1441390622359,"13,760",67% bearish,of 3 ratings,N/A
JNP,$13.5,1441390622385,"74,491",100% bullish,of 3 ratings,$15
JOUT,$23.39,1441390622416,685,100% bearish,of 1 rating,$34
KTWO,$20.31,1441390622448,"14,912",100% bearish,of 1 rating,$28.50
JUNO,$35.14,1441390622520,"232,293",73% bullish,of 11 ratings,$67
KBIO,$3.8982,1441390622577,"7,158,634",50% bullish,of 4 ratings,N/A
KALU,$82.185,1441390622602,"42,039",67% bearish,of 3 ratings,$91
KNDI,$6.17,1441390622774,"87,643",86% bullish,of 22 ratings,N/A
KMDA,NULL,1441390622803,0,50% bullish,of 2 ratings,$8
KCLI,$46.227,1441390622865,"7,757",Not yet rated,NULL,N/A
KBSF,NULL,1441390622911,0,100% bullish,of 1 rating,N/A
KPTI,$13.76,1441390622935,"98,982",67% bearish,of 3 ratings,$39
KCAP,$4.71,1441390623090,"30,226",75% bullish,of 4 ratings,$6
KRNY,$11.26,1441390623120,"109,552",100% bearish,of 1 rating,$12.50
KELYA,$14.23,1441390623268,"14,847",67% bullish,of 6 ratings,$20
KELYB,NULL,1441390623294,0,50% bullish,of 2 ratings,N/A
KERX,$4.825,1441390623319,"2,504,344",82% bullish,of 11 ratings,$12
KMPH,$20.27,1441390623345,"6,290",100% bearish,of 2 ratings,$22
KFFB,NULL,1441390623488,0,100% bearish,of 1 rating,N/A
KEQU,NULL,1441390623516,0,100% bullish,of 1 rating,N/A
KTEC,NULL,1441390623561,0,Not yet rated,NULL,N/A
GMCR,$57.35,1441390623586,"778,591",71% bullish,of 42 ratings,$64
KTCC,$9.96,1441390623773,"3,875",100% bearish,of 1 rating,$16
