Symbol,Price,Date,Volume,Rating,RatingVoteCount,OneYearEstimate
TFSCR,NULL,1440868802126,0,Not yet rated,NULL,N/A
PIH,$7.54,1440868802166,"9,402",100% bearish,of 1 rating,N/A
FCTY,$7.96,1440868802191,"3,400",100% bullish,of 1 rating,$8.50
TFSCU,NULL,1440868802216,0,Not yet rated,NULL,N/A
FLWS,$8.91,1440868802348,"687,314",80% bullish,of 5 ratings,$15
TFSCW,$0.21,1440868802405,"1,300",100% bearish,of 1 rating,N/A
SRCE,$29.44,1440868802483,"29,029",100% bullish,of 3 ratings,$33
TFSC,NULL,1440868802510,0,100% bearish,of 1 rating,N/A
TWOU,$34.99,1440868802539,"129,143",50% bullish,of 2 ratings,$39
FCCY,$11.54,1440868802569,933,100% bullish,of 1 rating,$13
DSLV,$69.51,1440868802589,"9,311",100% bearish,of 1 rating,N/A
VNET,$18.05,1440868802640,"541,289",60% bullish,of 5 ratings,$35
UGLD,$9.31,1440868802728,"340,880",100% bearish,of 1 rating,N/A
USLV,$12.45,1440868802889,"242,677",86% bullish,of 7 ratings,N/A
DGLD,$81.1,1440868802916,"16,958",100% bullish,of 1 rating,N/A
JOBS,$27.019,1440868802994,"69,549",50% bullish,of 4 ratings,$36
EGHT,$7.84,1440868803166,"384,316",82% bullish,of 17 ratings,$11
AVHI,$13.96,1440868803196,"12,911",100% bearish,of 1 rating,$19
SIXD,$2.72,1440868803229,"111,232",Not yet rated,NULL,N/A
CAFD,$15.0196,1440868803256,"242,552",Not yet rated,NULL,$25
ABGB,$5.71,1440868803297,"37,255",67% bullish,of 3 ratings,$5.50
ABAX,$47.89,1440868803512,"108,826",100% bearish,of 1 rating,$60
ABEO,$4.82,1440868803543,"47,964",50% bullish,of 4 ratings,$15.50
SHLM,$34.06,1440868803597,"65,672",100% bearish,of 1 rating,$47
ABEOW,$1.83,1440868803624,"2,361",100% bullish,of 1 rating,N/A
ABY,$23.04,1440868803650,"423,555",100% bearish,of 2 ratings,$46
AAON,$20.51,1440868803680,"107,410",100% bearish,of 1 rating,$24
AXAS,$1.92,1440868803787,"949,481",78% bullish,of 9 ratings,$3.50
ABMD,$98.23,1440868803814,"317,770",75% bullish,of 4 ratings,$100.50
ACHC,$74.2503,1440868804066,"344,347",50% bullish,of 2 ratings,$92
ACTG,$9.43,1440868804167,"194,247",67% bullish,of 3 ratings,$18.50
ANCX,$20.01,1440868804217,"20,165",Not yet rated,NULL,$20
ACST,$0.3694,1440868804242,"9,260",100% bullish,of 2 ratings,N/A
AXDX,$19.1,1440868804389,"112,407",100% bearish,of 1 rating,N/A
ARAY,$6.77,1440868804452,"691,224",100% bearish,of 1 rating,$10.50
XLRN,$29.71,1440868804499,"89,309",50% bullish,of 2 ratings,$57
ACAD,$38.17,1440868804548,"436,567",80% bullish,of 20 ratings,$48
ACRX,$4.24,1440868804595,"310,833",67% bearish,of 6 ratings,$5.50
VXDN,$1.96,1440868804624,"24,710",100% bearish,of 1 rating,N/A
ACET,$22.76,1440868804651,"83,357",75% bullish,of 4 ratings,$30
AKAO,$6.99,1440868804727,"38,455",75% bullish,of 4 ratings,$15
VXUP,$1.6,1440868804783,"49,457",100% bearish,of 1 rating,N/A
ACHN,$7.76,1440868804862,"1,462,742",90% bullish,of 21 ratings,$16
ACIW,$21.38,1440868804963,"288,136",67% bearish,of 3 ratings,$24
ACNB,$19.85,1440868805069,"4,210",Not yet rated,NULL,N/A
ACOR,$32.73,1440868805211,"557,265",67% bearish,of 3 ratings,$38.50
ACTS,$1.6,1440868805262,"49,648",100% bearish,of 1 rating,N/A
ACPW,$1.81,1440868805291,"38,604",100% bullish,of 4 ratings,$3.50
ACUR,$2.83,1440868805321,"48,939",100% bullish,of 5 ratings,$1
ATVI,$29.28,1440868805342,"135,594,206",68% bullish,of 84 ratings,$31.50
ACXM,$21.15,1440868805391,"258,695",67% bullish,of 3 ratings,N/A
ADUS,$28.71,1440868805555,"18,242",100% bearish,of 1 rating,$31
ADAP,$11.66,1440868805659,"84,789",67% bullish,of 3 ratings,$22
ACTA,$14.02,1440868805709,"90,621",67% bearish,of 3 ratings,$25
AEY,$2.3,1440868805752,"7,434",100% bearish,of 2 ratings,N/A
ADMS,$20.61,1440868805787,"60,583",100% bearish,of 2 ratings,$36
ADEP,$6.87,1440868805814,"20,312",50% bullish,of 2 ratings,$10.75
ADMP,$3.69,1440868805852,"11,630",50% bullish,of 2 ratings,$10
ADMA,$9.37,1440868806009,"14,766",Not yet rated,NULL,$19
ADBE,$79.4,1440868806079,"2,177,794",65% bullish,of 17 ratings,$90
ADTN,$15.7,1440868806107,"386,714",67% bullish,of 3 ratings,$17.125
AMD,$1.85,1440868806140,"6,623,181",83% bullish,of 103 ratings,$2
ADRO,$20.61,1440868806238,"147,897",80% bullish,of 5 ratings,$45.50
AEIS,$24.42,1440868806266,"174,991",50% bullish,of 2 ratings,$32.50
ADXS,$14.69,1440868806337,"468,415",64% bullish,of 14 ratings,$27
ADXSW,$10.47,1440868806362,"1,850",100% bullish,of 1 rating,N/A
MULT,NULL,1440868806501,0,100% bearish,of 1 rating,N/A
AEGR,$17.66,1440868806551,"331,111",50% bullish,of 6 ratings,$26
YPRO,$22.79,1440868806681,"3,532",100% bearish,of 1 rating,N/A
AEHR,$2.27,1440868806707,"2,346",50% bullish,of 2 ratings,N/A
AEGN,$18.28,1440868806761,"94,812",100% bearish,of 2 ratings,$21
AERI,$16.49,1440868806843,"376,040",75% bullish,of 4 ratings,$31.50
AEPI,$53.89,1440868806869,"11,740",100% bearish,of 1 rating,N/A
AMTX,$3.11,1440868806912,"28,001",50% bullish,of 2 ratings,$26.11
AEZS,$0.088,1440868806942,"10,110,751",90% bullish,of 21 ratings,$1.50
AVAV,$24,1440868807071,"75,229",50% bullish,of 4 ratings,$31
AEMD,$6.95,1440868807102,"91,259",Not yet rated,NULL,$27.50
AFMD,$10.43,1440868807132,"107,629",50% bullish,of 4 ratings,$15
AFFX,$9.48,1440868807205,"279,489",80% bullish,of 5 ratings,$12.50
AGEN,$7.26,1440868807264,"602,072",85% bullish,of 13 ratings,$14
AGYS,$10.21,1440868807289,"23,032",100% bearish,of 1 rating,N/A
AGRX,$9.16,1440868807365,"22,184",100% bearish,of 1 rating,$17.50
AGFS,$10.1318,1440868807467,"137,593",100% bearish,of 1 rating,N/A
AGFSW,$1.95,1440868807562,"8,300",100% bearish,of 2 ratings,N/A
AIMT,$21.11,1440868807646,"136,933",Not yet rated,NULL,N/A
ATSG,$8.95,1440868807677,"126,980",67% bullish,of 3 ratings,$13
AIRM,$37.86,1440868807702,"199,407",80% bearish,of 5 ratings,$53
AGIO,$90.62,1440868807785,"186,340",88% bullish,of 8 ratings,$114
AIRT,$22.16,1440868807889,376,100% bullish,of 1 rating,N/A
AIXG,$6.38,1440868807990,"27,231",67% bearish,of 3 ratings,$5.25
AMCN,$4.59,1440868808016,"108,503",83% bullish,of 6 ratings,N/A
AKER,$2.48,1440868808048,"28,755",Not yet rated,NULL,N/A
AKBA,$7,1440868808069,"105,064",100% bearish,of 1 rating,$18
AKAM,$71.9,1440868808150,"1,710,795",63% bullish,of 8 ratings,$77
AKRX,$41.03,1440868808215,"401,819",78% bullish,of 9 ratings,$56
AMRI,$20.6,1440868808347,"158,563",75% bearish,of 4 ratings,$24
ALSK,$2.15,1440868808420,"235,932",78% bullish,of 18 ratings,$2
ADHD,$7.94,1440868808557,"131,054",50% bullish,of 4 ratings,$18
ABDC,$12.83,1440868808611,"24,564",Not yet rated,NULL,$15
ALRM,$16.8,1440868808692,"126,608",100% bearish,of 1 rating,$22
ALXA,$1.13,1440868808743,"13,227",83% bullish,of 6 ratings,$2.125
ALDX,$7.06,1440868808776,"18,445",100% bearish,of 1 rating,$14.50
ALGN,$57.27,1440868808876,"244,131",100% bearish,of 2 ratings,$73
ALXN,$178.86,1440868808900,"1,012,132",88% bullish,of 8 ratings,$223
ALDR,$38.61,1440868808925,"186,540",67% bearish,of 3 ratings,$62
ALCO,$42.25,1440868808955,"5,313",50% bullish,of 2 ratings,N/A
ALGT,$208.41,1440868809060,"150,284",100% bearish,of 2 ratings,$235
ALKS,$62.0942,1440868809116,"542,032",67% bullish,of 3 ratings,$75
ALIM,$3.44,1440868809203,"27,203",80% bullish,of 5 ratings,$10
ALLB,$22.72,1440868809274,797,Not yet rated,NULL,N/A
AFOP,$19.05,1440868809332,"104,154",75% bullish,of 8 ratings,$21
AIQ,$14.35,1440868809359,"6,903",67% bullish,of 3 ratings,N/A
AHGP,$36.41,1440868809493,"89,083",67% bullish,of 3 ratings,N/A
ARLP,$25.32,1440868809572,"280,083",67% bearish,of 3 ratings,$32
AHPI,$1.44,1440868809714,"1,714",50% bullish,of 2 ratings,N/A
ALQA,$4.4,1440868809768,"19,390",75% bullish,of 4 ratings,$8.50
AMOT,$18.85,1440868809802,"86,927",100% bearish,of 1 rating,N/A
ALLT,$5.42,1440868809824,"187,497",75% bullish,of 4 ratings,$6.25
MDRX,$13.8,1440868809858,"810,640",60% bullish,of 5 ratings,$16
AFAM,$45.43,1440868809900,"41,778",50% bullish,of 2 ratings,$44
AOSL,$7.31,1440868809964,"49,947",67% bullish,of 3 ratings,$9
ALNY,$109.1,1440868809993,"357,082",67% bullish,of 3 ratings,$148.50
SMCP,NULL,1440868810228,0,Not yet rated,NULL,N/A
ATEC,$0.54,1440868810257,"81,514",100% bullish,of 1 rating,$2
ALTR,$48.61,1440868810321,"1,182,479",80% bearish,of 5 ratings,$54
AMAG,$65.85,1440868810449,"315,677",100% bullish,of 2 ratings,$77.50
ASPS,$25.48,1440868810500,"184,857",67% bullish,of 3 ratings,$46.50
AIMC,$24.94,1440868810532,"71,616",100% bearish,of 2 ratings,$28.50
AMRK,$10.28,1440868810637,"2,016",50% bullish,of 2 ratings,$14
AMRN,$2.23,1440868810686,"1,409,147",85% bullish,of 39 ratings,$8
AYA,$20.7,1440868810767,"10,578",100% bearish,of 1 rating,$40
AMZN,$519.59,1440868810856,"1,553,310",81% bullish,of 264 ratings,$646
AMBCW,$7.65,1440868810909,"1,012",100% bearish,of 1 rating,N/A
AMBC,$15.61,1440868810939,"222,561",100% bearish,of 1 rating,$16.50
AMBA,$96.15,1440868811043,"1,960,685",83% bullish,of 12 ratings,$102.50
EPAX,$2.69,1440868811072,"86,785",100% bearish,of 1 rating,N/A
AMCX,$73.6,1440868811110,"349,491",67% bullish,of 3 ratings,$87.50
DOX,$57.75,1440868811140,"257,565",67% bearish,of 3 ratings,$60
AMED,$39.09,1440868811248,"188,323",100% bearish,of 1 rating,$42
AMDA,$0.4798,1440868811348,"643,528",90% bullish,of 10 ratings,$1
UHAL,$375.77,1440868811374,"28,990",100% bullish,of 2 ratings,$393.50
AMOV,$18.46,1440868811504,"2,614",100% bearish,of 1 rating,N/A
ASBI,$22.64,1440868811529,"1,069",Not yet rated,NULL,N/A
ATAX,$5.27,1440868811556,"73,836",100% bullish,of 1 rating,$6.50
AGNCP,$25.34,1440868811708,"6,144",Not yet rated,NULL,N/A
MTGE,$15.29,1440868811839,"623,994",75% bullish,of 4 ratings,$19.50
MTGEP,$24.5,1440868811940,583,Not yet rated,NULL,N/A
ACSF,$12.38,1440868811968,"29,182",100% bearish,of 1 rating,$15
ANCI,$1.46,1440868812024,474,100% bearish,of 1 rating,N/A
AGNC,$19.36,1440868812053,"1,941,092",71% bullish,of 28 ratings,$22
AAL,$38.6,1440868812098,"7,110,829",93% bullish,of 88 ratings,$57
AGNCB,$24.29,1440868812153,"19,098",Not yet rated,NULL,N/A
ACAS,$13.8357,1440868812182,"897,392",60% bullish,of 5 ratings,$16.75
AETI,$3.75,1440868812342,881,67% bearish,of 3 ratings,N/A
ANAT,$100.8502,1440868812475,"25,880",100% bullish,of 1 rating,N/A
AMNB,$23.29,1440868812501,"4,556",Not yet rated,NULL,$25.50
AMIC,NULL,1440868812535,0,Not yet rated,NULL,N/A
APEI,$22.36,1440868812636,"59,822",100% bearish,of 1 rating,$25.50
AMRB,$10.05,1440868812661,"2,153",Not yet rated,NULL,$11
AMSC,$4.67,1440868812810,"80,461",50% bullish,of 4 ratings,N/A
ASEI,$39.03,1440868812884,"21,414",100% bearish,of 1 rating,$52.50
AMSWA,$9.06,1440868812943,"131,254",100% bearish,of 2 ratings,$10.75
ARII,$40.76,1440868813027,"146,168",67% bearish,of 3 ratings,$45
CRMT,$35.97,1440868813078,"40,468",100% bearish,of 1 rating,$39
ABCB,$26.8,1440868813104,"86,002",Not yet rated,NULL,$31
AMWD,$66.55,1440868813184,"77,289",50% bullish,of 2 ratings,$70
ASRV,$3.22,1440868813232,"12,469",100% bullish,of 2 ratings,N/A
AMSF,$46.91,1440868813268,"49,852",Not yet rated,NULL,$57.50
ASRVP,NULL,1440868813336,0,Not yet rated,NULL,N/A
ATLO,$23.59,1440868813491,"4,506",Not yet rated,NULL,N/A
FOLD,$14.87,1440868813663,"612,656",56% bullish,of 9 ratings,$21
AMGN,$155.95,1440868813720,"3,400,173",89% bullish,of 19 ratings,$185
AMSG,$80.06,1440868813795,"252,052",100% bearish,of 1 rating,$85.50
AMKR,$5.07,1440868813821,"1,277,833",100% bearish,of 2 ratings,$5
AMSGP,$149.3,1440868813860,"33,058",Not yet rated,NULL,N/A
ASYS,$5.39,1440868813952,"36,672",67% bullish,of 3 ratings,$12
AFSI,$58.4717,1440868813981,"168,515",60% bullish,of 5 ratings,$72
AMPH,$13.39,1440868814016,"106,975",50% bullish,of 2 ratings,$20
AMRS,$1.69,1440868814037,"51,285",70% bullish,of 10 ratings,N/A
ANAD,$0.33,1440868814114,"133,227",100% bullish,of 2 ratings,$.50
ANAC,$135.45,1440868814145,"264,448",80% bullish,of 5 ratings,$180.50
ALOG,$80.27,1440868814274,"65,588",100% bearish,of 2 ratings,$100.50
ANCB,$21.98,1440868814299,"29,500",Not yet rated,NULL,$23
ADI,$56.45,1440868814431,"2,245,427",67% bullish,of 3 ratings,$69
ABCW,$40.28,1440868814479,"7,717",67% bullish,of 3 ratings,N/A
AMCF,$0.22,1440868814614,"1,426",100% bullish,of 7 ratings,N/A
ANGO,$14.67,1440868814692,"69,486",67% bullish,of 3 ratings,$19
ANSS,$89.74,1440868814720,"244,251",100% bearish,of 1 rating,$100
ANIK,$35.94,1440868814770,"100,275",60% bullish,of 5 ratings,$51.25
ANGI,$5.21,1440868814848,"319,439",64% bullish,of 11 ratings,$5.50
ABAC,$0.75,1440868814916,"11,927",100% bearish,of 1 rating,N/A
ATRS,$1.79,1440868814943,"332,285",92% bullish,of 12 ratings,$4.50
ANTH,$7.41,1440868815070,"469,427",80% bullish,of 10 ratings,$13
APOG,$50.82,1440868815094,"111,095",50% bullish,of 2 ratings,$67
APIC,$6.91,1440868815153,"86,505",100% bearish,of 1 rating,$19
ANIP,$52,1440868815179,"129,189",89% bullish,of 19 ratings,$66
ATNY,$2.26,1440868815333,"4,237",50% bullish,of 2 ratings,$3.75
APOL,$11.47,1440868815357,"654,267",87% bearish,of 68 ratings,$14
AAPL,$113.37,1440868815506,"32,540,481",86% bullish,of 2354 ratings,$150
APPF,$16.3,1440868815531,"22,796",50% bullish,of 2 ratings,$22
APDN,$3.46,1440868815560,"72,814",Not yet rated,NULL,$9
AINV,$6.6,1440868815589,"696,100",50% bullish,of 4 ratings,$8
APDNW,$1.27,1440868815667,"2,254",Not yet rated,NULL,N/A
ARCI,NULL,1440868815692,0,Not yet rated,NULL,N/A
AGTC,$16.69,1440868815848,"40,739",50% bullish,of 2 ratings,$33
AMAT,$15.9916,1440868815877,"7,111,784",82% bullish,of 11 ratings,$23
AMCC,$5.77,1440868815913,"326,270",80% bullish,of 5 ratings,$8
AAOI,$21.11,1440868815974,"169,287",50% bullish,of 4 ratings,$26
APRI,$1.33,1440868816012,"381,591",83% bullish,of 6 ratings,$4.86
AREX,$2.17,1440868816075,"985,162",100% bearish,of 1 rating,$3
AQMS,$5.2,1440868816206,"53,706",Not yet rated,NULL,N/A
APTO,$5.28,1440868816231,"32,201",Not yet rated,NULL,$17
AUMA,$9.89,1440868816363,230,Not yet rated,NULL,N/A
AUMAU,NULL,1440868816421,0,Not yet rated,NULL,N/A
ARDM,NULL,1440868816446,0,100% bullish,of 1 rating,$26
AQXP,$16.76,1440868816491,"147,931",50% bullish,of 2 ratings,$2
ABUS,$7.36,1440868816621,"240,604",86% bullish,of 14 ratings,$23
AUMAW,NULL,1440868816657,0,Not yet rated,NULL,N/A
PETX,$17.64,1440868816711,"156,925",100% bearish,of 2 ratings,$26
ABIO,$0.89,1440868816803,"57,096",50% bullish,of 2 ratings,$3.75
RKDA,$6.36,1440868816828,"9,839",100% bearish,of 2 ratings,$10
ARCW,$3.63,1440868816862,"4,066",100% bearish,of 2 ratings,$10.50
ARCB,$29.04,1440868817010,"134,492",67% bearish,of 3 ratings,$39.50
ACGL,$68.1836,1440868817042,"313,921",50% bullish,of 2 ratings,$72
ACAT,$26.55,1440868817152,"114,131",100% bearish,of 3 ratings,$33
ARDX,$18.75,1440868817296,"63,461",50% bullish,of 2 ratings,$24.50
AGIIL,$25.36,1440868817341,"11,027",Not yet rated,NULL,N/A
AGII,$54.77,1440868817368,"101,334",Not yet rated,NULL,$59.50
ARIS,$3.54,1440868817393,"40,749",Not yet rated,NULL,$4.50
ARCC,$15.6189,1440868817417,"1,375,235",67% bearish,of 3 ratings,$17.875
ARNA,$2.71,1440868817445,"2,247,385",90% bullish,of 78 ratings,$5.50
ARGS,$6.16,1440868817621,"18,498",50% bullish,of 2 ratings,$19.50
ARKR,$24.54,1440868817748,604,50% bullish,of 2 ratings,N/A
ARMH,$42.62,1440868817779,"865,391",54% bearish,of 13 ratings,$60
ARWA,NULL,1440868817805,0,Not yet rated,NULL,N/A
ARIA,$9.65,1440868817827,"22,314,095",87% bullish,of 46 ratings,$9
ARTX,$1.45,1440868817856,"63,093",88% bullish,of 16 ratings,$4.50
ARWAR,NULL,1440868817885,0,Not yet rated,NULL,N/A
ARWAU,NULL,1440868818128,0,100% bullish,of 1 rating,N/A
ARRS,$26.82,1440868818260,"723,865",50% bullish,of 2 ratings,$38
ARQL,$1.76,1440868818287,"76,309",75% bullish,of 4 ratings,$5
ARWAW,NULL,1440868818314,0,Not yet rated,NULL,N/A
ARRY,$5.94,1440868818523,"718,947",100% bullish,of 7 ratings,$10
DWAT,$9.98,1440868818655,"2,550",100% bearish,of 1 rating,N/A
ARTNA,$22.24,1440868818691,"8,516",100% bearish,of 1 rating,$29
AROW,$27.26,1440868818720,"13,804",Not yet rated,NULL,N/A
ASNA,$12,1440868818820,"3,325,555",50% bullish,of 2 ratings,$18
ARTW,$4.27,1440868818920,"1,665",75% bearish,of 4 ratings,N/A
ARWR,$5.77,1440868818979,"437,585",75% bullish,of 4 ratings,$10.50
ASBB,$24.2,1440868819050,191,Not yet rated,NULL,N/A
ASND,$19.17,1440868819126,"58,087",50% bullish,of 2 ratings,$30
ASTI,$0.1027,1440868819161,"1,274,925",83% bullish,of 6 ratings,$3
ASCMA,$27.4,1440868819182,"54,550",100% bearish,of 1 rating,$45
APWC,$1.91,1440868819234,"1,704",100% bearish,of 1 rating,N/A
ASMI,NULL,1440868819256,0,NULL,NULL,NULL
AZPN,$37.9,1440868819471,"471,280",50% bullish,of 2 ratings,$42
ASML,$91.98,1440868819501,"376,653",50% bullish,of 4 ratings,$127
ASTE,$37.12,1440868819600,"59,288",100% bearish,of 1 rating,$48
ASMB,$13.33,1440868819644,"40,085",67% bullish,of 3 ratings,N/A
ASFI,$8.9,1440868819696,"6,440",100% bullish,of 1 rating,N/A
ATRO,$52.84,1440868819728,"104,448",100% bearish,of 2 ratings,$80
ALOT,$13.97,1440868819777,"5,000",100% bearish,of 1 rating,N/A
ATAI,$2.53,1440868819863,"5,759",100% bearish,of 1 rating,N/A
ASTC,$2.07,1440868819891,"13,827",100% bullish,of 5 ratings,N/A
ASUR,$5.97,1440868819918,"1,342",50% bullish,of 2 ratings,$8
ATHX,$1.15,1440868820192,"150,153",89% bullish,of 9 ratings,$5
ATHN,$134.56,1440868820217,"144,558",67% bearish,of 3 ratings,$153
AAPC,$10.1,1440868820347,524,Not yet rated,NULL,N/A
AFCB,$26.58,1440868820406,43,Not yet rated,NULL,N/A
AAME,$3.51,1440868820431,"1,614",Not yet rated,NULL,N/A
ATRA,$40.22,1440868820478,"86,077",50% bullish,of 2 ratings,$68
ATLC,$3.82,1440868820605,"1,000",67% bullish,of 3 ratings,N/A
ACFC,$5.59,1440868820630,"23,302",100% bearish,of 1 rating,$6.50
ATNI,$71.89,1440868820657,"30,836",100% bearish,of 1 rating,$69.50
AAWW,$41.57,1440868820713,"344,090",50% bullish,of 2 ratings,$65
AFH,$16.25,1440868820818,"45,444",Not yet rated,NULL,$21.50
ATML,$8.21,1440868820887,"5,323,862",78% bullish,of 9 ratings,$9.50
ATRI,$390.57,1440868820915,"1,710",Not yet rated,NULL,N/A
ATRC,$25.5,1440868821068,"75,032",100% bullish,of 1 rating,$30
ATOS,$0.76,1440868821093,"146,526",100% bullish,of 7 ratings,$7
ATRM,$2.83,1440868821149,"5,169",50% bullish,of 2 ratings,N/A
LIFE,$14.79,1440868821175,"59,987",86% bullish,of 7 ratings,$43
ATTU,$13.2582,1440868821310,"43,316",100% bearish,of 1 rating,$20.50
AUBN,$26.68,1440868821367,652,Not yet rated,NULL,N/A
AUDC,$3.34,1440868821395,"41,046",80% bullish,of 5 ratings,$5
AUPH,$3.03,1440868821430,"48,213",100% bearish,of 1 rating,$8
EARS,$4.86,1440868821529,"61,876",100% bearish,of 2 ratings,$11.50
ADAT,$0.2901,1440868821555,"286,619",100% bullish,of 2 ratings,N/A
ADSK,$47.52,1440868821743,"7,664,747",67% bullish,of 6 ratings,$69.50
ADP,$78.41,1440868821799,"1,833,355",100% bearish,of 1 rating,$88
AVGO,$127.49,1440868821824,"2,365,644",88% bullish,of 8 ratings,$165
AVNU,$12.35,1440868821855,"4,686",Not yet rated,NULL,$14
ABTL,$17.48,1440868821876,"56,816",100% bullish,of 4 ratings,$20.25
AAVL,$10.78,1440868822004,"281,210",100% bearish,of 1 rating,$20
AVEO,$1.42,1440868822029,"525,234",75% bullish,of 8 ratings,$3
AVID,$8.51,1440868822162,"262,047",100% bearish,of 1 rating,$20
AVGR,$14.96,1440868822192,"28,648",100% bearish,of 1 rating,$20
CAR,$43.59,1440868822263,"772,875",80% bullish,of 5 ratings,$60
ACLS,$3.17,1440868822291,"211,572",67% bullish,of 6 ratings,$4.75
AWRE,$3.18,1440868822356,"9,746",67% bullish,of 3 ratings,N/A
AVNW,$1.13,1440868822428,"120,526",50% bullish,of 2 ratings,$2.20
AXPW,$1.06,1440868822457,"50,386",83% bullish,of 6 ratings,N/A
AXGN,$4.88,1440868822640,"266,524",Not yet rated,NULL,$5
AXPWW,NULL,1440868822704,0,Not yet rated,NULL,N/A
AXTI,$2.2,1440868822776,"30,041",50% bullish,of 2 ratings,$2.75
BCOM,$18.86,1440868822904,80,100% bearish,of 1 rating,N/A
BEAV,$49.39,1440868822987,"564,180",67% bearish,of 3 ratings,$59
BIDU,$152.41,1440868823045,"2,202,325",81% bullish,of 88 ratings,$210
BCPC,$58.23,1440868823085,"129,590",100% bearish,of 1 rating,$75
RILY,NULL,1440868823116,0,Not yet rated,NULL,N/A
BLDP,$1.28,1440868823148,"333,343",91% bullish,of 22 ratings,$2.50
BOSC,$2.17,1440868823216,"2,700",50% bullish,of 2 ratings,N/A
BWINA,NULL,1440868823242,0,Not yet rated,NULL,N/A
BWINB,$23.05,1440868823267,"5,630",Not yet rated,NULL,N/A
BANF,$59.87,1440868823432,"10,874",Not yet rated,NULL,$68
BOCH,$5.75,1440868823463,"7,098",Not yet rated,NULL,$6.50
BKMU,$7.2,1440868823497,"106,117",Not yet rated,NULL,$8
BANFP,NULL,1440868823566,0,Not yet rated,NULL,N/A
BKSC,$16.38,1440868823737,"1,895",Not yet rated,NULL,N/A
BMRC,$47.78,1440868823764,"6,078",Not yet rated,NULL,$52
BOTJ,$10.93,1440868823840,51,Not yet rated,NULL,N/A
BWFG,$17.89,1440868823894,"86,221",100% bearish,of 1 rating,N/A
OZRK,$41.65,1440868823923,"340,296",67% bullish,of 3 ratings,$49.50
TAPR,$31.36,1440868824023,"1,065",100% bearish,of 1 rating,N/A
BFIN,$11.98,1440868824079,"805,971",Not yet rated,NULL,$13
BZUN,$5.29,1440868824122,"324,008",50% bullish,of 2 ratings,$11.50
BANR,$43.67,1440868824154,"52,487",100% bullish,of 3 ratings,$50
BHACR,NULL,1440868824223,0,Not yet rated,NULL,N/A
BHAC,$9.81,1440868824255,400,Not yet rated,NULL,N/A
BHACW,NULL,1440868824282,0,Not yet rated,NULL,N/A
BHACU,NULL,1440868824354,0,Not yet rated,NULL,N/A
BBSI,$35.46,1440868824560,"44,948",67% bearish,of 3 ratings,$62.50
BYBK,$4.88,1440868824613,"12,262",100% bearish,of 1 rating,N/A
BSET,$28.97,1440868824634,"65,844",100% bearish,of 1 rating,$35
BYLK,$12.75,1440868824717,"3,944",Not yet rated,NULL,$14
BV,$5.16,1440868824847,"390,911",67% bullish,of 6 ratings,$9
BBCN,$14.41,1440868824887,"235,503",100% bearish,of 1 rating,$16
BECN,$35.38,1440868824918,"319,053",50% bullish,of 2 ratings,$40
BBGI,$4.07,1440868824946,514,100% bearish,of 1 rating,N/A
BDCV,$4.92,1440868824967,"8,428",100% bearish,of 1 rating,$10.19
BCBP,$11.51,1440868824997,"2,786",Not yet rated,NULL,N/A
BSF,$8.56,1440868825173,"14,316",Not yet rated,NULL,N/A
BELFB,$17.97,1440868825311,"23,081",100% bearish,of 1 rating,N/A
BBBY,$62.32,1440868825336,"1,490,780",71% bullish,of 7 ratings,$75
BEBE,$1.35,1440868825410,"2,507,789",75% bullish,of 4 ratings,$3.075
BELFA,$16.95,1440868825552,24,100% bearish,of 1 rating,N/A
BLPH,$5.04,1440868825607,"6,129",100% bearish,of 1 rating,$12.50
BNFT,$36.35,1440868825635,"83,611",67% bullish,of 3 ratings,$46
BGMD,$0.7251,1440868825667,"219,421",100% bullish,of 10 ratings,N/A
BNCL,$12.42,1440868825690,"203,255",100% bullish,of 3 ratings,$12.50
BLCM,$17.34,1440868825720,"156,508",50% bullish,of 4 ratings,$40
BNTC,$7.9937,1440868825770,"46,904",100% bullish,of 1 rating,N/A
ORPN,$5.97,1440868826001,"20,587",100% bullish,of 1 rating,$28.50
BGCP,$8.735,1440868826059,"654,941",88% bullish,of 8 ratings,$14
BASI,$1.6,1440868826088,"3,810",Not yet rated,NULL,N/A
BGFV,$11.1,1440868826117,"86,024",57% bullish,of 7 ratings,$12
BCDA,NULL,1440868826147,0,Not yet rated,NULL,N/A
BIND,$4.45,1440868826188,"49,598",75% bullish,of 4 ratings,$13.50
BCRX,$11.42,1440868826383,"314,110",63% bullish,of 8 ratings,$18
BDSI,$6.87,1440868826446,"493,039",88% bullish,of 8 ratings,$17
BLFS,$1.98,1440868826486,"21,237",100% bearish,of 1 rating,$4.75
BIOC,$1.98,1440868826616,"102,773",83% bullish,of 6 ratings,$3.85
BIOL,$1.43,1440868826697,"19,466",Not yet rated,NULL,N/A
BIOD,$0.6435,1440868826724,"49,279",80% bullish,of 5 ratings,$4
BIIB,$303.69,1440868826756,"1,407,281",88% bullish,of 16 ratings,$400
BLRX,$1.53,1440868826784,"208,226",100% bullish,of 12 ratings,$5
BMRN,$132.0147,1440868826857,"575,644",80% bullish,of 5 ratings,$160
BRLI,NULL,1440868826991,0,NULL,NULL,NULL
BVXV,$3.6325,1440868827017,"2,361",Not yet rated,NULL,N/A
BPTH,$1.11,1440868827038,"55,103",100% bullish,of 2 ratings,$5
BVXVW,$0.7,1440868827278,300,100% bearish,of 1 rating,N/A
BBP,$33.4,1440868827331,"19,508",Not yet rated,NULL,N/A
BIOS,$2.46,1440868827376,"689,760",71% bullish,of 7 ratings,$4
BSTC,$52.12,1440868827410,"40,800",100% bearish,of 1 rating,$76
BSPM,$0.67,1440868827463,"65,101",50% bullish,of 2 ratings,N/A
TECH,$96.5,1440868827515,"280,906",100% bullish,of 1 rating,$117
BOTA,$2.18,1440868827543,"25,205",88% bullish,of 8 ratings,N/A
BBC,$31.95,1440868827644,"9,881",Not yet rated,NULL,N/A
BITI,$17.095,1440868827703,"19,344",100% bullish,of 1 rating,$28
BEAT,$14.67,1440868827777,"218,630",67% bearish,of 3 ratings,$15
BDMS,$12.64,1440868827803,84,100% bearish,of 1 rating,N/A
BJRI,$44.26,1440868827884,"170,972",50% bullish,of 2 ratings,$55
BBRY,$7.32,1440868828010,"3,500,684",61% bullish,of 330 ratings,$9
BBOX,$15.07,1440868828062,"96,363",100% bearish,of 1 rating,N/A
BDE,$7.5,1440868828107,"75,507",50% bullish,of 2 ratings,$9
BLKB,$57.86,1440868828137,"156,655",100% bearish,of 2 ratings,$66
BKCC,$9.304,1440868828163,"302,275",50% bullish,of 2 ratings,$10
HAWK,$40.26,1440868828292,"239,630",91% bullish,of 11 ratings,$49
ADRD,$22.21,1440868828321,"11,305",100% bearish,of 1 rating,N/A
ADRE,$30.08,1440868828421,"10,155",100% bearish,of 1 rating,N/A
ADRA,$27.5,1440868828465,"2,800",100% bearish,of 1 rating,N/A
ADRU,$21.9113,1440868828518,"1,280",100% bearish,of 1 rating,N/A
BLMN,$20.51,1440868828564,"1,243,002",83% bullish,of 6 ratings,$27.50
BLBD,$11.96,1440868828651,"9,660",Not yet rated,NULL,N/A
BCOR,$13.81,1440868828698,"189,735",57% bullish,of 7 ratings,$15
BUFF,$26.31,1440868828727,"184,065",83% bullish,of 12 ratings,$31.50
BBLU,$0.78,1440868828828,"112,994",100% bullish,of 2 ratings,$4.43
BKEP,$6.34,1440868828955,"19,498",100% bearish,of 1 rating,$8.50
BLUE,$137.47,1440868828984,"296,264",71% bullish,of 7 ratings,$217.50
BHBK,$13.84,1440868829012,"32,621",100% bullish,of 1 rating,$14.50
BKEPP,$7.61,1440868829053,"6,200",100% bearish,of 1 rating,N/A
NILE,$34.3,1440868829082,"81,168",50% bullish,of 2 ratings,$34
BPMC,$26.84,1440868829111,"69,527",50% bullish,of 2 ratings,$47.50
BOBE,$43.6,1440868829299,"117,836",75% bullish,of 4 ratings,$57
BNCN,$20.56,1440868829324,"117,776",Not yet rated,NULL,$24
BOFI,$117.62,1440868829515,"213,540",100% bullish,of 6 ratings,$144
BOJA,$21.44,1440868829561,"58,055",100% bullish,of 1 rating,$30
WIFI,$7.62,1440868829590,"145,572",50% bullish,of 2 ratings,$13.50
BAMM,$3.1,1440868829693,"24,796",60% bullish,of 5 ratings,N/A
BONA,$11.64,1440868829730,"107,333",75% bullish,of 4 ratings,$8.50
BNSO,$1.31,1440868829758,630,100% bearish,of 1 rating,N/A
BPFH,$11.79,1440868829783,"250,539",100% bearish,of 1 rating,$14
BOKF,$62.3925,1440868829822,"164,013",100% bearish,of 1 rating,$69
BPFHW,$5.15,1440868830044,"3,330",100% bearish,of 1 rating,N/A
BCLI,$3.04,1440868830072,"50,501",80% bullish,of 5 ratings,$12
BDBD,$8.39,1440868830100,"451,957",60% bullish,of 5 ratings,$10
BPFHP,$24.85,1440868830200,"11,250",100% bearish,of 1 rating,N/A
EPAY,$26.94,1440868830227,"177,935",100% bearish,of 2 ratings,$30
BBRG,$12.72,1440868830291,"69,040",67% bullish,of 3 ratings,$14.50
BBEPP,$13.4,1440868830397,"61,890",100% bearish,of 1 rating,N/A
BDGE,$26.21,1440868830422,"17,166",Not yet rated,NULL,$31.75
BBEP,$2.94,1440868830457,"2,796,108",69% bullish,of 13 ratings,$5.625
BLIN,$1.36,1440868830557,"5,087",100% bullish,of 2 ratings,$2.20
BCOV,$5.32,1440868830599,"68,688",67% bullish,of 3 ratings,$10.20
BRID,NULL,1440868830628,0,100% bearish,of 1 rating,N/A
BVSN,$6.01,1440868830738,"13,669",60% bearish,of 5 ratings,N/A
BSFT,$31.63,1440868830763,"88,378",57% bullish,of 7 ratings,$40.50
BRCM,$51.79,1440868830801,"2,529,830",75% bullish,of 12 ratings,$56
BYFC,$1.36,1440868830906,"5,967",50% bullish,of 2 ratings,N/A
BWEN,$3.18,1440868830937,"34,309",100% bullish,of 3 ratings,$8
BRCD,$10.553,1440868831058,"2,104,384",92% bullish,of 13 ratings,$11.50
BRKL,$10.51,1440868831086,"272,340",100% bearish,of 1 rating,$10.75
BRKS,$10.41,1440868831256,"127,627",67% bullish,of 3 ratings,$15.25
BMTC,$29.2,1440868831281,"98,064",Not yet rated,NULL,$34
BSQR,$6.15,1440868831453,"55,497",67% bullish,of 3 ratings,N/A
BWLD,$194.06,1440868831479,"166,257",82% bullish,of 11 ratings,$205
CFFI,$36.19,1440868831510,"7,589",100% bearish,of 1 rating,N/A
BLDR,$14.48,1440868831532,"484,766",67% bullish,of 3 ratings,$22
BRKR,$18.4692,1440868831566,"392,981",100% bearish,of 2 ratings,$22
BLMT,$20.6,1440868831661,"11,270",Not yet rated,NULL,N/A
BUR,$1.74,1440868831700,"6,743",100% bearish,of 1 rating,$8
CHRW,$67.2467,1440868831769,"1,365,634",Not yet rated,NULL,$72
CA,$27.26,1440868831831,"2,293,564",50% bullish,of 4 ratings,$33
CDNS,$20.14,1440868831971,"1,265,237",75% bullish,of 4 ratings,$22.50
CCMP,$43.53,1440868832035,"79,642",50% bullish,of 2 ratings,$59
CSTE,$40.5,1440868832122,"114,834",50% bullish,of 2 ratings,$65
CACQ,$7.53,1440868832156,"56,359",100% bearish,of 1 rating,$12.25
CDZI,$8.14,1440868832184,"84,491",100% bearish,of 1 rating,N/A
CZR,$9.17,1440868832205,"738,436",60% bearish,of 5 ratings,$10.50
PRSS,$4.55,1440868832260,"10,528",80% bullish,of 5 ratings,$4.50
CHI,$10.6,1440868832437,"101,782",100% bearish,of 1 rating,N/A
CHY,$11.47,1440868832503,"160,991",Not yet rated,NULL,N/A
CLBS,$1.44,1440868832572,"118,591",79% bullish,of 14 ratings,$4
CFGE,NULL,1440868832600,0,Not yet rated,NULL,N/A
CLMS,$10.61,1440868832678,"65,837",Not yet rated,NULL,$10.50
CHW,$7.64,1440868832731,"278,918",100% bearish,of 1 rating,N/A
CCD,$19.38,1440868832762,"81,611",Not yet rated,NULL,N/A
CGO,$12.01,1440868832866,"13,619",100% bearish,of 1 rating,N/A
CSQ,$9.96,1440868832936,"222,801",Not yet rated,NULL,N/A
CVGW,$59.23,1440868832971,"104,521",50% bullish,of 2 ratings,$58.50
CFNB,$13.31,1440868833071,301,100% bearish,of 1 rating,N/A
CAMP,$16.59,1440868833107,"249,483",88% bullish,of 8 ratings,$25
CALM,$50.25,1440868833135,"273,365",80% bullish,of 5 ratings,$65
CALD,$15.94,1440868833201,"214,263",100% bearish,of 1 rating,$21
CALA,$5.78,1440868833228,"350,686",100% bullish,of 3 ratings,$19.50
ABCD,$5.28,1440868833416,"155,994",83% bullish,of 6 ratings,N/A
CAMB,$9.95,1440868833442,"3,000",Not yet rated,NULL,N/A
CAMBU,NULL,1440868833569,0,100% bearish,of 1 rating,N/A
CAC,$40.25,1440868833649,"5,351",Not yet rated,NULL,N/A
CSIQ,$18.9253,1440868833678,"1,536,120",86% bullish,of 28 ratings,$42.50
CAMBW,NULL,1440868833705,0,Not yet rated,NULL,N/A
CAMT,$2.72,1440868833730,"11,795",73% bullish,of 11 ratings,$4
CLMT,$26.1156,1440868833778,"157,345",75% bullish,of 8 ratings,$31
CGIX,$9.96,1440868833914,"20,078",67% bullish,of 3 ratings,$14.375
CPHC,$10.3,1440868833944,"1,608",100% bearish,of 1 rating,N/A
CPLA,$49.2,1440868833975,"111,385",67% bearish,of 3 ratings,$65
CBF,$29.0025,1440868834053,"163,441",Not yet rated,NULL,$32
CBNJ,$11.09,1440868834103,"17,605",100% bullish,of 1 rating,N/A
CCBG,$14.99,1440868834161,"18,070",Not yet rated,NULL,$17.25
CPLP,$6.85,1440868834232,"246,034",71% bullish,of 7 ratings,$11
CSWC,$45.86,1440868834310,"14,727",Not yet rated,NULL,N/A
CPTA,$13.69,1440868834396,"45,514",100% bearish,of 1 rating,$18.50
CFFN,$12.03,1440868834422,"444,730",Not yet rated,NULL,$12.75
CAPN,$2.27,1440868834554,"216,917",100% bullish,of 1 rating,$10.85
CAPNW,NULL,1440868834622,0,Not yet rated,NULL,N/A
CBYL,$5.38,1440868834690,"28,815",100% bearish,of 1 rating,$20
CAPR,$4.28,1440868834759,"3,636",Not yet rated,NULL,$12
CARA,$19.25,1440868834791,"104,767",50% bullish,of 4 ratings,$25
CPST,$0.4182,1440868834820,"1,396,611",95% bullish,of 22 ratings,$1.25
CRDC,$0.37,1440868834853,"98,459",100% bullish,of 1 rating,$1.25
CARB,$11.28,1440868834922,"80,399",75% bullish,of 4 ratings,$12
CRME,$8.86,1440868834948,"6,283",89% bullish,of 9 ratings,$11.25
CFNL,$21.88,1440868835021,"97,527",Not yet rated,NULL,$24
CSII,$24.24,1440868835077,"97,779",100% bearish,of 2 ratings,$42.125
CATM,$34.65,1440868835161,"145,056",100% bearish,of 1 rating,$44
CDNA,$6.86,1440868835189,"9,849",100% bearish,of 1 rating,$9
CECO,$3.78,1440868835322,"325,880",67% bearish,of 3 ratings,$6
CKEC,$23.45,1440868835515,"112,092",50% bullish,of 2 ratings,$35.915
CTRE,$11.32,1440868835584,"366,158",50% bullish,of 2 ratings,$13.50
CRTN,$2.49,1440868835614,"4,420",100% bearish,of 1 rating,N/A
CARV,$7,1440868835635,"3,573",50% bullish,of 2 ratings,N/A
CLBH,$12.7,1440868835714,"1,504",Not yet rated,NULL,$16.50
CARO,$15.52,1440868835779,686,100% bearish,of 1 rating,$19
CART,$5.35,1440868835845,"1,687",100% bearish,of 1 rating,N/A
TAST,$12.68,1440868835914,"294,920",Not yet rated,NULL,$14.25
CSCD,$14.97,1440868835973,"29,328",100% bullish,of 2 ratings,$17
CRZO,$35.27,1440868836016,"1,680,807",67% bearish,of 3 ratings,$55
CASM,$1.13,1440868836046,"169,953",100% bullish,of 1 rating,$3.50
CACB,$5.28,1440868836102,"28,460",Not yet rated,NULL,$5.50
CWST,$6.25,1440868836131,"94,168",50% bullish,of 2 ratings,$7.25
CASY,$106.08,1440868836295,"164,558",50% bullish,of 2 ratings,$99.50
CASI,$1.45,1440868836378,"16,210",100% bullish,of 1 rating,$3.50
CATB,$12.3,1440868836431,"12,584",100% bearish,of 1 rating,$28
CPRX,$3.64,1440868836515,"252,829",71% bullish,of 7 ratings,$7
CASS,$48.74,1440868836618,"12,195",100% bearish,of 1 rating,N/A
CATYW,NULL,1440868836667,0,100% bearish,of 1 rating,N/A
CAVM,$68.35,1440868836700,"259,220",67% bearish,of 3 ratings,$72
CATY,$29.47,1440868836750,"526,220",100% bearish,of 1 rating,$33.50
CNLM,$9.92,1440868836781,"5,100",Not yet rated,NULL,N/A
CVCO,$71.58,1440868836882,"22,860",100% bearish,of 1 rating,N/A
CBFV,$20.23,1440868836911,"1,904",Not yet rated,NULL,$25
CNLMU,NULL,1440868836940,0,100% bullish,of 1 rating,N/A
CNLMR,NULL,1440868837111,0,Not yet rated,NULL,N/A
CBOE,$63.82,1440868837154,"270,550",Not yet rated,NULL,$60
CNLMW,NULL,1440868837179,0,Not yet rated,NULL,N/A
CDK,$49.69,1440868837242,"401,908",67% bearish,of 3 ratings,$50
CDW,$39.95,1440868837399,"682,521",75% bullish,of 4 ratings,$44
CLDX,$15.36,1440868837535,"795,869",89% bullish,of 9 ratings,$36
CELG,$123.72,1440868837563,"3,113,278",92% bullish,of 13 ratings,$155.50
CECE,$9.72,1440868837638,"43,721",50% bullish,of 2 ratings,$16
CLRB,$3.07,1440868837696,"3,191",100% bearish,of 1 rating,N/A
CELGZ,$1.84,1440868837727,130,80% bullish,of 5 ratings,N/A
CLDN,$1.11,1440868837766,"380,623",71% bullish,of 7 ratings,$3
CPXX,$2.09,1440868837791,"73,775",100% bullish,of 2 ratings,$7
CLRBW,NULL,1440868837825,0,Not yet rated,NULL,N/A
CBMG,$23.56,1440868837966,"38,037",50% bullish,of 2 ratings,N/A
CLSN,$2.06,1440868838090,"73,145",80% bullish,of 10 ratings,$7.50
CLLS,$33.23,1440868838119,"43,557",75% bullish,of 4 ratings,$51.50
CLTX,$2.42,1440868838165,"133,553",100% bullish,of 2 ratings,N/A
CYAD,NULL,1440868838220,0,100% bullish,of 1 rating,$87.50
CETX,$2.36,1440868838303,"4,400",Not yet rated,NULL,$5.60
CEMP,$35.8,1440868838351,"347,148",71% bullish,of 7 ratings,$52
CSFL,$13.59,1440868838434,"87,153",Not yet rated,NULL,$15
CETV,$2.14,1440868838482,"134,612",67% bullish,of 3 ratings,$2.80
CFBK,$1.37,1440868838508,"2,096",Not yet rated,NULL,N/A
CENTA,$12.55,1440868838536,"406,884",Not yet rated,NULL,N/A
CENT,$12.18,1440868838569,"51,466",Not yet rated,NULL,$10
CVCY,$11.26,1440868838670,"19,319",Not yet rated,NULL,$12
CNBKA,$41.6,1440868838696,"1,243",50% bullish,of 2 ratings,N/A
CENX,$5.51,1440868838829,"2,154,129",67% bullish,of 6 ratings,$9
CNTY,$5.65,1440868838854,"30,032",80% bullish,of 5 ratings,$7.75
CPHD,$50.36,1440868839018,"387,374",67% bearish,of 3 ratings,$66.50
CRNT,$1.43,1440868839080,"82,256",50% bullish,of 2 ratings,$2
CERE,$1.14,1440868839111,"230,627",88% bullish,of 8 ratings,N/A
CERU,$3.78,1440868839158,"42,073",75% bullish,of 4 ratings,$15
CERN,$63.13,1440868839214,"1,747,634",67% bullish,of 3 ratings,$79
KOOL,$0.67,1440868839358,"40,840",100% bullish,of 5 ratings,$7
CERS,$4.85,1440868839393,"305,160",75% bullish,of 4 ratings,$7
CYOU,$20.64,1440868839421,"99,352",50% bullish,of 6 ratings,$24
CEVA,$19.13,1440868839462,"98,749",100% bearish,of 1 rating,$25
HOTRW,NULL,1440868839498,0,Not yet rated,NULL,N/A
CTHR,$1.3,1440868839519,"7,326",50% bullish,of 2 ratings,$2.50
HOTR,$1.42,1440868839589,"119,259",100% bullish,of 2 ratings,$5
CHTR,$180.1921,1440868839689,"506,492",100% bearish,of 2 ratings,$196
GTLS,$24.36,1440868839763,"352,866",50% bullish,of 4 ratings,$40
CHFN,$12.38,1440868839898,"17,917",Not yet rated,NULL,$14
CHKP,$78.7204,1440868840003,"690,963",50% bullish,of 4 ratings,$92
CCXI,$6.5,1440868840042,"58,200",67% bullish,of 3 ratings,$14
CHEK,$2.1,1440868840099,"3,047",Not yet rated,NULL,$7.75
CHEKW,NULL,1440868840124,0,Not yet rated,NULL,N/A
CEMI,$4.25,1440868840174,"18,500",50% bullish,of 2 ratings,$7.50
CHFC,$31.4,1440868840281,"83,177",100% bearish,of 1 rating,$36
CHKE,$25.46,1440868840311,"11,637",100% bearish,of 1 rating,$32.50
CHEV,$14.42,1440868840339,"2,230",Not yet rated,NULL,N/A
CHMG,$26.15,1440868840408,520,Not yet rated,NULL,$30
CHMA,$25.42,1440868840471,"56,946",Not yet rated,NULL,$40
CBNK,$16.25,1440868840504,"7,266",100% bearish,of 1 rating,N/A
PLCE,$59.63,1440868840529,"171,366",100% bearish,of 1 rating,$69
CMRX,$50.48,1440868840746,"233,277",50% bullish,of 2 ratings,$57
CAAS,$6.55,1440868840831,"22,438",93% bullish,of 14 ratings,$11.50
CALI,$0.89,1440868840910,"13,298",67% bullish,of 3 ratings,N/A
CBAK,$2.02,1440868840932,"47,677",67% bullish,of 9 ratings,N/A
CADC,NULL,1440868840971,0,78% bullish,of 9 ratings,N/A
JRJC,$3.64,1440868841021,"75,212",82% bullish,of 11 ratings,N/A
CBPO,$99.9369,1440868841151,"135,210",75% bullish,of 8 ratings,$140.50
CCCL,$0.783,1440868841190,"8,319",100% bullish,of 6 ratings,N/A
CCCR,$0.79,1440868841254,"1,440",67% bearish,of 3 ratings,N/A
HGSH,$1.81,1440868841318,"5,114",67% bullish,of 3 ratings,N/A
CNIT,$1.37,1440868841356,"110,498",67% bullish,of 6 ratings,N/A
CJJD,$1.87,1440868841384,"12,291",100% bullish,of 1 rating,N/A
CHLN,$1.99,1440868841409,"5,524",67% bullish,of 3 ratings,N/A
CHOP,$1.16,1440868841436,"3,443",50% bullish,of 2 ratings,N/A
CHNR,$1.57,1440868841710,"4,716",100% bearish,of 1 rating,N/A
CPGI,NULL,1440868841801,0,Not yet rated,NULL,N/A
HTHT,$25.57,1440868841827,"81,705",50% bullish,of 2 ratings,$28.40
CNTF,$0.804,1440868841852,"91,538",Not yet rated,NULL,N/A
CREG,$0.7,1440868841878,"37,457",100% bullish,of 3 ratings,N/A
CSUN,$1.48,1440868842007,"12,166",80% bullish,of 5 ratings,N/A
CXDC,$5.72,1440868842036,"37,730",67% bearish,of 3 ratings,N/A
CNYD,$3.35,1440868842076,"14,299",67% bullish,of 3 ratings,N/A
CCIH,$7.31,1440868842139,"195,215",67% bullish,of 6 ratings,$12.65
CHSCM,$26.12,1440868842208,"14,760",Not yet rated,NULL,N/A
CNET,$0.898,1440868842271,"40,200",50% bullish,of 2 ratings,N/A
CHSCL,$27.01,1440868842306,"14,960",Not yet rated,NULL,N/A
CHSCP,$30.51,1440868842337,"4,500",Not yet rated,NULL,N/A
IMOS,$18.56,1440868842433,"157,340",60% bullish,of 5 ratings,$21.50
CHSCO,$28.31,1440868842483,"2,888",Not yet rated,NULL,N/A
CHSCN,$27.27,1440868842565,"2,175",Not yet rated,NULL,N/A
CHDN,$133.5,1440868842695,"100,896",Not yet rated,NULL,$165
CDTX,$14.67,1440868842801,"15,045",Not yet rated,NULL,$22
CHUY,$31.57,1440868842833,"143,174",50% bullish,of 2 ratings,$34
CTAS,$85.3785,1440868842900,"330,304",100% bearish,of 1 rating,$91
CMCT,$15.3899,1440868842927,200,100% bearish,of 1 rating,N/A
CIFC,$7.04,1440868843006,"4,824",100% bearish,of 1 rating,N/A
CINF,$52.79,1440868843063,"561,411",50% bullish,of 4 ratings,$50.50
CMPR,$73.46,1440868843109,"272,387",50% bullish,of 2 ratings,$72.50
CIDM,$0.5736,1440868843199,"95,380",50% bullish,of 2 ratings,$2.10
CPHR,$5.33,1440868843231,"49,892",100% bearish,of 1 rating,$17
CRUS,$30.21,1440868843304,"732,197",75% bullish,of 12 ratings,$44.50
CSCO,$26.02,1440868843333,"21,265,874",84% bullish,of 209 ratings,$32
CTRN,$26.73,1440868843437,"81,046",100% bearish,of 1 rating,$31.50
CZFC,NULL,1440868843565,0,Not yet rated,NULL,N/A
CIZN,$19.33,1440868843590,"2,439",Not yet rated,NULL,N/A
CZNC,$19.84,1440868843621,"9,181",Not yet rated,NULL,N/A
CZWI,$8.97,1440868843664,974,Not yet rated,NULL,N/A
CTXS,$68.69,1440868843718,"1,229,256",86% bullish,of 7 ratings,$80
CIVB,$10.07,1440868843749,"6,435",Not yet rated,NULL,$11
CHCO,$47.25,1440868843818,"42,647",Not yet rated,NULL,$46
CIVBP,$33.21,1440868843883,353,Not yet rated,NULL,N/A
CDTI,$1.61,1440868843963,"54,168",75% bullish,of 4 ratings,$3.20
CLNE,$5.18,1440868844102,"972,530",80% bullish,of 15 ratings,$9
CLNT,$1.5,1440868844166,"17,654",75% bullish,of 8 ratings,N/A
CLFD,$17.21,1440868844199,"38,655",67% bullish,of 3 ratings,$18
CLRO,$11.51,1440868844227,"4,079",50% bullish,of 2 ratings,$14.25
CLIR,$4.67,1440868844380,"79,948",100% bullish,of 3 ratings,N/A
CBLI,$3.8,1440868844409,"30,681",60% bullish,of 5 ratings,N/A
CLVS,$80.54,1440868844435,"406,345",60% bullish,of 5 ratings,$101.50
CSBK,$13.62,1440868844466,"66,040",Not yet rated,NULL,N/A
CME,$94.62,1440868844563,"1,009,749",67% bullish,of 3 ratings,$102
CMFN,$11.17,1440868844594,"26,820",100% bearish,of 1 rating,$15.50
CISG,$7.81,1440868844696,"67,936",100% bullish,of 5 ratings,$10
CNV,$4.43,1440868844721,"28,444",50% bullish,of 2 ratings,$7.15
CWAY,$11.11,1440868844803,"4,726",Not yet rated,NULL,N/A
CCNE,$16.98,1440868844863,"9,188",50% bullish,of 2 ratings,$21.50
COBZ,$12.84,1440868845029,"40,728",100% bullish,of 1 rating,$14
CDRB,$13.97,1440868845078,"24,525",67% bullish,of 3 ratings,N/A
COKE,$157.56,1440868845131,"23,920",79% bullish,of 19 ratings,N/A
CVLY,$20.32,1440868845157,722,Not yet rated,NULL,N/A
CDXS,$3.8,1440868845187,"19,698",64% bullish,of 11 ratings,$6
JVA,$4.63,1440868845294,"11,572",83% bullish,of 6 ratings,$7
CCOI,$27.46,1440868845319,"445,468",50% bullish,of 4 ratings,$35
CGNX,$35.49,1440868845452,"359,217",50% bullish,of 2 ratings,$47
COHR,$57.83,1440868845527,"78,704",50% bullish,of 2 ratings,$72
COHU,$9.65,1440868845584,"127,716",100% bearish,of 1 rating,$14.25
CGNT,$1.53,1440868845611,"56,889",100% bullish,of 2 ratings,$2
CHRS,$28.98,1440868845632,"79,672",67% bearish,of 3 ratings,$37
CTSH,$63.72,1440868845665,"2,758,536",90% bullish,of 10 ratings,$75
CLRX,$0.54,1440868845800,"44,213",50% bullish,of 2 ratings,N/A
COLL,$15.34,1440868845932,"40,817",100% bearish,of 1 rating,$26
CBAN,$8.75,1440868845966,"1,516",Not yet rated,NULL,N/A
CLCT,$18.27,1440868845993,"26,386",100% bearish,of 1 rating,N/A
CIGI,$43.29,1440868846015,"40,937",100% bearish,of 1 rating,$52
CLCD,$6.63,1440868846184,"68,876",100% bearish,of 1 rating,$20.50
COLB,$30.05,1440868846313,"150,126",Not yet rated,NULL,$36
CMCSA,$56.77,1440868846339,"7,743,132",66% bullish,of 35 ratings,$69.50
COLM,$60.64,1440868846368,"88,479",100% bearish,of 1 rating,$71
CBMX,$1.1,1440868846389,"19,525",83% bullish,of 6 ratings,$3.15
CMCSK,$57.62,1440868846420,"1,941,868",Not yet rated,NULL,$84
CMCO,$18.73,1440868846551,"73,520",60% bullish,of 5 ratings,$28
CBSHP,$25.42,1440868846580,"26,034",100% bearish,of 1 rating,N/A
CBSH,$44.5989,1440868846648,"229,533",50% bullish,of 2 ratings,$46
CUBN,NULL,1440868846708,0,Not yet rated,NULL,N/A
CVGI,$4.96,1440868846742,"43,835",50% bullish,of 2 ratings,$6
COMM,$31.9,1440868846767,"725,355",67% bearish,of 3 ratings,$35
CSAL,$20.6041,1440868846965,"433,349",75% bullish,of 4 ratings,$30
JCS,$8.61,1440868846996,"7,525",67% bullish,of 3 ratings,N/A
CTBI,$34.87,1440868847047,"53,139",Not yet rated,NULL,$36
COB,$10.44,1440868847100,"13,253",100% bullish,of 1 rating,$11.75
CWBC,$6.7,1440868847131,"1,519",Not yet rated,NULL,N/A
ESXB,$5.06,1440868847182,"3,468",Not yet rated,NULL,N/A
CYHHZ,$0.01,1440868847228,"76,000",100% bullish,of 1 rating,N/A
CVLT,$35.7,1440868847282,"499,857",75% bullish,of 4 ratings,$44.50
CIZ,$33.45,1440868847385,"1,507",100% bearish,of 1 rating,N/A
CIL,NULL,1440868847439,0,Not yet rated,NULL,N/A
CID,NULL,1440868847515,0,Not yet rated,NULL,N/A
CSA,NULL,1440868847542,0,Not yet rated,NULL,N/A
CDC,$34.78,1440868847612,"3,743",Not yet rated,NULL,N/A
CFO,$35.63,1440868847749,"150,250",100% bearish,of 1 rating,N/A
CSF,$36.75,1440868847774,"4,489",100% bearish,of 1 rating,N/A
CGEN,$5.2,1440868847852,"49,804",50% bullish,of 2 ratings,$11
CPSI,$45.63,1440868847988,"70,148",100% bearish,of 1 rating,$45.50
CSB,$32.92,1440868848017,200,Not yet rated,NULL,N/A
CDL,NULL,1440868848067,0,Not yet rated,NULL,N/A
SCOR,$53.74,1440868848097,"303,382",100% bearish,of 1 rating,$66
CTG,$6.51,1440868848126,"63,423",100% bearish,of 1 rating,$8.50
CFA,$35.7,1440868848199,900,100% bearish,of 1 rating,N/A
CHCI,$0.65,1440868848258,"20,669",50% bullish,of 2 ratings,N/A
CMTL,$25.29,1440868848331,"132,707",100% bearish,of 2 ratings,$37
CNSI,$18.77,1440868848388,"63,344",100% bearish,of 2 ratings,$29
CNCE,$15.95,1440868848475,"103,480",75% bullish,of 4 ratings,$22
CXRX,$75.05,1440868848569,"5,908",100% bearish,of 1 rating,$90
CNAT,$4.05,1440868848631,"58,100",83% bullish,of 6 ratings,$13
CCUR,$5.46,1440868848658,"80,309",75% bullish,of 4 ratings,N/A
CDOR,$1.35,1440868848714,"4,361",100% bullish,of 1 rating,N/A
CDORO,$18.95,1440868848787,"1,200",100% bearish,of 1 rating,N/A
CFMS,$19.77,1440868848816,"86,468",Not yet rated,NULL,$27
CDORP,$7,1440868848841,400,100% bearish,of 1 rating,N/A
CNMD,$53.23,1440868849069,"80,020",Not yet rated,NULL,$59
CNFR,$10.18,1440868849121,"11,241",Not yet rated,NULL,N/A
CTWS,$34.5,1440868849257,"20,376",100% bearish,of 1 rating,$44
CWCO,$10.94,1440868849289,"91,573",67% bullish,of 3 ratings,$14.50
CONN,$29.44,1440868849312,"528,417",67% bullish,of 3 ratings,$48.50
CNSL,$19.76,1440868849343,"196,877",100% bearish,of 1 rating,$23
CNOB,$19.01,1440868849364,"42,656",100% bullish,of 1 rating,$23.50
CNXR,$6.93,1440868849396,"72,869",100% bearish,of 1 rating,$12
CTCT,$25.04,1440868849530,"195,271",67% bullish,of 3 ratings,$37
CPSS,$5.6,1440868849598,"22,982",100% bullish,of 1 rating,$10
CFRX,$5.08,1440868849619,"7,722",Not yet rated,NULL,$14
CFRXZ,$0.599,1440868849699,600,Not yet rated,NULL,N/A
CFRXW,$1.95,1440868849759,"2,650",100% bearish,of 1 rating,N/A
CTRV,$3.68,1440868849786,"4,034",Not yet rated,NULL,$6.40
CTRL,$8.97,1440868849917,"133,195",50% bullish,of 2 ratings,$11
CRBP,$1.92,1440868849942,"146,083",100% bullish,of 2 ratings,$6.25
CORE,$59.67,1440868850098,"118,215",100% bearish,of 1 rating,$72
CORI,$10.45,1440868850203,"37,147",100% bearish,of 1 rating,$18
CPRT,$34.99,1440868850264,"286,933",67% bearish,of 3 ratings,$40
BVA,$3.75,1440868850333,627,50% bullish,of 2 ratings,N/A
CRVL,$30.91,1440868850359,"28,940",100% bearish,of 1 rating,N/A
COSI,$1.17,1440868850389,"158,610",100% bullish,of 1 rating,N/A
CSOD,$36.17,1440868850433,"273,201",50% bullish,of 2 ratings,$42
CORT,$5.18,1440868850527,"216,538",67% bullish,of 3 ratings,$12
COST,$140.29,1440868850660,"1,445,606",79% bullish,of 24 ratings,$154.50
CSGP,$181.38,1440868850685,"68,173",50% bullish,of 2 ratings,$235
CPAH,$0.4301,1440868850710,"2,700",50% bullish,of 2 ratings,N/A
ICBK,$18.11,1440868850737,228,Not yet rated,NULL,$21
CVTI,$23.51,1440868850975,"93,135",67% bearish,of 3 ratings,$39
COWNL,$26.65,1440868851006,"2,100",Not yet rated,NULL,N/A
COVS,$2.7,1440868851039,"62,906",67% bullish,of 3 ratings,N/A
CRAI,$22.05,1440868851071,"27,938",100% bearish,of 1 rating,$36
CPSH,$2.18,1440868851100,"1,167",Not yet rated,NULL,N/A
COWN,$5.23,1440868851134,"635,563",75% bullish,of 4 ratings,$7
CBRL,$145.82,1440868851176,"142,127",50% bullish,of 2 ratings,$155
GLDI,$11.01,1440868851450,"3,640",100% bearish,of 1 rating,N/A
CACC,$197.5495,1440868851477,"34,208",50% bullish,of 2 ratings,$158.50
SLVO,$10.04,1440868851497,"2,848",100% bearish,of 1 rating,N/A
CRAY,$20.41,1440868851519,"251,324",83% bullish,of 6 ratings,$38.50
BREW,$7.97,1440868851556,"39,101",67% bullish,of 6 ratings,$15
CREE,$26.99,1440868851709,"801,140",65% bullish,of 17 ratings,$29.50
CRTO,$43.1,1440868851789,"295,607",67% bullish,of 6 ratings,$64
CRESY,$10.35,1440868851821,"27,734",100% bearish,of 1 rating,$19
CROX,$14.52,1440868851895,"662,990",63% bullish,of 8 ratings,$16.50
CCRN,$14.14,1440868851923,"142,037",100% bearish,of 1 rating,$14.25
CRWS,$8.07,1440868852053,"4,508",Not yet rated,NULL,$10
CRDS,$1,1440868852079,"42,738",75% bullish,of 4 ratings,$4.50
CRWN,$4.47,1440868852152,"38,249",75% bullish,of 4 ratings,N/A
CYRXW,$0.83,1440868852177,200,Not yet rated,NULL,N/A
CTIC,$1.6,1440868852488,"646,597",84% bullish,of 76 ratings,$5.75
CSGS,$31.14,1440868852517,"222,878",Not yet rated,NULL,$40
CSPI,$5.71,1440868852556,516,67% bullish,of 3 ratings,N/A
CYRX,$2.885,1440868852585,"11,794",Not yet rated,NULL,$9
CTCM,$1.83,1440868852607,"114,360",80% bearish,of 5 ratings,$3.90
CCLP,$15.38,1440868852687,"30,912",67% bearish,of 3 ratings,$20
CTIB,$3.63,1440868852739,"3,890",100% bearish,of 1 rating,N/A
CUNB,$21.18,1440868852887,"14,251",Not yet rated,NULL,$24.50
CUI,$5.32,1440868852922,"29,604",50% bullish,of 2 ratings,$10
CPIX,$6.04,1440868852986,"5,828",Not yet rated,NULL,N/A
CTRP,$71.1413,1440868853012,"1,216,212",75% bullish,of 8 ratings,$93
CMLS,$1.42,1440868853052,"374,324",50% bullish,of 4 ratings,$6
CRIS,$2.59,1440868853143,"166,862",100% bullish,of 8 ratings,$6
CVBF,$16,1440868853287,"493,743",Not yet rated,NULL,$18
CVV,$10.97,1440868853320,"7,294",100% bullish,of 5 ratings,N/A
CUTR,$14.46,1440868853419,"32,831",67% bearish,of 3 ratings,$18
CYBR,$52.4,1440868853447,"680,705",75% bullish,of 8 ratings,$66
CYBE,$6.76,1440868853503,"22,725",100% bearish,of 1 rating,N/A
CYAN,$7.6,1440868853576,"2,172",100% bearish,of 1 rating,N/A
CYBX,$67,1440868853652,"196,566",50% bullish,of 4 ratings,$71.50
CBAY,$2.63,1440868853756,"56,866",100% bullish,of 1 rating,$4
CYCC,$0.55,1440868853784,"63,851",73% bullish,of 11 ratings,N/A
CYCCP,NULL,1440868853809,0,100% bearish,of 1 rating,N/A
CYNO,$31.41,1440868853985,"137,063",67% bearish,of 3 ratings,$45.50
CYRN,$1.7,1440868854011,"29,421",67% bullish,of 3 ratings,$4
CYNA,$16.17,1440868854043,"27,144",50% bullish,of 2 ratings,$31.50
CY,$10.09,1440868854072,"2,674,911",80% bullish,of 10 ratings,$15.50
CONE,$32.3,1440868854223,"247,421",67% bearish,of 3 ratings,$35.50
CYTX,$0.315,1440868854290,"2,360,173",83% bullish,of 12 ratings,$5.50
CTSO,$6.89,1440868854355,"27,244",Not yet rated,NULL,$15.625
CYTK,$7,1440868854432,"180,145",71% bullish,of 14 ratings,$13.50
DAEG,$0.35,1440868854533,"11,063",100% bearish,of 1 rating,N/A
CYTR,$2.39,1440868854598,"318,266",67% bullish,of 6 ratings,$10
TVIX,$13.35,1440868854626,"14,107,659",81% bullish,of 16 ratings,N/A
TVIZ,$19.51,1440868854674,"3,315",100% bearish,of 1 rating,N/A
ZIV,$40.01,1440868854762,"153,112",Not yet rated,NULL,N/A
XIV,$27,1440868854791,"18,307,444",75% bearish,of 4 ratings,N/A
DJCO,$191.42,1440868854816,502,Not yet rated,NULL,N/A
DAKT,$8.64,1440868854895,"421,544",50% bullish,of 2 ratings,$12
DARA,$0.86,1440868855026,"24,822",83% bullish,of 6 ratings,$1.50
DAIO,$2.49,1440868855071,"4,973",Not yet rated,NULL,N/A
DRAM,$1.28,1440868855893,"16,449",78% bullish,of 9 ratings,N/A
DTLK,$5.85,1440868855919,"72,201",100% bearish,of 1 rating,$9
PLAY,$34.43,1440868856110,"121,342",100% bullish,of 5 ratings,$42
DTEA,$13.15,1440868856136,"48,592",100% bearish,of 2 ratings,$24
DWCH,$5.26,1440868856189,"21,471",75% bullish,of 4 ratings,$8.25
DWSN,$4.54,1440868856216,"13,558",67% bullish,of 3 ratings,N/A
DHRM,$1.48,1440868856350,"7,227",Not yet rated,NULL,N/A
DBVT,$41.26,1440868856377,"32,497",100% bearish,of 1 rating,$53
DFRG,$14.59,1440868856402,"99,897",100% bearish,of 1 rating,$20
TRAK,$62.85,1440868856429,"645,671",50% bullish,of 2 ratings,$62.50
TACOW,$4.05,1440868856458,"18,932",100% bullish,of 1 rating,N/A
TACO,$13.1236,1440868856638,"97,042",75% bullish,of 4 ratings,$20
DGAS,$20.12,1440868856681,"3,626",67% bearish,of 3 ratings,N/A
DELT,$2.52,1440868856742,"6,000",Not yet rated,NULL,N/A
DCTH,$0.4003,1440868856770,"122,121",78% bullish,of 9 ratings,N/A
DELTW,NULL,1440868856825,0,Not yet rated,NULL,N/A
DENN,$11.48,1440868856873,"411,859",100% bullish,of 3 ratings,$15
XRAY,$53.26,1440868857004,"455,198",100% bullish,of 1 rating,$58
DERM,$27.24,1440868857150,"101,807",100% bearish,of 1 rating,$33.50
DEST,$11.13,1440868857200,"20,183",50% bullish,of 2 ratings,N/A
DSCI,$5.93,1440868857301,"30,721",50% bullish,of 2 ratings,$16
DXLG,$5.62,1440868857333,"88,393",100% bearish,of 1 rating,$8
DEPO,$28.38,1440868857360,"492,842",60% bullish,of 5 ratings,$29
DXM,$0.26,1440868857437,"140,456",50% bullish,of 2 ratings,N/A
DHXM,$6.82,1440868857462,"1,035",Not yet rated,NULL,N/A
DXCM,$94.3009,1440868857489,"601,324",57% bullish,of 7 ratings,$98
DSWL,$1.71,1440868857514,"4,300",100% bullish,of 1 rating,N/A
DHIL,$194.72,1440868857644,"3,494",Not yet rated,NULL,N/A
DRNA,$11.13,1440868857839,"76,464",67% bearish,of 3 ratings,$25
DMND,$29.77,1440868857864,"137,181",75% bullish,of 12 ratings,$32
DCIX,$1.74,1440868857943,"50,106",50% bullish,of 4 ratings,$3.50
FANG,$66.56,1440868858014,"945,281",50% bullish,of 2 ratings,$86.50
DGII,$10.06,1440868858100,"88,413",100% bearish,of 1 rating,$10
DMRC,$37.81,1440868858158,"119,126",100% bearish,of 1 rating,$44
DRAD,$3.7,1440868858190,"14,268",100% bullish,of 1 rating,$5.25
APPS,$2.43,1440868858339,"110,613",100% bearish,of 1 rating,$10.25
DISCK,$25.71,1440868858482,"1,450,570",100% bearish,of 1 rating,$32
DCOM,$17.01,1440868858510,"121,317",100% bearish,of 2 ratings,$16.50
DGLY,$8.6,1440868858541,"110,448",50% bullish,of 6 ratings,$20
DPRX,$13.52,1440868858566,"8,669",100% bullish,of 2 ratings,$27.75
DIOD,$19.93,1440868858642,"100,117",75% bearish,of 4 ratings,$24
DSCO,$0.42,1440868858729,"233,070",83% bullish,of 6 ratings,$2.75
DISCA,$27.1127,1440868858756,"1,476,936",67% bullish,of 3 ratings,$34
DISCB,NULL,1440868858782,0,100% bearish,of 1 rating,$35
DVCR,$10.8,1440868858909,"5,362",100% bullish,of 1 rating,N/A
BAGR,$2.77,1440868858942,"10,502",100% bearish,of 1 rating,$6
DISH,$59.62,1440868859037,"664,919",69% bullish,of 13 ratings,$73
DLHC,$2.45,1440868859062,"2,228",100% bearish,of 1 rating,N/A
DNBF,$25.76,1440868859230,408,Not yet rated,NULL,$27.50
DGICA,$14.27,1440868859261,"10,088",100% bearish,of 1 rating,$17
DLTR,$76.7377,1440868859312,"1,695,005",82% bullish,of 11 ratings,$88
DGICB,NULL,1440868859339,0,100% bearish,of 1 rating,N/A
DORM,$50.42,1440868859365,"213,968",100% bearish,of 1 rating,$56
HILL,$9.665,1440868859497,"1,225,949",60% bearish,of 5 ratings,$9.75
DRWI,$0.21,1440868859524,"608,108",60% bullish,of 5 ratings,$.45
DMLP,$14.39,1440868859553,"9,844",100% bearish,of 1 rating,N/A
DWA,$20.29,1440868859578,"780,239",63% bullish,of 8 ratings,$26
DRYS,$0.44,1440868859733,"3,465,209",77% bullish,of 31 ratings,$.60
DSPG,$8.55,1440868859787,"86,341",100% bearish,of 1 rating,$13.50
DRWIW,$0.04,1440868859819,318,Not yet rated,NULL,N/A
DSKX,$3.25,1440868859840,"269,494",100% bullish,of 1 rating,N/A
CADT,NULL,1440868859921,0,Not yet rated,NULL,N/A
CADTW,NULL,1440868860102,0,Not yet rated,NULL,N/A
CADTR,NULL,1440868860187,0,Not yet rated,NULL,N/A
DNKN,$51.69,1440868860214,"615,001",67% bullish,of 15 ratings,$56.50
DTSI,$27.07,1440868860243,"64,293",100% bearish,of 2 ratings,$39.50
CADTU,NULL,1440868860263,0,Not yet rated,NULL,N/A
DRRX,$2.1,1440868860393,"174,261",50% bullish,of 6 ratings,$3
DXPE,$28.01,1440868860435,"198,401",50% bullish,of 2 ratings,N/A
DYAX,$23.69,1440868860484,"450,638",89% bullish,of 9 ratings,$30
BOOM,$10.64,1440868860524,"121,109",67% bullish,of 3 ratings,$12
DYSL,$1.44,1440868860575,"9,241",100% bullish,of 2 ratings,N/A
DYNT,$3,1440868860704,"2,521",75% bullish,of 4 ratings,N/A
DVAX,$29.76,1440868860730,"286,822",70% bullish,of 10 ratings,$40
ETFC,$26.53,1440868860757,"1,656,489",57% bullish,of 14 ratings,$32.50
EBMT,$11.54,1440868860932,"1,076",Not yet rated,NULL,$13.50
EGBN,$41.91,1440868861015,"45,548",Not yet rated,NULL,$48
EGLE,$6.51,1440868861043,"44,799",60% bullish,of 5 ratings,N/A
EGRX,$83.67,1440868861087,"183,576",67% bullish,of 3 ratings,$97
EROC,$1.54,1440868861145,"321,569",50% bullish,of 2 ratings,$3
ELNK,$8.45,1440868861248,"507,260",60% bullish,of 5 ratings,$9.50
EACQU,NULL,1440868861378,0,Not yet rated,NULL,N/A
EML,$16.47,1440868861416,"7,046",Not yet rated,NULL,N/A
EWBC,$40.36,1440868861470,"524,091",100% bearish,of 1 rating,$50
ELON,$0.5649,1440868861506,"28,406",50% bullish,of 2 ratings,N/A
EBIX,$28.21,1440868861536,"195,546",69% bullish,of 13 ratings,$40
EBAY,$27.25,1440868861635,"6,618,106",81% bullish,of 117 ratings,$34
EVBS,$6.6,1440868861718,"16,168",Not yet rated,NULL,$7
ECHO,$23.01,1440868861848,"541,539",67% bearish,of 3 ratings,$35.50
SATS,$44.59,1440868861873,"56,536",50% bullish,of 2 ratings,$60
ECTE,$1.46,1440868861903,"3,701",75% bullish,of 4 ratings,N/A
ECACU,$10.1,1440868861932,"3,602",Not yet rated,NULL,N/A
EEI,$11.15,1440868862031,"3,106",67% bearish,of 3 ratings,N/A
EDAP,$3.6,1440868862212,"25,350",60% bullish,of 5 ratings,$4.50
ESES,$3.22,1440868862242,"2,164",100% bearish,of 1 rating,$7
EDGW,$7.01,1440868862263,"10,591",100% bearish,of 1 rating,N/A
EDUC,$5.55,1440868862292,"21,651",100% bearish,of 1 rating,N/A
EFUT,$4.63,1440868862425,700,Not yet rated,NULL,N/A
EGAN,$3.64,1440868862491,"7,806",50% bullish,of 2 ratings,$6.25
LOCO,$13.72,1440868862655,"1,206,901",77% bullish,of 13 ratings,$20
ESLT,$76.65,1440868862696,"2,915",67% bullish,of 3 ratings,N/A
ERI,$9.7,1440868862758,"144,246",100% bearish,of 1 rating,$10
ESIO,$4.43,1440868863069,"140,353",50% bullish,of 2 ratings,$10
EMITF,$1.18,1440868863171,"3,474",75% bullish,of 4 ratings,N/A
EFII,$44.09,1440868863200,"127,147",80% bullish,of 5 ratings,$55
EA,$67.91,1440868863274,"2,056,941",77% bullish,of 35 ratings,$80
EGLT,$10.66,1440868863331,"20,932",50% bullish,of 2 ratings,$21
EHTH,$14.1,1440868863379,"168,301",50% bullish,of 4 ratings,$16.50
ELECU,NULL,1440868863582,0,Not yet rated,NULL,N/A
ELRC,$10.71,1440868863611,"16,406",100% bearish,of 1 rating,N/A
ELECW,NULL,1440868863712,0,Not yet rated,NULL,N/A
RDEN,$10.95,1440868863738,"74,308",100% bearish,of 4 ratings,$15
ELEC,NULL,1440868863766,0,Not yet rated,NULL,N/A
ESBK,$19.66,1440868863869,423,Not yet rated,NULL,N/A
LONG,$17.04,1440868863968,"9,996",67% bullish,of 3 ratings,$15.75
CAPX,$22.93,1440868863999,"13,900",Not yet rated,NULL,N/A
EBIO,$3.55,1440868864026,"154,084",100% bearish,of 2 ratings,$8.35
ELSE,$3.9999,1440868864100,500,60% bullish,of 5 ratings,N/A
ELTK,$1.34,1440868864176,"144,213",67% bearish,of 3 ratings,N/A
EMCF,$23.06,1440868864231,100,100% bearish,of 1 rating,N/A
EMCI,$23.2,1440868864258,"15,362",Not yet rated,NULL,N/A
EMKR,$7.06,1440868864510,"65,081",75% bullish,of 4 ratings,$8.50
ECPG,$40.13,1440868864555,"153,412",100% bullish,of 2 ratings,$52
EMMS,$1.12,1440868864648,"136,017",83% bullish,of 6 ratings,N/A
ENTA,$41.18,1440868864675,"122,390",50% bullish,of 2 ratings,$42
NYNY,$4.37,1440868864697,"30,167",50% bullish,of 2 ratings,N/A
EMMSP,$3,1440868864725,200,100% bearish,of 1 rating,N/A
ERS,$2.83,1440868864755,"6,582",Not yet rated,NULL,N/A
ENDP,$78.7,1440868864855,"843,248",50% bullish,of 6 ratings,$104
WIRE,$31.67,1440868864884,"90,127",100% bearish,of 1 rating,$37
EIGI,$15.55,1440868864989,"197,582",67% bearish,of 3 ratings,$22.50
EFOI,$22,1440868865019,"907,367",50% bullish,of 2 ratings,$20.50
ECYT,$5.28,1440868865056,"159,581",83% bullish,of 6 ratings,$12
ELGX,$13.04,1440868865084,"310,868",75% bullish,of 4 ratings,$17
WATT,$6.99,1440868865152,"124,032",50% bullish,of 2 ratings,$13
ERII,$2.69,1440868865252,"49,581",80% bullish,of 5 ratings,$2.50
ENOC,$9.35,1440868865418,"300,726",75% bullish,of 4 ratings,$18
ENG,$1,1440868865502,"10,728",100% bullish,of 3 ratings,N/A
ESGR,$146.02,1440868865551,"29,141",100% bearish,of 1 rating,$185
EXXI,$1.83,1440868865576,"2,134,615",86% bullish,of 7 ratings,$3.50
ENPH,$4.58,1440868865779,"408,795",75% bullish,of 4 ratings,$11
ENTG,$13.7,1440868865807,"498,237",100% bearish,of 1 rating,$18
EGT,$2.14,1440868865943,"13,092",100% bullish,of 1 rating,N/A
EBTC,$21.14,1440868865994,"4,216",Not yet rated,NULL,N/A
ENTL,$22.19,1440868866044,"11,224",Not yet rated,NULL,$28
EFSC,$23.84,1440868866122,"31,437",Not yet rated,NULL,$27
ETRM,$0.27,1440868866175,"540,107",69% bearish,of 35 ratings,$1.625
ENVI,$1.85,1440868866204,"22,541",67% bullish,of 3 ratings,N/A
ENFC,$17.63,1440868866232,"14,896",Not yet rated,NULL,N/A
ENZN,$1.05,1440868866307,"191,259",100% bullish,of 9 ratings,N/A
EPRS,$5.3,1440868866457,"65,326",82% bullish,of 11 ratings,$15
EPZM,$20.1,1440868866695,"274,818",60% bullish,of 5 ratings,$34
EPIQ,$12.94,1440868866728,"95,473",100% bearish,of 1 rating,$18
EQIX,$268.78,1440868866749,"317,195",75% bullish,of 4 ratings,$312.50
PLUS,$76.75,1440868866801,"44,219",50% bullish,of 2 ratings,$88
EQFN,NULL,1440868866825,0,100% bearish,of 1 rating,N/A
ENZY,$9.69,1440868866880,"20,091",67% bullish,of 3 ratings,$9.50
EAC,$3.37,1440868866906,"4,106",100% bearish,of 1 rating,$8
ERIC,$9.95,1440868866979,"1,517,001",67% bullish,of 9 ratings,$12.20
ERIE,$82.6965,1440868867039,"23,830",Not yet rated,NULL,$73
ESCRP,$1.15,1440868867182,"3,261",100% bearish,of 1 rating,N/A
ESCA,$18,1440868867211,"15,345",100% bearish,of 1 rating,$22
ESPR,$52.27,1440868867235,"597,174",70% bearish,of 10 ratings,$123
ESCR,$0.12,1440868867339,"313,269",50% bullish,of 2 ratings,N/A
ESMC,$1.31,1440868867369,"1,148",Not yet rated,NULL,N/A
ESSA,$12.81,1440868867396,"2,219",100% bearish,of 1 rating,N/A
EPIX,NULL,1440868867617,0,Not yet rated,NULL,N/A
ESND,$34.46,1440868867668,"110,118",100% bearish,of 2 ratings,$40
ESSX,$0.4461,1440868867819,"121,833",50% bullish,of 2 ratings,N/A
ETSY,$14.82,1440868867862,"411,302",80% bullish,of 5 ratings,$16
EVEP,$8.27,1440868867954,"378,682",50% bullish,of 2 ratings,$15
ESEA,$5.37,1440868868017,"3,809",100% bullish,of 1 rating,$15
CLWT,NULL,1440868868055,0,100% bullish,of 1 rating,N/A
EVK,$3.75,1440868868119,267,75% bearish,of 4 ratings,N/A
EVLV,$2.68,1440868868188,"224,794",60% bullish,of 5 ratings,$5.125
EXA,$11.19,1440868868279,"12,872",100% bearish,of 1 rating,$13
EVOL,$5.98,1440868868311,"4,531",75% bullish,of 4 ratings,$10
EVOK,$3.75,1440868868412,"45,220",100% bearish,of 1 rating,$13.375
EXEL,$6.06,1440868868441,"3,042,838",81% bullish,of 16 ratings,$6
EXAS,$22.34,1440868868466,"466,825",78% bullish,of 9 ratings,$31
EXAC,$18.64,1440868868602,"19,525",100% bearish,of 1 rating,$22.50
EXFO,$2.74,1440868868708,"3,109",67% bearish,of 3 ratings,$3.95
EEFT,$65.62,1440868868733,"156,788",100% bearish,of 1 rating,$67.50
EXPD,$49.66,1440868868864,"1,275,347",80% bullish,of 5 ratings,$52
EXPE,$116.5217,1440868868890,"591,733",64% bullish,of 11 ratings,$130
EXLP,$20.8232,1440868869019,"166,876",100% bearish,of 1 rating,$25
EXPO,$42.71,1440868869064,"77,752",100% bearish,of 1 rating,$45.50
EXLS,$36.47,1440868869114,"100,676",50% bullish,of 2 ratings,$41
ESRX,$84.46,1440868869198,"2,106,762",67% bearish,of 6 ratings,$101
EZCH,$22.5819,1440868869230,"100,750",75% bullish,of 8 ratings,$19.50
EXTR,$2.85,1440868869251,"441,776",80% bullish,of 5 ratings,$3
EYEG,$3.63,1440868869283,"8,530",Not yet rated,NULL,N/A
EYEGW,NULL,1440868869304,0,Not yet rated,NULL,N/A
FFIV,$122.97,1440868869571,"535,549",63% bullish,of 8 ratings,$132
FCS,$13.71,1440868869614,"593,435",67% bearish,of 3 ratings,$17
FB,$90.997,1440868869640,"21,405,623",73% bullish,of 1070 ratings,$111
EZPW,$5.83,1440868869715,"233,828",50% bullish,of 4 ratings,$7.50
FALC,$1.76,1440868869775,"108,050",63% bearish,of 8 ratings,N/A
FRP,$16.22,1440868869848,"95,097",100% bearish,of 1 rating,$18
DAVE,$15.36,1440868869901,"17,244",100% bearish,of 1 rating,$15.50
FMNB,$8.27,1440868870001,"9,733",Not yet rated,NULL,N/A
FWM,$2.25,1440868870029,"117,046",100% bearish,of 2 ratings,$3.20
FFKT,$25.89,1440868870059,"7,909",Not yet rated,NULL,$29
FARM,$22.94,1440868870088,"20,353",100% bearish,of 1 rating,$35
FATE,$7.21,1440868870118,"24,853",50% bullish,of 2 ratings,$11
FAST,$38.69,1440868870258,"1,512,410",80% bullish,of 5 ratings,$45.50
FARO,$38.01,1440868870283,"102,628",50% bullish,of 2 ratings,$48
FBSS,$15.29,1440868870308,200,Not yet rated,NULL,N/A
FBRC,$22.28,1440868870436,"11,421",100% bearish,of 1 rating,$29
FEIC,$75.72,1440868870600,"219,243",50% bullish,of 2 ratings,$95.50
FENX,$9.97,1440868870631,"142,317",100% bullish,of 1 rating,$14.25
FDML,$8.72,1440868870660,"236,899",50% bullish,of 4 ratings,$14
FCSC,$5.74,1440868870681,"84,641",100% bearish,of 1 rating,$8.125
FNHC,$21.79,1440868870736,"82,959",100% bearish,of 1 rating,$35
FHCO,$1.37,1440868870842,"24,116",50% bullish,of 4 ratings,N/A
FGEN,$25,1440868870891,"155,438",100% bearish,of 1 rating,$39
FDUS,$14.64,1440868870975,"23,047",50% bullish,of 2 ratings,$18
ONEQ,$189.9,1440868871001,"11,934",100% bullish,of 1 rating,N/A
FRGI,$52.21,1440868871022,"105,363",50% bullish,of 2 ratings,$70
FSAM,$8.19,1440868871070,"11,024",100% bearish,of 1 rating,$10.25
LION,$19.23,1440868871214,"74,002",100% bullish,of 1 rating,$20
FSCFL,$24.65,1440868871298,"6,848",Not yet rated,NULL,N/A
FSFR,$8.89,1440868871382,"67,547",100% bearish,of 1 rating,$11.50
FSC,$6.45,1440868871428,"607,315",60% bullish,of 5 ratings,$8
FITB,$19.97,1440868871453,"3,708,357",54% bullish,of 13 ratings,$22
FITBI,$27.525,1440868871477,"34,706",Not yet rated,NULL,N/A
FNJN,$1.9,1440868871611,"33,173",100% bearish,of 1 rating,$5
FNGN,$33.23,1440868871642,"176,570",67% bullish,of 3 ratings,$47
FISI,$24.52,1440868871749,"15,149",100% bullish,of 2 ratings,$24.50
FNTCW,NULL,1440868871826,0,Not yet rated,NULL,N/A
FNSR,$15.77,1440868871855,"515,888",71% bullish,of 7 ratings,$24.50
FEYE,$39.23,1440868871880,"2,069,894",87% bullish,of 15 ratings,$55.50
FNTC,NULL,1440868871905,0,Not yet rated,NULL,N/A
FNTCU,NULL,1440868871937,0,Not yet rated,NULL,N/A
FBNC,$16.95,1440868872042,"17,226",100% bullish,of 1 rating,$20
FRBA,$6.08,1440868872210,"1,488",Not yet rated,NULL,$8
FBIZ,$44.1,1440868872238,"28,261",100% bearish,of 2 ratings,$52
FNLC,$18.73,1440868872267,"10,936",100% bullish,of 1 rating,N/A
FCAP,$26.77,1440868872293,402,Not yet rated,NULL,N/A
BUSE,$6.36,1440868872365,"86,619",Not yet rated,NULL,$6.875
FCFS,$39.83,1440868872546,"154,214",100% bearish,of 3 ratings,$48
FCNCA,$238.6,1440868872672,"15,051",Not yet rated,NULL,N/A
FCLF,$9.05,1440868872704,"1,666",Not yet rated,NULL,N/A
FCVA,$4.61,1440868872732,351,Not yet rated,NULL,N/A
FCBC,$17.49,1440868872753,"17,432",Not yet rated,NULL,$18
FCCO,$12,1440868872782,"2,065",Not yet rated,NULL,$13.25
FDEF,$37.44,1440868872943,"34,556",Not yet rated,NULL,$38
FBNK,$17.21,1440868873002,"22,827",100% bearish,of 1 rating,$17.50
FFNM,$6.19,1440868873075,"1,344",Not yet rated,NULL,N/A
FCFP,$6.94,1440868873104,"3,000",Not yet rated,NULL,N/A
FFBC,$18.28,1440868873207,"149,353",67% bearish,of 3 ratings,$20.25
FFIN,$30.67,1440868873337,"141,387",50% bullish,of 2 ratings,$31.75
FFNW,$12.06,1440868873407,"10,423",Not yet rated,NULL,$14
THFF,$32.94,1440868873432,"24,402",Not yet rated,NULL,$35
FFBCW,NULL,1440868873571,0,100% bearish,of 1 rating,N/A
FFWM,$21.37,1440868873603,"22,466",Not yet rated,NULL,$24
FMBH,NULL,1440868873675,0,Not yet rated,NULL,N/A
FIBK,$26.22,1440868873700,"81,866",Not yet rated,NULL,$32
FRME,$25.92,1440868873747,"130,285",Not yet rated,NULL,$26.50
INBK,$30.15,1440868873777,"10,430",50% bullish,of 2 ratings,$37
FNBC,$34.63,1440868873876,"63,076",Not yet rated,NULL,$40
FMBI,$17.43,1440868873963,"263,235",Not yet rated,NULL,$20
FNFG,$9.1568,1440868874026,"1,157,000",80% bullish,of 5 ratings,$9
FSFG,$30.07,1440868874166,71,Not yet rated,NULL,N/A
FNWB,$11.85,1440868874227,"10,217",Not yet rated,NULL,N/A
FBZ,$10.144,1440868874388,600,Not yet rated,NULL,N/A
FSLR,$47.8,1440868874417,"1,195,799",72% bullish,of 39 ratings,$65
FSBK,$7.82,1440868874517,"5,412",100% bullish,of 1 rating,N/A
FSGI,$2.47,1440868874560,"12,130",Not yet rated,NULL,N/A
BICK,$19.69,1440868874587,"1,428",100% bullish,of 1 rating,N/A
FCAN,$24.6,1440868874613,"6,052",Not yet rated,NULL,N/A
FTCS,$36.63,1440868874648,"18,232",100% bearish,of 1 rating,N/A
FCA,$20.44,1440868874678,"2,300",Not yet rated,NULL,N/A
FV,$23.71,1440868874742,"1,935,175",100% bearish,of 1 rating,N/A
IFV,$17.88,1440868874783,"555,778",100% bearish,of 1 rating,N/A
FEMB,NULL,1440868874946,0,Not yet rated,NULL,N/A
FTSM,$59.85,1440868874975,"7,169",100% bearish,of 1 rating,N/A
FEUZ,$31.5,1440868875078,"1,405",Not yet rated,NULL,N/A
MDIV,$19.23,1440868875235,"128,525",Not yet rated,NULL,N/A
TDIV,$24.9,1440868875296,"74,537",100% bearish,of 1 rating,N/A
FTGC,$22.39,1440868875324,"76,491",Not yet rated,NULL,N/A
FGM,$35.58,1440868875378,"2,324",Not yet rated,NULL,N/A
FHK,$33.3,1440868875429,"2,363",Not yet rated,NULL,N/A
YDIV,$16.5742,1440868875486,"3,515",Not yet rated,NULL,N/A
FTHI,$19.5399,1440868875560,640,Not yet rated,NULL,N/A
HYLS,$49.53,1440868875616,"35,104",100% bearish,of 1 rating,N/A
FPXI,$27.29,1440868875644,500,Not yet rated,NULL,N/A
SKYY,$29.18,1440868875665,"46,046",100% bullish,of 1 rating,N/A
CU,$13.21,1440868875723,"7,015",100% bearish,of 1 rating,N/A
FJP,$47.81,1440868875824,"59,841",Not yet rated,NULL,N/A
FMB,$51.23,1440868876123,415,Not yet rated,NULL,N/A
QCLN,$15.18,1440868876151,"16,517",Not yet rated,NULL,N/A
GRID,$33.09,1440868876180,705,100% bearish,of 1 rating,N/A
FTLB,$19.3188,1440868876209,"3,260",100% bearish,of 1 rating,N/A
PLTM,$6.38,1440868876283,"6,702",100% bearish,of 1 rating,N/A
LMBS,$49.77,1440868876308,"5,298",Not yet rated,NULL,N/A
QABA,$37.18,1440868876379,"8,586",100% bearish,of 1 rating,N/A
CIBR,$18.04,1440868876441,"51,388",Not yet rated,NULL,N/A
FONE,$35.29,1440868876482,950,Not yet rated,NULL,N/A
CARZ,$35.05,1440868876528,"1,904",100% bearish,of 1 rating,N/A
QQEW,$42.1,1440868876553,"52,287",Not yet rated,NULL,N/A
RDVY,$21.17,1440868876626,"2,849",Not yet rated,NULL,N/A
QQXT,$40.74,1440868876683,"18,704",Not yet rated,NULL,N/A
QTEC,$40.33,1440868876766,"26,311",Not yet rated,NULL,N/A
AIRR,$16.4,1440868876866,"2,252",100% bearish,of 1 rating,N/A
QINC,$20.2999,1440868876893,663,Not yet rated,NULL,N/A
FDIV,$46.09,1440868877081,302,100% bearish,of 1 rating,N/A
FUNC,$8.12,1440868877217,"2,091",Not yet rated,NULL,N/A
FKO,NULL,1440868877247,0,Not yet rated,NULL,N/A
FSZ,$39.19,1440868877268,"3,866",Not yet rated,NULL,N/A
TUSA,$25.08,1440868877296,300,Not yet rated,NULL,N/A
FTW,$31.91,1440868877329,230,Not yet rated,NULL,N/A
FTSL,$48.74,1440868877350,"110,156",100% bearish,of 1 rating,N/A
FKU,$41.82,1440868877430,"5,183",Not yet rated,NULL,N/A
SVVC,$9.43,1440868877483,"11,779",50% bullish,of 2 ratings,$26
FSV,$31.41,1440868877613,"12,183",Not yet rated,NULL,$33.60
FMER,$17.81,1440868877644,"731,124",50% bullish,of 2 ratings,$20
FIVE,$38.5,1440868877665,"860,602",75% bearish,of 4 ratings,$44
FISV,$86.78,1440868877754,"802,788",100% bearish,of 3 ratings,$90
FPRX,$19.37,1440868877827,"177,840",50% bullish,of 2 ratings,$35
FIVN,$4.03,1440868877959,"81,303",100% bullish,of 1 rating,$8.50
FLKS,$12.41,1440868877985,"26,992",50% bullish,of 2 ratings,$27
FLML,$21.9746,1440868878017,"90,829",50% bullish,of 2 ratings,$30
MBSD,$25.02,1440868878118,"14,451",Not yet rated,NULL,N/A
SKOR,$50.3,1440868878142,"2,349",Not yet rated,NULL,N/A
FLXN,$25.29,1440868878272,"49,036",100% bearish,of 1 rating,$40
FLIR,$28.57,1440868878298,"1,032,100",100% bearish,of 1 rating,$38.50
FLXS,$32.15,1440868878327,"13,502",100% bearish,of 2 ratings,N/A
FFIC,$19.73,1440868878427,"77,431",Not yet rated,NULL,$21
FLEX,$10.6,1440868878473,"1,115,185",63% bullish,of 8 ratings,$12
FLDM,$11.7,1440868878498,"260,257",67% bearish,of 3 ratings,$15
FOMX,$10.18,1440868878559,"82,757",50% bullish,of 2 ratings,$23.50
FONR,$9.7,1440868878697,"6,716",100% bullish,of 1 rating,N/A
FOGO,$19.23,1440868878724,"34,672",50% bullish,of 2 ratings,$25.50
FORM,$6.53,1440868878870,"253,899",67% bullish,of 3 ratings,$10.50
FORR,$31.88,1440868878900,"18,396",Not yet rated,NULL,N/A
FES,$0.9409,1440868878927,"94,182",50% bullish,of 2 ratings,$1
FTNT,$42.96,1440868878954,"603,333",80% bullish,of 10 ratings,$52
FORTY,$30.33,1440868879007,"1,000",100% bearish,of 1 rating,N/A
FORD,$1.66,1440868879086,"1,753,015",67% bullish,of 3 ratings,N/A
FBIO,$2.88,1440868879318,"79,815",83% bullish,of 6 ratings,N/A
FOSL,$61.6,1440868879345,"709,887",60% bearish,of 5 ratings,$80
FWP,$27.02,1440868879378,"15,503",100% bearish,of 1 rating,$45
FMI,$23.8,1440868879420,"312,031",100% bearish,of 2 ratings,$27.50
FXCB,$17.02,1440868879482,"34,723",Not yet rated,NULL,$19
FOXF,$15.18,1440868879509,"24,155",100% bearish,of 1 rating,$19
FWRD,$45.16,1440868879531,"186,984",100% bearish,of 1 rating,$50
FRAN,$11.17,1440868879760,"366,392",50% bullish,of 4 ratings,$15
FREE,$0.378,1440868879811,"370,595",92% bullish,of 12 ratings,N/A
FRED,$13.06,1440868879840,"248,657",50% bullish,of 2 ratings,$16
RAIL,$20.73,1440868879861,"70,803",100% bearish,of 1 rating,$24.50
FEIM,$11,1440868879920,"3,049",100% bearish,of 1 rating,N/A
FELE,$29.23,1440868879991,"216,658",50% bullish,of 4 ratings,$33
FTR,$5.08,1440868880089,"11,162,934",78% bullish,of 27 ratings,$6.25
FTRPR,$100.8,1440868880155,"53,474",100% bearish,of 1 rating,N/A
FRPH,$31.17,1440868880225,"5,010",100% bearish,of 1 rating,N/A
FRPT,$13.06,1440868880250,"298,368",67% bearish,of 3 ratings,$23.50
FSBW,$23.2,1440868880294,991,Not yet rated,NULL,N/A
FSYS,$6.63,1440868880324,"30,772",67% bullish,of 3 ratings,$10
FTD,$29.27,1440868880382,"102,153",100% bearish,of 1 rating,$40
FCEL,$0.8,1440868880553,"1,501,071",88% bullish,of 41 ratings,$2.65
FULL,$3.1,1440868880634,"30,227",67% bearish,of 3 ratings,$4.25
FTEK,$2.04,1440868880659,"51,368",75% bullish,of 4 ratings,N/A
FULLL,$24.9101,1440868880715,200,Not yet rated,NULL,N/A
FSNN,$2.18,1440868880861,"1,562",67% bullish,of 3 ratings,$6
FULT,$12.08,1440868880923,"624,848",100% bearish,of 1 rating,$13
FFHL,$1.05,1440868880989,"18,397",50% bullish,of 4 ratings,N/A
FLL,$1.51,1440868881026,"10,264",75% bullish,of 4 ratings,$3.50
FXEN,$0.87,1440868881055,"69,159",75% bullish,of 4 ratings,$1.10
GK,$67.55,1440868881125,"59,942",Not yet rated,NULL,$78
WILC,$4.97,1440868881158,"6,120",100% bullish,of 2 ratings,N/A
FXENP,$15.76,1440868881179,"1,000",100% bearish,of 1 rating,N/A
GAIA,$5.9,1440868881312,"7,898",50% bullish,of 2 ratings,$8.50
GLPG,$60.49,1440868881338,"13,297",100% bullish,of 1 rating,$75
GALT,$1.96,1440868881391,"30,257",80% bullish,of 5 ratings,N/A
GALTU,NULL,1440868881471,0,100% bearish,of 1 rating,N/A
GALTW,NULL,1440868881609,0,100% bullish,of 1 rating,N/A
GALE,$1.5,1440868881646,"789,696",89% bullish,of 47 ratings,$4
GGAC,$9.89,1440868881716,"10,419",100% bearish,of 1 rating,N/A
GLPI,$31.5863,1440868881741,"324,483",100% bearish,of 1 rating,$37.50
GLMD,$8.81,1440868881776,"11,506",67% bullish,of 3 ratings,$20.50
GRMN,$37.99,1440868881805,"966,815",50% bullish,of 6 ratings,$46.50
GGACR,$0.3,1440868881834,"49,683",100% bullish,of 1 rating,N/A
GPIC,$9.64,1440868881935,710,100% bearish,of 1 rating,N/A
GGACW,$0.14,1440868882039,"11,300",Not yet rated,NULL,N/A
GGACU,$10.27,1440868882098,"22,044",Not yet rated,NULL,N/A
GENC,$9.16,1440868882171,"11,573",100% bearish,of 1 rating,N/A
GARS,$14.21,1440868882230,"22,022",Not yet rated,NULL,$16
GNCMA,$16.99,1440868882254,"119,943",100% bearish,of 1 rating,$12
GNMK,$10.02,1440868882447,"195,594",67% bullish,of 6 ratings,$14
GFNCP,$93.89,1440868882472,350,Not yet rated,NULL,N/A
GFN,$3.95,1440868882501,"17,699",100% bearish,of 2 ratings,$8
GENE,$2.29,1440868882531,"182,762",100% bullish,of 12 ratings,N/A
GNCA,$12.21,1440868882600,"103,358",100% bearish,of 1 rating,$20
GHDX,$27.75,1440868882630,"193,234",50% bullish,of 2 ratings,$30
GFNSL,$25.6,1440868882703,700,Not yet rated,NULL,N/A
THRM,$46.44,1440868882765,"366,550",75% bearish,of 4 ratings,$55.50
GNTX,$15.53,1440868882840,"1,032,543",Not yet rated,NULL,$20
GNVC,$2.51,1440868882918,"10,917",90% bullish,of 10 ratings,$8.50
GTWN,NULL,1440868882988,0,Not yet rated,NULL,N/A
GEOS,$16.71,1440868883119,"121,126",100% bearish,of 3 ratings,$21
GIII,$68.14,1440868883322,"175,109",67% bullish,of 3 ratings,$75
GERN,$3.23,1440868883360,"1,137,894",88% bullish,of 16 ratings,$5.25
GABC,$29,1440868883394,"15,081",Not yet rated,NULL,$31
GEVO,$2.33,1440868883422,"332,274",75% bullish,of 12 ratings,$5
GILT,$4.3001,1440868883447,"1,700",50% bullish,of 2 ratings,N/A
ROCK,$16.51,1440868883487,"136,353",80% bullish,of 5 ratings,$24
GIGA,$1.42,1440868883513,"2,675",100% bearish,of 1 rating,N/A
GIGM,$0.5201,1440868883555,"76,762",100% bullish,of 2 ratings,N/A
GILD,$107.7,1440868883652,"5,969,671",91% bullish,of 87 ratings,$129
GLAD,$8.8,1440868883788,"171,130",50% bullish,of 2 ratings,$8.75
GLADO,$25.59,1440868883815,"1,700",Not yet rated,NULL,N/A
GOOD,$14.64,1440868883841,"72,029",Not yet rated,NULL,$19
GBCI,$25.66,1440868883866,"245,507",50% bullish,of 2 ratings,$31
GAINN,$25.01,1440868884154,"56,593",Not yet rated,NULL,N/A
GOODO,$25,1440868884215,30,Not yet rated,NULL,N/A
GAINP,$25.9,1440868884261,620,Not yet rated,NULL,N/A
GOODN,$25.407,1440868884286,400,Not yet rated,NULL,N/A
GAINO,$25.1728,1440868884314,490,Not yet rated,NULL,N/A
GOODP,NULL,1440868884344,0,Not yet rated,NULL,N/A
GAIN,$7.47,1440868884370,"107,125",100% bullish,of 2 ratings,$8.25
LAND,$9.16,1440868884450,"48,601",50% bullish,of 2 ratings,$13.75
GLBZ,NULL,1440868884586,0,Not yet rated,NULL,N/A
GBT,$44,1440868884613,"73,758",100% bearish,of 1 rating,N/A
GDEF,$10.53,1440868884637,600,Not yet rated,NULL,N/A
ENT,$11.77,1440868884667,"71,245",100% bearish,of 1 rating,$18
GBLI,$26.99,1440868884829,"11,669",Not yet rated,NULL,N/A
GPACU,NULL,1440868884894,0,Not yet rated,NULL,N/A
ACTX,NULL,1440868884921,0,100% bullish,of 1 rating,N/A
GSOL,$8.0275,1440868884955,"18,239",100% bearish,of 1 rating,N/A
QQQC,$19.67,1440868885051,"3,061",100% bearish,of 1 rating,N/A
SOCL,$17.82,1440868885076,"24,218",100% bullish,of 2 ratings,N/A
ALTY,$14.44,1440868885120,600,Not yet rated,NULL,N/A
SRET,$13.25,1440868885363,"1,014",Not yet rated,NULL,N/A
YLCO,$11.95,1440868885423,"1,396",Not yet rated,NULL,N/A
GLRI,$1.01,1440868885449,"23,180",100% bearish,of 1 rating,$4.25
GLBS,NULL,1440868885478,0,67% bullish,of 3 ratings,N/A
GBIM,$2.29,1440868885499,"19,199",50% bullish,of 2 ratings,N/A
GSM,$13.47,1440868885532,"403,698",50% bullish,of 2 ratings,$22
GAI,$5.9,1440868885553,"1,400",50% bullish,of 2 ratings,N/A
GOGO,$15.67,1440868885900,"431,299",80% bullish,of 5 ratings,$25
GLNG,$38.2739,1440868885932,"963,948",83% bullish,of 6 ratings,$58
GMLP,$18.86,1440868885961,"223,814",50% bullish,of 4 ratings,$32.50
GLYC,$7.05,1440868885991,"16,674",50% bullish,of 2 ratings,$14
GDEN,$8.96,1440868886030,"13,852",50% bullish,of 2 ratings,N/A
GLUU,$4.53,1440868886059,"786,373",92% bullish,of 26 ratings,$9
GOGL,$3.14,1440868886087,"220,227",75% bullish,of 4 ratings,$5
GLDC,$4,1440868886165,"5,513",50% bullish,of 2 ratings,N/A
GOOG,$632.69,1440868886325,"1,043,468",89% bullish,of 70 ratings,$825
GPRO,$48.18,1440868886353,"3,256,396",78% bullish,of 58 ratings,$72
GTIM,$7.03,1440868886380,"31,867",Not yet rated,NULL,$11.50
GOOGL,$659.9999,1440868886434,"1,027,271",88% bullish,of 1082 ratings,$749
GPIA,$9.84,1440868886462,190,Not yet rated,NULL,N/A
GBDC,$16.66,1440868886597,"111,261",Not yet rated,NULL,$17.75
GMAN,$3.73,1440868886629,"210,604",60% bullish,of 5 ratings,$8.50
GPIAW,NULL,1440868886766,0,Not yet rated,NULL,N/A
GPIAU,NULL,1440868886818,0,Not yet rated,NULL,N/A
LOPE,$37.48,1440868886964,"89,001",100% bearish,of 2 ratings,$50
GRVY,$3.16,1440868887064,125,50% bullish,of 2 ratings,N/A
GBSN,$0.38,1440868887093,"4,057,047",50% bullish,of 2 ratings,$8.25
GLDD,$5.42,1440868887121,"86,319",100% bearish,of 4 ratings,$7.75
GNBC,$11.86,1440868887151,"12,906",100% bearish,of 1 rating,$16.50
GRBK,$11.95,1440868887194,"113,049",77% bullish,of 13 ratings,N/A
GSBC,$39.87,1440868887252,"19,620",100% bullish,of 1 rating,$44
GBSNU,NULL,1440868887274,0,NULL,NULL,NULL
GPP,$13.7,1440868887329,"33,561",Not yet rated,NULL,$20.50
GCBC,NULL,1440868887490,0,100% bullish,of 1 rating,N/A
GLRE,$24.99,1440868887532,"161,684",50% bullish,of 2 ratings,$41
GPRE,$20.55,1440868887598,"1,091,427",67% bullish,of 6 ratings,$28.50
GRIF,$32.61,1440868887728,308,100% bearish,of 1 rating,N/A
GRFS,$30.5748,1440868887753,"206,103",50% bullish,of 2 ratings,$35
GSIT,$4.62,1440868887888,"8,389",100% bearish,of 1 rating,N/A
GRPN,$4.6,1440868887934,"5,953,989",61% bullish,of 71 ratings,$6.75
OMAB,$40.81,1440868887959,"12,578",100% bullish,of 1 rating,$44
GGAL,$19.4858,1440868887989,"118,461",80% bullish,of 5 ratings,$40
GSIG,$12.99,1440868888018,"26,470",100% bearish,of 2 ratings,N/A
GSVC,$8.72,1440868888123,"82,010",50% bullish,of 2 ratings,$14.50
GTXI,$0.874,1440868888148,"20,930",100% bullish,of 5 ratings,$.75
GBNK,$15.79,1440868888176,"18,291",100% bearish,of 1 rating,$18
GUID,$7.28,1440868888314,"42,026",100% bearish,of 3 ratings,$10
GULTU,$0.3001,1440868888388,"1,330,535",100% bearish,of 1 rating,N/A
GFED,$14.67,1440868888450,779,Not yet rated,NULL,$17
GPOR,$35.04,1440868888554,"1,494,164",75% bullish,of 4 ratings,$55
GIFI,$12.46,1440868888580,"46,325",100% bearish,of 1 rating,$16
GURE,$1.67,1440868888611,"85,776",88% bullish,of 8 ratings,N/A
GWPH,$109.33,1440868888711,"112,738",78% bullish,of 9 ratings,$148.50
GYRO,$2.84,1440868888753,"6,150",100% bearish,of 1 rating,N/A
GWGH,$7.74,1440868888881,"1,171",100% bearish,of 1 rating,$15.05
HLG,$9.5,1440868888908,"2,247",100% bearish,of 1 rating,N/A
HALO,$18.41,1440868889037,"771,518",67% bullish,of 3 ratings,$22.50
HALL,$11.41,1440868889089,"17,778",Not yet rated,NULL,N/A
HNRG,$7.69,1440868889117,"67,708",100% bearish,of 1 rating,$10
HEES,$18.69,1440868889190,"314,064",67% bearish,of 3 ratings,$31
HMPR,$1.87,1440868889247,"27,659",100% bullish,of 1 rating,N/A
HBHCL,$24.39,1440868889385,"26,203",Not yet rated,NULL,N/A
HBK,$13.67,1440868889513,713,50% bullish,of 2 ratings,N/A
HNH,$25.45,1440868889562,"17,110",100% bullish,of 1 rating,N/A
HBHC,$27.4,1440868889593,"558,474",50% bullish,of 2 ratings,$30
HQCL,$12.9,1440868889619,"30,828",67% bullish,of 3 ratings,$14
HNSN,$0.56,1440868889695,"56,801",88% bullish,of 8 ratings,$.40
HDNG,$10.04,1440868889916,"11,625",50% bullish,of 4 ratings,N/A
HLIT,$5.79,1440868889952,"246,263",100% bearish,of 1 rating,$6.50
HRMNU,NULL,1440868889982,0,Not yet rated,NULL,N/A
HAFC,$23.98,1440868890015,"109,880",100% bullish,of 2 ratings,$28.50
HART,$1.04,1440868890042,"103,690",100% bearish,of 1 rating,N/A
HRMNW,NULL,1440868890069,0,Not yet rated,NULL,N/A
HRMN,NULL,1440868890101,0,Not yet rated,NULL,N/A
TINY,$2.48,1440868890198,"19,385",50% bullish,of 2 ratings,$5.26
HBIO,$4.28,1440868890350,"35,954",100% bearish,of 1 rating,$10
HCAP,$12.15,1440868890397,"4,513",50% bullish,of 2 ratings,$15
HCAPL,$25.7399,1440868890488,400,Not yet rated,NULL,N/A
HAS,$75.51,1440868890514,"715,928",63% bullish,of 8 ratings,$84.50
HCOM,$21.82,1440868890593,"31,985",100% bearish,of 1 rating,$28
HA,$22.91,1440868890669,"540,918",67% bullish,of 9 ratings,$27
HIIQ,$5.17,1440868890730,"32,371",50% bullish,of 2 ratings,$7
HWBK,$13.24,1440868890772,100,100% bearish,of 1 rating,N/A
HWKN,$37.33,1440868890796,"28,446",Not yet rated,NULL,N/A
HAYN,$38.31,1440868890826,"42,900",100% bearish,of 1 rating,$59
HDS,$33.233,1440868890857,"1,196,925",100% bearish,of 2 ratings,$39.50
HCSG,$33.32,1440868890956,"191,852",50% bullish,of 4 ratings,$35
HWAY,$11.95,1440868891089,"278,697",100% bearish,of 1 rating,$15
HQY,$29.51,1440868891146,"115,451",67% bullish,of 3 ratings,$32
HSTM,$25.36,1440868891189,"85,370",50% bullish,of 2 ratings,$33.75
HTWR,$86.25,1440868891543,"147,034",50% bullish,of 2 ratings,$103
HTLD,$20.55,1440868891682,"341,001",Not yet rated,NULL,$22.50
HTBX,$5.16,1440868891719,"3,070",50% bullish,of 2 ratings,$15.50
HTLF,$35.88,1440868891747,"18,551",100% bullish,of 1 rating,$39.50
HELE,$85.56,1440868891768,"103,241",67% bearish,of 3 ratings,$100
HCACU,$9.98,1440868891801,"100,000",Not yet rated,NULL,N/A
HSII,$19.62,1440868891823,"52,553",100% bullish,of 3 ratings,$25
HSIC,$139.4,1440868891900,"342,416",83% bullish,of 6 ratings,$146
HNNA,$24.865,1440868891960,"10,548",Not yet rated,NULL,N/A
HERO,NULL,1440868892259,0,NULL,NULL,NULL
HMNY,$2.19,1440868892390,300,100% bearish,of 1 rating,N/A
HFWA,$17.59,1440868892474,"71,544",100% bullish,of 1 rating,$20
HMTV,$13.72,1440868892579,"12,932",100% bearish,of 1 rating,$16
HTBK,$10.63,1440868892718,"33,812",Not yet rated,NULL,$12
HEOP,$7.66,1440868892862,"15,820",Not yet rated,NULL,$8.50
HCCI,$11.25,1440868892913,"42,055",100% bearish,of 1 rating,$16.50
MLHR,$26.99,1440868892968,"310,038",50% bullish,of 2 ratings,$33.50
HFFC,$15.77,1440868893067,"5,478",Not yet rated,NULL,N/A
HSKA,$33.74,1440868893094,"20,659",100% bearish,of 1 rating,$38
HRTX,$35.46,1440868893149,"219,447",67% bullish,of 6 ratings,$41
HPJ,$2.21,1440868893359,"29,621",75% bullish,of 4 ratings,$12.43
HIHO,$3.81,1440868893412,"6,096",Not yet rated,NULL,N/A
HIBB,$38.87,1440868893463,"223,423",100% bearish,of 1 rating,$46.50
HIMX,$6.906,1440868893690,"915,996",86% bullish,of 21 ratings,$8.50
HMNF,$11.32,1440868893866,"2,016",Not yet rated,NULL,N/A
HSGX,$6.05,1440868893928,"3,574",100% bearish,of 1 rating,$17
HOLI,$17.78,1440868894483,"94,603",50% bullish,of 4 ratings,$27
HIFS,$115.91,1440868894626,"1,151",Not yet rated,NULL,N/A
HMSY,$10.47,1440868894685,"809,768",67% bullish,of 3 ratings,$19.35
HFBL,$21.62,1440868895862,536,Not yet rated,NULL,N/A
AWAY,$29.19,1440868895887,"431,994",67% bullish,of 3 ratings,$36
HOLX,$39.76,1440868896076,"1,449,945",67% bullish,of 3 ratings,$42
HMIN,$26.7,1440868896102,"59,584",100% bearish,of 2 ratings,$35
HBCP,$24.71,1440868896129,"2,436",Not yet rated,NULL,$29
HMST,$21.84,1440868896150,"74,855",100% bullish,of 2 ratings,$27
HOMB,$37.97,1440868896187,"222,036",Not yet rated,NULL,$42
HTBI,$18.18,1440868896283,"26,626",67% bullish,of 3 ratings,$18.625
HKTV,$4.76,1440868896330,200,100% bearish,of 1 rating,N/A
HFBC,$11.22,1440868896355,"3,150",Not yet rated,NULL,N/A
HOFT,$23.78,1440868896869,"18,879",100% bearish,of 1 rating,N/A
CETC,$0.76,1440868896974,"165,443",86% bullish,of 7 ratings,N/A
HZNP,$30.48,1440868897010,"1,069,487",85% bullish,of 20 ratings,$40
ZINC,$7.85,1440868897184,"597,280",100% bearish,of 1 rating,$17
HBNC,$23.57,1440868897271,"12,027",100% bullish,of 1 rating,$27
HRZN,$10.33,1440868897330,"33,944",50% bullish,of 2 ratings,$14.25
HDP,$24.18,1440868897363,"194,225",67% bearish,of 3 ratings,$30.50
HOVNP,$4.54,1440868897389,"1,000",100% bearish,of 1 rating,N/A
HWCC,$7.5,1440868897429,"82,097",100% bearish,of 1 rating,$9
HMHC,$22.7,1440868897467,"467,940",Not yet rated,NULL,$27
HSNI,$62.38,1440868897707,"170,632",Not yet rated,NULL,$80
HCBK,$9.36,1440868897771,"1,263,712",83% bullish,of 6 ratings,$8.61
HTGM,$5.69,1440868897797,"4,024",100% bearish,of 1 rating,$19.50
HUBG,$37.06,1440868897820,"387,683",100% bearish,of 1 rating,$43
HBMD,$14.24,1440868897856,809,100% bearish,of 1 rating,N/A
HSON,$2.55,1440868897877,"22,082",100% bearish,of 1 rating,$5
HDSN,$3.11,1440868897959,"27,087",100% bullish,of 1 rating,$6.25
HBAN,$10.91,1440868898221,"5,203,375",76% bullish,of 17 ratings,$12.29
HBANP,NULL,1440868898246,0,100% bearish,of 1 rating,N/A
HBP,$3.11,1440868898275,"3,775",100% bullish,of 1 rating,N/A
HTCH,$1.56,1440868898301,"94,983",100% bearish,of 1 rating,$3.50
HURN,$73.36,1440868898322,"75,680",50% bullish,of 2 ratings,$80
HURC,$30.35,1440868898376,"11,794",100% bearish,of 1 rating,N/A
HDRAR,NULL,1440868898754,0,Not yet rated,NULL,N/A
HDRAU,NULL,1440868898969,0,Not yet rated,NULL,N/A
HDRA,NULL,1440868898993,0,Not yet rated,NULL,N/A
HDRAW,NULL,1440868899152,0,Not yet rated,NULL,N/A
HYGS,$9.55,1440868899244,"29,871",50% bullish,of 2 ratings,$13
IACI,$71.44,1440868899378,"445,254",75% bullish,of 4 ratings,$90
IDSY,$3.91,1440868899438,"6,108",100% bearish,of 1 rating,$7
IBKC,$60.36,1440868899824,"111,938",100% bullish,of 1 rating,$70
ICAD,$3.9,1440868899849,"83,344",100% bullish,of 2 ratings,$7.25
IKGH,$1.8,1440868899878,"10,231",75% bullish,of 4 ratings,N/A
ICUI,$113.92,1440868899988,"46,176",Not yet rated,NULL,$122
ICON,$13.52,1440868900095,"466,663",50% bullish,of 2 ratings,$18.50
ICFI,$34.04,1440868900127,"48,356",50% bullish,of 2 ratings,$48.50
ICLR,$77.9507,1440868900196,"266,641",100% bearish,of 3 ratings,$85
IEP,$74.24,1440868900267,"59,662",75% bullish,of 4 ratings,$99
IPWR,$7.28,1440868900296,"4,444",100% bullish,of 1 rating,$15
IDRA,$2.94,1440868900349,"601,938",89% bullish,of 9 ratings,$6.50
INVE,$4.4,1440868900400,"78,490",75% bullish,of 4 ratings,$4
IDXX,$73.21,1440868900482,"346,348",100% bearish,of 1 rating,$77
DSKY,$10.9914,1440868900510,"128,718",67% bullish,of 6 ratings,$11.50
IRG,$4.78,1440868900741,"23,310",100% bearish,of 1 rating,$4.25
IROQ,$16.7,1440868900787,300,100% bullish,of 1 rating,N/A
RXDX,$13.82,1440868900842,"155,513",100% bullish,of 1 rating,$20
IIVI,$16.89,1440868900871,"155,141",100% bearish,of 1 rating,$22
KANG,$15.8182,1440868900938,"226,303",50% bullish,of 2 ratings,$22.55
IKAN,$2.72,1440868901000,"4,738",83% bullish,of 6 ratings,$5
IKNX,NULL,1440868901024,0,100% bearish,of 1 rating,N/A
ILMN,$201.49,1440868901239,"782,267",80% bullish,of 5 ratings,$245
ISNS,$4,1440868901655,"15,572",50% bullish,of 2 ratings,N/A
ICCC,$7.21,1440868901683,"13,479",100% bullish,of 1 rating,N/A
IMDZ,$16.61,1440868901757,"27,500",100% bearish,of 1 rating,$33
IMMR,$11.81,1440868901864,"72,756",80% bullish,of 5 ratings,$15.50
IMGN,$14.28,1440868901907,"955,380",75% bullish,of 4 ratings,$17.50
IMNP,$1.36,1440868901933,"30,681",50% bullish,of 2 ratings,$6
IMMU,$2.16,1440868901954,"704,998",86% bullish,of 7 ratings,$2
IPXL,$42.4,1440868902572,"457,825",67% bullish,of 3 ratings,$46.50
IDSA,$3.6,1440868902742,"2,730",Not yet rated,NULL,N/A
INDB,$44.5,1440868902783,"202,363",Not yet rated,NULL,$44
IMMY,$7.69,1440868902814,"4,471",100% bearish,of 1 rating,$11
INCR,$42.01,1440868902872,"221,716",50% bullish,of 2 ratings,$53
INCY,$120.44,1440868902900,"1,092,792",50% bullish,of 6 ratings,$125.50
INFN,$22.29,1440868902926,"1,022,680",71% bullish,of 7 ratings,$28
IBCP,$14.16,1440868902951,"93,148",100% bullish,of 1 rating,$14.50
SAAS,$7.64,1440868903002,"242,260",50% bullish,of 2 ratings,$15
IBTX,$41.49,1440868903228,"14,876",100% bullish,of 2 ratings,$47.25
INWK,$7.09,1440868903305,"56,331",50% bullish,of 2 ratings,$10
IPCC,$77.31,1440868903334,"22,807",Not yet rated,NULL,$77.50
III,$3.89,1440868903356,"95,856",57% bullish,of 7 ratings,$6
INFI,$9.28,1440868903388,"337,361",50% bullish,of 4 ratings,$18
IMKTA,$50.28,1440868903522,"51,886",100% bearish,of 1 rating,N/A
IFON,$1.21,1440868903551,"24,493",75% bullish,of 4 ratings,N/A
INOD,$2.38,1440868903697,"4,694",100% bearish,of 1 rating,N/A
INNL,$12.78,1440868903725,"1,348",100% bearish,of 1 rating,$16.50
ISSC,$2.78,1440868903901,"4,200",67% bearish,of 3 ratings,N/A
IPHS,$48.24,1440868903952,"75,518",100% bearish,of 1 rating,$60
INGN,$49.78,1440868904032,"219,266",100% bearish,of 1 rating,$50.50
NSIT,$25.8,1440868904064,"111,626",50% bullish,of 2 ratings,N/A
ITEK,$12.15,1440868904086,"249,011",100% bearish,of 3 ratings,$20
INOV,$21.73,1440868904115,"735,420",100% bearish,of 1 rating,$33
INO,$7.75,1440868904161,"1,636,416",89% bullish,of 18 ratings,$20
IOSP,$48.17,1440868904291,"185,737",100% bearish,of 1 rating,N/A
ISIG,$2.71,1440868904326,"10,879",100% bearish,of 1 rating,N/A
PODD,$29.71,1440868904382,"209,947",67% bearish,of 3 ratings,$35
INSM,$25.69,1440868904424,"271,347",71% bullish,of 7 ratings,$31.50
IIIN,$17.07,1440868904479,"16,380",100% bearish,of 2 ratings,N/A
INSY,$33.83,1440868904610,"270,702",75% bullish,of 4 ratings,$48
IESC,$7.02,1440868904752,"2,580",100% bearish,of 1 rating,N/A
IART,$60.79,1440868904777,"177,967",100% bearish,of 2 ratings,$71.50
NTEC,$5.75,1440868904801,"8,105",100% bearish,of 1 rating,N/A
IDTI,$19.09,1440868904826,"1,457,438",60% bullish,of 5 ratings,$25
INTC,$28.41,1440868905056,"25,692,266",82% bullish,of 238 ratings,$36
IQNT,$18.59,1440868905096,"151,264",86% bullish,of 7 ratings,$20
IPAR,$25.63,1440868905124,"79,920",67% bullish,of 3 ratings,$38
IPCI,$2.31,1440868905150,"76,615",67% bullish,of 6 ratings,$8
ISSI,$21.94,1440868905182,"133,663",67% bullish,of 3 ratings,$19.75
IBKR,$40.2881,1440868905233,"605,394",100% bullish,of 1 rating,N/A
ININ,$36.15,1440868905254,"85,150",67% bearish,of 3 ratings,$57
ICPT,$189.4643,1440868905434,"96,157",70% bullish,of 10 ratings,$359.50
ICLD,$1.85,1440868905498,"103,348",75% bullish,of 4 ratings,N/A
IDCC,$48,1440868905525,"175,555",80% bullish,of 5 ratings,$63
ICLDW,NULL,1440868905692,0,100% bearish,of 1 rating,N/A
IMI,$2.13,1440868905720,"10,493",67% bullish,of 3 ratings,$2.22
TILE,$23.94,1440868905797,"431,058",100% bearish,of 3 ratings,$27
IBOC,$25.15,1440868905881,"154,160",100% bearish,of 1 rating,N/A
IGLD,$6.97,1440868905909,400,50% bullish,of 2 ratings,N/A
ISCA,$31.97,1440868905938,"101,605",100% bearish,of 1 rating,N/A
INAP,$8.05,1440868905963,"239,819",75% bullish,of 4 ratings,$11
INPH,$0.32,1440868906037,"162,928",50% bullish,of 2 ratings,N/A
PTNT,$2.91,1440868906124,"2,723",Not yet rated,NULL,N/A
IIJI,$10,1440868906194,40,50% bullish,of 2 ratings,$11.50
XENT,$25.35,1440868906222,"141,556",50% bullish,of 2 ratings,$36.50
ISIL,$10.61,1440868906263,"483,071",50% bullish,of 6 ratings,$15
INTX,$2.03,1440868906351,"97,223",67% bullish,of 3 ratings,N/A
IILG,$19.97,1440868906563,"103,268",100% bearish,of 1 rating,$29
INTL,$25.81,1440868906598,"62,769",67% bearish,of 3 ratings,N/A
ITCI,$26.96,1440868906619,"275,633",75% bearish,of 4 ratings,$40
INTLL,$26.09,1440868906698,850,Not yet rated,NULL,N/A
IIN,$6.39,1440868906723,"2,100",100% bearish,of 1 rating,$12
INVT,$0.303,1440868906899,"213,959",67% bullish,of 3 ratings,N/A
IVAC,$4.86,1440868906924,"23,655",100% bearish,of 1 rating,$6.625
ISRG,$514.24,1440868906957,"95,903",67% bullish,of 3 ratings,$600
INTU,$86.21,1440868906983,"1,895,063",86% bullish,of 7 ratings,$107.50
ISTR,$15.6,1440868907012,841,100% bearish,of 1 rating,$18.50
SNAK,$8.68,1440868907051,"102,749",50% bullish,of 2 ratings,$14
ITIC,$71.15,1440868907119,"1,300",100% bearish,of 2 ratings,N/A
ISBC,$11.75,1440868907180,"972,204",100% bullish,of 1 rating,$13.25
NVIV,$9.66,1440868907225,"133,271",50% bullish,of 4 ratings,$24.50
IVTY,$14.61,1440868907406,"17,056",Not yet rated,NULL,$18
IPAS,$1.09,1440868907438,"49,183",67% bullish,of 3 ratings,N/A
DTUL,NULL,1440868907538,0,Not yet rated,NULL,N/A
IPCM,$79.44,1440868907563,"119,808",50% bullish,of 2 ratings,$80.125
IPGP,$85.88,1440868907588,"250,042",100% bearish,of 2 ratings,$109.50
DFVL,NULL,1440868907733,0,Not yet rated,NULL,N/A
IRDM,$7.18,1440868907765,"400,499",60% bullish,of 5 ratings,$11.50
IRIX,$6.89,1440868907835,"7,546",100% bearish,of 1 rating,N/A
IRBT,$29.29,1440868907864,"166,490",67% bullish,of 6 ratings,$37
IRWD,$11.27,1440868907891,"1,082,384",100% bearish,of 1 rating,$13
IRMD,$25.04,1440868907919,"11,245",67% bearish,of 3 ratings,$25
IRDMB,$279.5,1440868907949,320,67% bearish,of 3 ratings,N/A
COMT,$33.62,1440868908077,"23,140",100% bearish,of 1 rating,N/A
IRCP,NULL,1440868908167,0,100% bullish,of 2 ratings,N/A
GNMA,$50.32,1440868908271,"3,187",Not yet rated,NULL,N/A
FCHI,NULL,1440868908339,0,NULL,NULL,NULL
IFAS,NULL,1440868908397,0,NULL,NULL,NULL
IFEU,$37.74,1440868908484,"4,879",Not yet rated,NULL,N/A
IFNA,NULL,1440868908512,0,NULL,NULL,NULL
IFGL,$28.61,1440868908543,"191,698",Not yet rated,NULL,N/A
ACWI,$56.3,1440868908612,"1,578,362",Not yet rated,NULL,N/A
ACWX,$41.04,1440868908675,"692,879",100% bearish,of 1 rating,N/A
AXJS,NULL,1440868908821,0,NULL,NULL,NULL
EEMA,$50.47,1440868908855,"37,087",Not yet rated,NULL,N/A
EMDI,NULL,1440868908882,0,NULL,NULL,NULL
AAIT,NULL,1440868908900,0,NULL,NULL,NULL
AAXJ,$53.8559,1440868908957,"3,183,887",Not yet rated,NULL,N/A
EEME,NULL,1440868908980,0,NULL,NULL,NULL
EMEY,NULL,1440868909121,0,NULL,NULL,NULL
EGRW,NULL,1440868909252,0,NULL,NULL,NULL
EVAL,NULL,1440868909311,0,NULL,NULL,NULL
EEML,$27.61,1440868909387,"9,700",Not yet rated,NULL,N/A
EUFN,$21.85,1440868909417,"73,493",100% bearish,of 1 rating,N/A
IEUS,$45.4,1440868909443,"5,456",100% bearish,of 1 rating,N/A
UAE,$18.63,1440868909519,"11,900",Not yet rated,NULL,N/A
QAT,$21.6,1440868909590,600,Not yet rated,NULL,N/A
IBB,$353.28,1440868909662,"853,689",63% bullish,of 8 ratings,N/A
EMIF,$28.87,1440868909722,"8,923",Not yet rated,NULL,N/A
WOOD,$48.3,1440868909807,"23,260",50% bullish,of 2 ratings,N/A
ICLN,$9.6,1440868909855,"14,518",50% bullish,of 2 ratings,N/A
INDY,$27.63,1440868909880,"140,732",50% bullish,of 2 ratings,N/A
IGOV,$90.85,1440868909936,"16,643",100% bearish,of 1 rating,N/A
SOXX,$83.25,1440868909964,"380,264",50% bullish,of 2 ratings,N/A
ISHG,$79.35,1440868910095,"9,098",100% bearish,of 1 rating,N/A
ISIS,$51.5999,1440868910145,"782,005",53% bullish,of 15 ratings,$67
ISRL,$131.04,1440868910299,465,100% bearish,of 1 rating,N/A
ITRI,$30.03,1440868910324,"194,687",100% bearish,of 1 rating,$37
XXIA,$15.17,1440868910468,"472,050",71% bullish,of 7 ratings,$14.625
ITUS,$4.03,1440868910502,"7,850",Not yet rated,NULL,N/A
IXYS,$11.14,1440868910533,"103,762",50% bullish,of 4 ratings,N/A
ISLE,$17.63,1440868910562,"140,146",50% bullish,of 4 ratings,$16
ITRN,$24.11,1440868910634,"1,416",50% bullish,of 2 ratings,N/A
JJSF,$114.72,1440868910660,"29,311",100% bearish,of 1 rating,N/A
JCOM,$69.71,1440868910793,"185,842",100% bullish,of 2 ratings,$77
MAYS,$55.95,1440868910830,100,Not yet rated,NULL,N/A
JACK,$81.77,1440868910937,"189,732",83% bullish,of 6 ratings,$105
JKHY,$68.7938,1440868911045,"214,469",50% bullish,of 2 ratings,$72
JASO,$7.9,1440868911071,"747,475",82% bullish,of 17 ratings,$10
JXSB,NULL,1440868911151,0,Not yet rated,NULL,N/A
JBHT,$73.51,1440868911201,"554,190",50% bullish,of 4 ratings,$89.50
JAKK,$9.42,1440868911329,"492,606",60% bearish,of 5 ratings,$11
JAXB,$13.31,1440868911358,90,100% bullish,of 1 rating,N/A
JAGX,$3.44,1440868911423,"8,574",Not yet rated,NULL,N/A
JRVR,$26.79,1440868911457,"37,791",Not yet rated,NULL,$32
JMBA,$13.95,1440868911510,"91,223",75% bullish,of 4 ratings,$18
JASN,$4.93,1440868911601,"23,503",50% bullish,of 2 ratings,$9.50
ERW,NULL,1440868911708,0,Not yet rated,NULL,N/A
JAZZ,$171.501,1440868911742,"167,566",80% bullish,of 15 ratings,$206.50
JBLU,$22.25,1440868911844,"2,629,199",94% bullish,of 18 ratings,$27
JD,$26.77,1440868911882,"4,905,314",75% bullish,of 16 ratings,$36
JASNW,NULL,1440868911903,0,50% bullish,of 2 ratings,N/A
JCTCF,NULL,1440868911998,0,100% bullish,of 1 rating,N/A
JTPY,$2.95,1440868912026,100,100% bearish,of 1 rating,N/A
DATE,$5.92,1440868912133,"93,636",75% bullish,of 4 ratings,$9
JST,$3.98,1440868912180,"7,252",75% bullish,of 4 ratings,N/A
WYIGU,$10.2,1440868912277,6,Not yet rated,NULL,N/A
JOEZ,$0.17,1440868912307,"97,593",92% bullish,of 12 ratings,N/A
JIVE,$4.51,1440868912367,"258,687",75% bullish,of 4 ratings,$5
JBSS,$54.48,1440868912438,"71,680",67% bearish,of 3 ratings,N/A
JOUT,$23.41,1440868912474,"5,196",100% bearish,of 1 rating,$34
JNP,$10.93,1440868912579,"25,559",100% bullish,of 3 ratings,$15
JUNO,$38.06,1440868912605,"681,045",73% bullish,of 11 ratings,$71.50
KALU,$83.24,1440868912737,"129,573",67% bearish,of 3 ratings,$91
KTWO,$21.65,1440868912818,"84,969",100% bearish,of 1 rating,$28.50
KBIO,$2.01,1440868912864,"19,373",50% bullish,of 4 ratings,N/A
KMDA,$3.48,1440868912889,"19,288",50% bullish,of 2 ratings,$8
KCLI,$46.85,1440868912950,"26,651",Not yet rated,NULL,N/A
KNDI,$6.72,1440868913083,"254,671",86% bullish,of 22 ratings,N/A
