Symbol,Price,Date,Volume,Rating,RatingVoteCount,OneYearEstimate
TFSCU,$10.32,1441386907544,400,Not yet rated,NULL,N/A
TFSCW,$0.28,1441386907713,120,100% bearish,of 1 rating,N/A
TFSCR,NULL,1441386907743,0,Not yet rated,NULL,N/A
PIH,$7.52,1441386907817,"1,900",100% bearish,of 1 rating,N/A
FCCY,NULL,1441386907848,0,100% bullish,of 1 rating,$13
FLWS,$8.74,1441386907874,"120,432",80% bullish,of 5 ratings,$15
FCTY,NULL,1441386907950,0,100% bullish,of 1 rating,$8.50
VNET,$18,1441386908252,"115,701",60% bullish,of 5 ratings,$35
DGLD,$83.87,1441386908282,"7,422",100% bullish,of 1 rating,N/A
SRCE,$29.68,1441386908303,"15,200",100% bullish,of 3 ratings,$33
TWOU,$34.88,1441386908383,"68,233",50% bullish,of 2 ratings,$39
DSLV,$69.4201,1441386908434,"6,270",100% bearish,of 1 rating,N/A
UGLD,$8.94,1441386908515,"98,424",100% bearish,of 1 rating,N/A
USLV,$12.473,1441386908732,"161,444",86% bullish,of 7 ratings,N/A
TFSC,$9.7989,1441386909319,300,100% bearish,of 1 rating,N/A
JOBS,$26.01,1441386909978,"42,078",50% bullish,of 4 ratings,$36
AVHI,$13.55,1441386911362,"163,527",100% bearish,of 1 rating,$19
CAFD,$15,1441386911387,"153,427",Not yet rated,NULL,$24.50
SHLM,$32.655,1441386911412,"34,149",100% bearish,of 1 rating,$47
ABY,$21.22,1441386911455,"624,242",100% bearish,of 2 ratings,$46
ABEO,$4.67,1441386911710,"10,661",50% bullish,of 4 ratings,$15.50
SIXD,$2.61,1441386911812,"16,610",Not yet rated,NULL,N/A
EGHT,$7.71,1441386912022,"104,112",82% bullish,of 17 ratings,$11
ABGB,$4.98,1441386912105,"19,820",67% bullish,of 3 ratings,$5.50
ABAX,$46.95,1441386912161,"37,632",100% bearish,of 1 rating,$60
AAON,$19.77,1441386912188,"48,337",100% bearish,of 1 rating,$24
ABEOW,$1.811,1441386912210,190,100% bullish,of 1 rating,N/A
ABMD,$92.84,1441386912243,"152,233",75% bullish,of 4 ratings,$100.50
AXAS,$1.73,1441386912271,"616,485",78% bullish,of 9 ratings,$3.50
ACAD,$39.19,1441386912549,"602,274",80% bullish,of 20 ratings,$48
ACTG,$9.19,1441386912689,"44,810",67% bullish,of 3 ratings,$18.50
VXDN,$1.78,1441386912949,"4,478",100% bearish,of 1 rating,N/A
VXUP,$1.65,1441386913006,"12,232",100% bearish,of 1 rating,N/A
AXDX,$18.81,1441386913037,"25,274",100% bearish,of 1 rating,N/A
XLRN,$28.49,1441386913063,"36,956",50% bullish,of 2 ratings,$57
ACST,$0.31,1441386913093,"3,900",100% bullish,of 2 ratings,N/A
ACET,$22.16,1441386913120,"38,412",75% bullish,of 4 ratings,$30
ACHC,$72.03,1441386913146,"85,045",50% bullish,of 2 ratings,$92
ARAY,$6.57,1441386913171,"106,879",100% bearish,of 1 rating,$10.50
ANCX,$19.63,1441386913399,"9,771",Not yet rated,NULL,$20
ACHN,$7.64,1441386913446,"1,077,731",90% bullish,of 21 ratings,$16
ACIW,$21.11,1441386913602,"55,244",67% bearish,of 3 ratings,$24
ACNB,NULL,1441386913629,0,Not yet rated,NULL,N/A
ACRX,$4.29,1441386913686,"98,169",67% bearish,of 6 ratings,$7
ACOR,$31.36,1441386914972,"51,888",67% bearish,of 3 ratings,$38.50
AKAO,$6.97,1441386915398,"14,199",75% bullish,of 4 ratings,$15
ACTA,$13.91,1441386915546,"9,422",67% bearish,of 3 ratings,$25
ACTS,$1.59,1441386915727,"11,900",100% bearish,of 1 rating,N/A
ACUR,$2.85,1441386915887,"3,000",100% bullish,of 5 ratings,$5
ADAP,$10.99,1441386915992,"16,067",67% bullish,of 3 ratings,$22
ATVI,$28.1,1441386916033,"2,178,231",67% bullish,of 84 ratings,$31.50
ACXM,$20.46,1441386916060,"66,794",67% bullish,of 3 ratings,N/A
ACPW,$1.92,1441386916135,"14,507",100% bullish,of 4 ratings,$3.25
ADMP,$3.4899,1441386916218,"10,972",50% bullish,of 2 ratings,$10
ADUS,$28.61,1441386916267,"7,502",100% bearish,of 1 rating,$31
AEY,$2.3704,1441386916417,"3,605",100% bearish,of 2 ratings,N/A
ADEP,$7.38,1441386916473,"19,007",50% bullish,of 2 ratings,$10.75
ADMA,$8.73,1441386916578,"10,822",Not yet rated,NULL,$19
ADBE,$76.79,1441386916604,"498,794",65% bullish,of 17 ratings,$90
ADTN,$15.58,1441386916735,"84,085",67% bullish,of 3 ratings,$17.125
ADXSW,$9.85,1441386916949,200,100% bullish,of 1 rating,N/A
ADXS,$13.3275,1441386916976,"184,570",64% bullish,of 14 ratings,$27
AEIS,$23.869,1441386917027,"34,841",50% bullish,of 2 ratings,$32.50
AMD,$1.825,1441386917102,"1,968,639",83% bullish,of 103 ratings,$2
MULT,NULL,1441386917126,0,100% bearish,of 1 rating,N/A
ADRO,$19.16,1441386917181,"36,295",80% bullish,of 5 ratings,$45.50
YPRO,$23.0301,1441386917205,879,100% bearish,of 1 rating,N/A
ADMS,$18.75,1441386917352,"16,714",100% bearish,of 2 ratings,$36
AEHR,$2.27,1441386917433,216,50% bullish,of 2 ratings,N/A
AEGN,$17.73,1441386917481,"14,315",100% bearish,of 2 ratings,$21
AEGR,$17.59,1441386917539,"55,166",50% bullish,of 6 ratings,$26
AEPI,$57.771,1441386917689,"7,520",100% bearish,of 1 rating,N/A
AMTX,$2.9,1441386917752,"8,850",50% bullish,of 2 ratings,$26.11
AFMD,$9.23,1441386917855,"24,315",50% bullish,of 4 ratings,$15
AEZS,$0.0781,1441386917891,"11,258,644",90% bullish,of 21 ratings,$1.50
AEMD,$7.67,1441386917982,"19,355",Not yet rated,NULL,$27.50
AERI,$16.15,1441386918010,"123,368",75% bullish,of 4 ratings,$31.50
AVAV,$20.43,1441386918043,"91,822",50% bullish,of 4 ratings,$28
AFFX,$9.01,1441386918074,"231,796",80% bullish,of 5 ratings,$12.50
AGRX,$8.5,1441386918145,"8,025",100% bearish,of 1 rating,$17.50
AGEN,$6.74,1441386918173,"116,267",85% bullish,of 13 ratings,$14
AGYS,$9.62,1441386918318,"7,544",100% bearish,of 1 rating,N/A
AGIO,$83.25,1441386918451,"63,110",88% bullish,of 8 ratings,$114
AGFS,$9.7976,1441386918608,"36,751",100% bearish,of 1 rating,N/A
AGFSW,$1.9,1441386918633,"5,300",100% bearish,of 2 ratings,N/A
AIMT,$22.615,1441386918660,"68,388",Not yet rated,NULL,$35.50
ATSG,$8.83,1441386918799,"36,164",67% bullish,of 3 ratings,$13
AIRM,$35.98,1441386918828,"39,019",80% bearish,of 5 ratings,$53
AIRT,NULL,1441386918867,0,100% bullish,of 1 rating,N/A
AIXG,$6.48,1441386918894,"11,082",67% bearish,of 3 ratings,$5.25
AMCN,$4.5076,1441386918922,"44,985",83% bullish,of 6 ratings,N/A
AKBA,$6.85,1441386919081,"73,989",100% bearish,of 1 rating,$18
AKER,$2.62,1441386919186,"3,401",Not yet rated,NULL,N/A
AKAM,$72.49,1441386919248,"461,065",63% bullish,of 8 ratings,$77.50
ALSK,$2.25,1441386919347,"44,475",78% bullish,of 18 ratings,$2
ALRM,$16.08,1441386919397,"38,865",100% bearish,of 1 rating,$22
AKRX,$37.973,1441386919482,"125,539",78% bullish,of 9 ratings,$56
ALDR,$40.2,1441386919690,"83,996",67% bearish,of 3 ratings,$62
AMRI,$19.75,1441386919716,"31,022",75% bearish,of 4 ratings,$24
ADHD,$7.53,1441386919747,"50,568",50% bullish,of 4 ratings,$18
ALXA,$1.27,1441386919772,"95,695",83% bullish,of 6 ratings,$2.125
ABDC,$12.815,1441386919797,"2,438",Not yet rated,NULL,$15
ALDX,$7.08,1441386920081,337,100% bearish,of 1 rating,$14.50
ALXN,$171.945,1441386920106,"580,141",88% bullish,of 8 ratings,$223.50
ALCO,$42.08,1441386920180,"3,394",50% bullish,of 2 ratings,N/A
ALIM,$2.8798,1441386920396,"51,408",80% bullish,of 5 ratings,$10
ALGN,$54.18,1441386920448,"118,173",100% bearish,of 2 ratings,$73
ALKS,$63.84,1441386920476,"253,881",67% bullish,of 3 ratings,$75
ALGT,$201.44,1441386920876,"78,868",100% bearish,of 2 ratings,$235
ALQA,$4.515,1441386921248,"19,467",75% bullish,of 4 ratings,$8.50
AFOP,$18.89,1441386922042,"55,654",75% bullish,of 8 ratings,$21
ALLT,$5.05,1441386922073,"11,176",75% bullish,of 4 ratings,$6.25
AIQ,$14.55,1441386922175,"3,982",67% bullish,of 3 ratings,N/A
AHGP,$35.76,1441386922201,"16,930",67% bullish,of 3 ratings,N/A
ARLP,$25.0766,1441386922333,"20,093",67% bearish,of 3 ratings,$32
AFAM,$45.42,1441386922501,"18,165",50% bullish,of 2 ratings,$44
ALLB,$22.9,1441386922542,204,Not yet rated,NULL,N/A
ALNY,$96.8899,1441386922568,"85,866",67% bullish,of 3 ratings,$151.50
MDRX,$13.005,1441386922595,"371,724",60% bullish,of 5 ratings,$16
AOSL,$8.04,1441386922645,"9,230",67% bullish,of 3 ratings,$9
AMOT,$17.76,1441386922727,"84,707",100% bearish,of 1 rating,N/A
AHPI,NULL,1441386922951,0,50% bullish,of 2 ratings,N/A
SMCP,NULL,1441386922997,0,Not yet rated,NULL,N/A
ATEC,$0.5756,1441386923084,"5,939",100% bullish,of 1 rating,$2
ALTR,$48.76,1441386923129,"548,624",80% bearish,of 5 ratings,$54
ASPS,$25.9204,1441386923182,"35,911",67% bullish,of 3 ratings,$46.50
AIMC,$23.7,1441386923288,"32,429",100% bearish,of 2 ratings,$28.50
AMAG,$59.1,1441386923345,"154,557",100% bullish,of 2 ratings,$75
AMZN,$497.5801,1441386923431,"568,804",81% bullish,of 268 ratings,$646
AYA,$20.94,1441386923510,"6,180",100% bearish,of 1 rating,$40
AMRN,$2.317,1441386923541,"469,682",85% bullish,of 40 ratings,$8
AMBC,$16.15,1441386923567,"45,442",100% bearish,of 1 rating,$16.50
AMRK,NULL,1441386923592,0,50% bullish,of 2 ratings,$14
AMBA,$73.2101,1441386923734,"2,207,194",77% bullish,of 13 ratings,$102.50
AMBCW,NULL,1441386923837,0,100% bearish,of 1 rating,N/A
EPAX,$2.69,1441386923911,"28,544",100% bearish,of 1 rating,N/A
AMCX,$71.265,1441386923936,"191,210",67% bullish,of 3 ratings,$87.50
AMDA,$0.4802,1441386924091,"135,808",90% bullish,of 10 ratings,$1
AMED,$39.71,1441386924244,"56,752",100% bearish,of 1 rating,$42
DOX,$56.06,1441386924276,"124,062",67% bearish,of 3 ratings,$60
UHAL,$368.09,1441386924308,"9,752",100% bullish,of 2 ratings,$393.50
ASBI,$22.57,1441386924330,903,Not yet rated,NULL,N/A
AMOV,NULL,1441386924361,0,100% bearish,of 1 rating,N/A
ATAX,$5.3273,1441386924391,"20,199",100% bullish,of 1 rating,$6.50
AGNC,$18.925,1441386924417,"625,211",71% bullish,of 28 ratings,$22
AAL,$40.56,1441386924584,"3,004,316",93% bullish,of 88 ratings,$57
AGNCB,$24.2899,1441386924683,"1,416",Not yet rated,NULL,N/A
MTGE,$15.01,1441386924713,"133,589",75% bullish,of 4 ratings,$19.50
MTGEP,$24.25,1441386924812,1,Not yet rated,NULL,N/A
AGNCP,$25.3499,1441386924859,"1,105",Not yet rated,NULL,N/A
ACSF,$12.4,1441386925002,"5,705",100% bearish,of 1 rating,$15
ANCI,NULL,1441386925169,0,100% bearish,of 1 rating,N/A
ACAS,$13.6,1441386925258,"457,139",60% bullish,of 5 ratings,$16.75
AMNB,$22.731,1441386925340,"3,449",Not yet rated,NULL,$25.50
AMIC,NULL,1441386925393,0,100% bearish,of 1 rating,N/A
ANAT,$97.46,1441386925422,"15,859",100% bullish,of 1 rating,N/A
APEI,$21.65,1441386925473,"11,258",100% bearish,of 1 rating,$25.50
AMRB,NULL,1441386925500,0,Not yet rated,NULL,$11
AETI,$3.13,1441386925521,400,67% bearish,of 3 ratings,N/A
ASEI,$38.69,1441386925767,"2,848",100% bearish,of 1 rating,$52.50
ARII,$40.1,1441386925929,"41,115",67% bearish,of 3 ratings,$45
AMWD,$66.75,1441386925957,"32,374",50% bullish,of 2 ratings,$70
AMSWA,$8.96,1441386925980,"6,126",100% bearish,of 2 ratings,$10.75
AMSC,$4.92,1441386926015,"10,805",50% bullish,of 4 ratings,N/A
CRMT,$35.47,1441386926036,"4,719",100% bearish,of 1 rating,$38
ABCB,$27.19,1441386926121,"30,696",Not yet rated,NULL,$31
ASRV,$3.24,1441386926225,404,100% bullish,of 2 ratings,N/A
AMGN,$146.1,1441386926325,"822,341",89% bullish,of 19 ratings,$185
ASRVP,NULL,1441386926384,0,Not yet rated,NULL,N/A
ATLO,$22.51,1441386926413,"2,836",Not yet rated,NULL,N/A
AMSF,$45.94,1441386926457,"9,822",Not yet rated,NULL,$57.50
FOLD,$15.03,1441386926489,"477,598",56% bullish,of 9 ratings,$21
AMKR,$5.3,1441386926519,"216,611",100% bearish,of 2 ratings,$5
AMPH,$13.32,1441386926767,"67,576",50% bullish,of 2 ratings,$20
AMSG,$78.17,1441386926792,"66,410",100% bearish,of 1 rating,$85.50
AMSGP,NULL,1441386926971,0,Not yet rated,NULL,N/A
AMRS,$1.7557,1441386927042,"30,485",70% bullish,of 10 ratings,N/A
AFSI,$56.99,1441386927071,"87,128",60% bullish,of 5 ratings,$72
ASYS,$5.41,1441386927097,"5,194",67% bullish,of 3 ratings,$12
ANAC,$131.76,1441386927169,"106,516",80% bullish,of 5 ratings,$180.50
ADI,$54.22,1441386927236,"291,692",75% bullish,of 4 ratings,$69
ANCB,$20.99,1441386927261,"3,352",Not yet rated,NULL,$23
ANAD,$0.315,1441386927289,"78,879",100% bullish,of 2 ratings,$.50
ALOG,$80.49,1441386927474,"21,437",100% bearish,of 2 ratings,$100.50
AMCF,NULL,1441386927552,0,NULL,NULL,NULL
ABCW,$41.01,1441386927648,"3,322",67% bullish,of 3 ratings,N/A
ANGI,$5.05,1441386927674,"70,813",64% bullish,of 11 ratings,$5.50
ANGO,$14.42,1441386927699,"18,462",67% bullish,of 3 ratings,$19
ANIP,$51.19,1441386927724,"36,712",89% bullish,of 19 ratings,$66
ANSS,$90.01,1441386927953,"133,616",100% bearish,of 1 rating,$100
ATRS,$1.7799,1441386928044,"137,768",92% bullish,of 12 ratings,$4.50
ANIK,$35.51,1441386928081,"21,196",60% bullish,of 5 ratings,$51.25
APIC,$6.6,1441386928146,"19,170",100% bearish,of 1 rating,$19
ATNY,$2.4,1441386928179,"1,600",50% bullish,of 2 ratings,$3.75
APOG,$51.66,1441386928213,"34,549",50% bullish,of 2 ratings,$67
ABAC,$0.7501,1441386928234,"3,118",100% bearish,of 1 rating,N/A
ANTH,$7.11,1441386928263,"197,456",80% bullish,of 10 ratings,$13
AINV,$6.4399,1441386928477,"226,440",50% bullish,of 4 ratings,$8
APOL,$10.87,1441386928503,"207,249",87% bearish,of 68 ratings,$14
AAPL,$108.59,1441386928670,"14,779,111",86% bullish,of 2364 ratings,$150
APPF,$16.7862,1441386928722,"15,672",50% bullish,of 2 ratings,$22
ARCI,$1.2399,1441386928764,"3,100",Not yet rated,NULL,N/A
APDN,$3.35,1441386928791,"7,752",Not yet rated,NULL,$9
AMAT,$15.44,1441386928861,"3,752,374",82% bullish,of 11 ratings,$23
APDNW,$1.4404,1441386928926,100,Not yet rated,NULL,N/A
AAOI,$20.35,1441386928954,"62,591",50% bullish,of 4 ratings,$26
APRI,$1.6399,1441386929100,"97,275",83% bullish,of 6 ratings,$4.86
AMCC,$5.665,1441386929130,"99,896",80% bullish,of 5 ratings,$8
APTO,$5.11,1441386929198,202,Not yet rated,NULL,$17
AGTC,$16.11,1441386929263,"7,888",50% bullish,of 2 ratings,$33
AQMS,$4.9528,1441386929328,"1,383",Not yet rated,NULL,N/A
AQXP,$15.8,1441386929461,"103,899",50% bullish,of 2 ratings,$2
AREX,$2.46,1441386929487,"253,472",50% bullish,of 2 ratings,$3
AUMAU,NULL,1441386929642,0,Not yet rated,NULL,N/A
AUMA,$9.85,1441386929678,200,Not yet rated,NULL,N/A
AUMAW,NULL,1441386929728,0,Not yet rated,NULL,N/A
PETX,$17.11,1441386929756,"58,118",100% bearish,of 2 ratings,$26
ARDM,NULL,1441386929781,0,100% bullish,of 1 rating,$26
ARCW,$3.25,1441386929922,"241,136",100% bearish,of 2 ratings,$10.50
RKDA,$5.56,1441386930018,"1,188",100% bearish,of 2 ratings,$10
ABIO,$5.9301,1441386930048,"23,085",50% bullish,of 2 ratings,$3.75
ABUS,$6.965,1441386930151,"157,477",86% bullish,of 14 ratings,$21.50
ACGL,$68.18,1441386930179,"58,525",50% bullish,of 2 ratings,$72
ARCB,$28.45,1441386930308,"65,377",67% bearish,of 3 ratings,$39.50
ARDX,$19.01,1441386930538,"49,135",50% bullish,of 2 ratings,$24.50
ARNA,$2.7,1441386930638,"304,805",90% bullish,of 78 ratings,$5.50
ARCC,$15.36,1441386930722,"396,735",67% bearish,of 3 ratings,$17.75
AGII,$54.19,1441386930811,"14,544",Not yet rated,NULL,$59.50
ARIS,$3.69,1441386931206,100,Not yet rated,NULL,$4.50
AGIIL,$25.33,1441386931258,"1,157",Not yet rated,NULL,N/A
ARIA,$7.9299,1441386931287,"2,947,650",87% bullish,of 46 ratings,$9
ARKR,$25.07,1441386931308,"1,184",50% bullish,of 2 ratings,N/A
ARMH,$42.56,1441386931329,"440,375",54% bearish,of 13 ratings,$60
ACAT,$25.14,1441386931472,"24,028",100% bearish,of 3 ratings,$33
ARTX,$1.3501,1441386931501,"32,784",88% bullish,of 16 ratings,$4.50
ARWAU,$10.2,1441386931650,100,100% bullish,of 1 rating,N/A
ARWA,NULL,1441386931674,0,Not yet rated,NULL,N/A
ARGS,$6.1878,1441386931831,"2,902",50% bullish,of 2 ratings,$19.50
ARQL,$1.6993,1441386931891,"9,619",75% bullish,of 4 ratings,$5
ARWAW,NULL,1441386932101,0,Not yet rated,NULL,N/A
ARRS,$25.91,1441386932129,"155,318",50% bullish,of 2 ratings,$38
DWAT,$9.7,1441386932154,"2,500",100% bearish,of 1 rating,N/A
ARRY,$5.59,1441386932181,"581,707",100% bullish,of 7 ratings,$10
ARWAR,NULL,1441386932336,0,Not yet rated,NULL,N/A
ARWR,$5.3815,1441386932472,"427,304",75% bullish,of 4 ratings,$10.50
ARTNA,$21.8,1441386932581,"3,522",100% bearish,of 1 rating,$29
AROW,$27.24,1441386932611,"1,954",Not yet rated,NULL,N/A
ARTW,NULL,1441386932637,0,75% bearish,of 4 ratings,N/A
ASND,$19.81,1441386932663,"20,322",50% bullish,of 2 ratings,$30
ASBB,$25.23,1441386932715,501,Not yet rated,NULL,N/A
ASNA,$12.04,1441386932819,"859,188",50% bullish,of 2 ratings,$18
ASMI,NULL,1441386932944,0,NULL,NULL,NULL
ASCMA,$26.6,1441386932977,"10,399",100% bearish,of 1 rating,$45
ASTI,$0.2148,1441386933042,"2,301,629",83% bullish,of 6 ratings,$3
APWC,$1.64,1441386933083,404,100% bearish,of 1 rating,N/A
ASML,$91.25,1441386933184,"193,097",50% bullish,of 4 ratings,$127
AZPN,$38.12,1441386933234,"161,066",50% bullish,of 2 ratings,$42
ASMB,$12.79,1441386933282,"22,703",67% bullish,of 3 ratings,N/A
ASFI,$8.8,1441386933416,900,100% bullish,of 1 rating,N/A
ATRO,$49.63,1441386933553,"58,324",100% bearish,of 2 ratings,$80
ASTE,$37.98,1441386933580,"22,102",100% bearish,of 1 rating,$49
ALOT,NULL,1441386933614,0,100% bearish,of 1 rating,N/A
ASTC,$2.2501,1441386933715,"6,807",100% bullish,of 5 ratings,N/A
ASUR,$5.42,1441386933747,"3,578",50% bullish,of 2 ratings,$8
ATAI,$2.35,1441386933846,"2,771",100% bearish,of 1 rating,N/A
ATRA,$42.01,1441386933873,"26,061",50% bullish,of 2 ratings,$68
ATHN,$132,1441386934057,"53,584",67% bearish,of 3 ratings,$153
ATHX,$1.13,1441386934091,"18,351",89% bullish,of 9 ratings,$5
AFCB,NULL,1441386934193,0,Not yet rated,NULL,N/A
AAPC,$10.1,1441386934220,7,Not yet rated,NULL,N/A
AAME,$3.4899,1441386934251,"1,203",Not yet rated,NULL,N/A
ACFC,$5.53,1441386934355,"2,938",100% bearish,of 1 rating,$6.50
ATNI,$74,1441386934485,"14,644",100% bearish,of 1 rating,$69.50
ATLC,$3.93,1441386934516,600,67% bullish,of 3 ratings,N/A
AAWW,$38.22,1441386934616,"88,007",50% bullish,of 2 ratings,$65
ATOS,$0.87,1441386934676,"80,030",100% bullish,of 7 ratings,$7
ATML,$7.915,1441386934706,"1,722,970",78% bullish,of 9 ratings,$9.50
AFH,$16.155,1441386934807,"100,078",Not yet rated,NULL,$21.50
ATRC,$23.43,1441386934833,"40,771",100% bullish,of 1 rating,$30
ATRI,$371.95,1441386934877,504,Not yet rated,NULL,N/A
ATRM,NULL,1441386934966,0,50% bullish,of 2 ratings,N/A
LIFE,$14.33,1441386935167,"16,804",86% bullish,of 7 ratings,$43
ATTU,$13,1441386935205,"10,205",100% bearish,of 1 rating,$20.50
AUPH,$3.3499,1441386935269,"6,799",100% bearish,of 1 rating,$8
EARS,$4.3,1441386935581,"1,900",100% bearish,of 2 ratings,$11
AUBN,$26.5,1441386935609,700,Not yet rated,NULL,N/A
ADAT,$0.327,1441386935642,"575,952",100% bullish,of 2 ratings,N/A
AUDC,$3.26,1441386935670,"14,184",80% bullish,of 5 ratings,$5
ABTL,$18.85,1441386935700,"37,878",100% bullish,of 4 ratings,$20.25
ADP,$76.0301,1441386935805,"506,342",100% bearish,of 1 rating,$88
AAVL,$10.02,1441386935833,"88,435",100% bearish,of 1 rating,$20
AVGO,$121.48,1441386935910,"607,501",88% bullish,of 8 ratings,$165
AVEO,$1.3603,1441386936055,"210,005",75% bullish,of 8 ratings,$3
AVNU,$12.75,1441386936081,"1,000",Not yet rated,NULL,$14
AVNW,$1.2,1441386936224,"40,941",50% bullish,of 2 ratings,N/A
ADSK,$45.42,1441386936271,"561,075",67% bullish,of 6 ratings,$66
CAR,$42.2099,1441386936403,"782,701",80% bullish,of 5 ratings,$60
AWRE,$3.1991,1441386936432,"6,529",67% bullish,of 3 ratings,N/A
AVGR,$14.84,1441386936453,"19,248",100% bearish,of 1 rating,$20
AXPW,$1.9099,1441386936643,"245,126",86% bullish,of 7 ratings,N/A
AVID,$8.5,1441386936724,"94,398",100% bearish,of 1 rating,$20
AXPWW,NULL,1441386936828,0,Not yet rated,NULL,N/A
AXGN,$4.65,1441386936853,"8,350",Not yet rated,NULL,$5
ACLS,$3.2168,1441386936899,"68,042",67% bullish,of 6 ratings,$4.75
AXTI,$2.11,1441386936928,"3,798",50% bullish,of 2 ratings,$2.75
BCOM,NULL,1441386937028,0,100% bearish,of 1 rating,N/A
RILY,NULL,1441386937074,0,Not yet rated,NULL,N/A
BOSC,$2.07,1441386937102,"2,900",50% bullish,of 2 ratings,N/A
BEAV,$48.63,1441386937244,"145,365",67% bearish,of 3 ratings,$59
BIDU,$144.63,1441386937431,"944,738",81% bullish,of 88 ratings,$210
BWINA,NULL,1441386937453,0,Not yet rated,NULL,N/A
BCPC,$57.19,1441386937485,"48,405",100% bearish,of 1 rating,$75
BWINB,$22.3,1441386937531,"1,565",Not yet rated,NULL,N/A
BLDP,$1.3038,1441386937557,"66,269",91% bullish,of 22 ratings,$2.50
BANF,$59.13,1441386937699,"5,301",Not yet rated,NULL,$68
BANFP,$26.8,1441386937843,266,Not yet rated,NULL,N/A
BKMU,$6.88,1441386937932,"7,829",Not yet rated,NULL,$8
BOTJ,NULL,1441386937997,0,Not yet rated,NULL,N/A
BMRC,$48.41,1441386938028,"2,184",Not yet rated,NULL,$52
BOCH,$5.72,1441386938049,95,Not yet rated,NULL,$6.50
OZRK,$40.32,1441386938071,"50,221",67% bullish,of 3 ratings,$49.50
BKSC,$16.9112,1441386938102,800,Not yet rated,NULL,N/A
BFIN,$12.0557,1441386938278,"3,724",Not yet rated,NULL,$13
BANR,$43.58,1441386938359,"18,578",100% bullish,of 3 ratings,$50
BWFG,$18.34,1441386938390,"3,513",100% bearish,of 1 rating,N/A
TAPR,$31.994,1441386938488,700,100% bearish,of 1 rating,N/A
BZUN,$5.2026,1441386938556,"82,589",50% bullish,of 2 ratings,$11.50
BHAC,NULL,1441386938580,0,Not yet rated,NULL,N/A
BSET,$28.76,1441386938893,"19,897",100% bearish,of 1 rating,$35
BYBK,$4.95,1441386938925,200,100% bearish,of 1 rating,N/A
BBSI,$34.64,1441386938948,"8,526",67% bearish,of 3 ratings,$62.50
BHACR,$0.21,1441386938994,"2,098",Not yet rated,NULL,N/A
BYLK,$12.84,1441386939022,300,Not yet rated,NULL,$14
BHACW,NULL,1441386939079,0,Not yet rated,NULL,N/A
BV,$5.05,1441386939108,"89,396",67% bullish,of 6 ratings,$8.75
BBCN,$14.16,1441386939309,"38,941",100% bearish,of 1 rating,$16
BCBP,$11.31,1441386939414,42,Not yet rated,NULL,N/A
BHACU,NULL,1441386939454,0,Not yet rated,NULL,N/A
BSF,$8.26,1441386939562,"13,371",Not yet rated,NULL,N/A
BDCV,$4.8837,1441386939590,"2,472",100% bearish,of 1 rating,$10.19
BBGI,$3.95,1441386939667,"1,019",100% bearish,of 1 rating,N/A
BECN,$35.65,1441386939897,"56,011",50% bullish,of 2 ratings,$40
BELFA,$15,1441386939942,12,100% bearish,of 1 rating,N/A
BEBE,$1.18,1441386940002,"321,012",75% bullish,of 4 ratings,$2.125
BBBY,$61.99,1441386940035,"260,484",71% bullish,of 7 ratings,$75
BLPH,$4.21,1441386940065,"5,993",100% bearish,of 1 rating,$12.50
BELFB,$18.71,1441386940097,"4,060",100% bearish,of 1 rating,N/A
BLCM,$15.87,1441386940171,"39,693",50% bullish,of 4 ratings,$40
BNCL,$12.39,1441386940203,"74,352",100% bullish,of 3 ratings,$12.50
BNTC,$7.1,1441386940702,"1,400",100% bullish,of 1 rating,N/A
BASI,$1.6358,1441386940729,200,Not yet rated,NULL,N/A
BGFV,$11.34,1441386940757,"31,105",57% bullish,of 7 ratings,$12
BNFT,$35.73,1441386940782,"22,517",67% bullish,of 3 ratings,$46
BGCP,$8.74,1441386940812,"235,649",88% bullish,of 8 ratings,$14
BGMD,$0.6149,1441386940835,"51,927",100% bullish,of 10 ratings,N/A
BIND,$4.84,1441386940886,"9,943",75% bullish,of 4 ratings,$13.50
ORPN,$5.48,1441386940972,"2,403",100% bullish,of 1 rating,$28.50
BCDA,NULL,1441386941114,0,Not yet rated,NULL,N/A
BIOL,$1.55,1441386941247,"4,608",Not yet rated,NULL,N/A
BCRX,$11.2,1441386941277,"112,841",63% bullish,of 8 ratings,$18
BIOD,$0.6972,1441386941299,"6,966",80% bullish,of 5 ratings,$4
BIOC,$2.01,1441386941497,"101,658",83% bullish,of 6 ratings,$3.85
BDSI,$6.29,1441386941523,"261,304",88% bullish,of 8 ratings,$17
BLFS,$2.3401,1441386941545,"66,157",100% bearish,of 1 rating,$4.75
BIIB,$299.24,1441386941574,"409,216",88% bullish,of 16 ratings,$400
BVXVW,$0.82,1441386941922,"1,200",100% bearish,of 1 rating,N/A
BMRN,$125.06,1441386941947,"173,909",80% bullish,of 5 ratings,$160
BRLI,NULL,1441386941974,0,NULL,NULL,NULL
BPTH,$1.1599,1441386942002,"16,554",100% bullish,of 2 ratings,$5
BLRX,$1.6801,1441386942105,"127,228",100% bullish,of 12 ratings,$5
BBC,$31.05,1441386942132,"2,158",Not yet rated,NULL,N/A
BVXV,$3.67,1441386942157,"17,107",Not yet rated,NULL,N/A
BIOS,$2.37,1441386942194,"169,441",71% bullish,of 7 ratings,$4
BBP,$31.9234,1441386942451,"9,963",Not yet rated,NULL,N/A
BSPM,$0.7234,1441386942482,"54,941",50% bullish,of 2 ratings,N/A
BSTC,$48.62,1441386942646,"11,171",100% bearish,of 1 rating,$76
BEAT,$15.62,1441386942741,"162,826",67% bearish,of 3 ratings,$15
BOTA,$2.11,1441386942798,"17,169",88% bullish,of 8 ratings,N/A
TECH,$92.36,1441386942842,"85,023",100% bullish,of 1 rating,$117
BDE,$7.4001,1441386942943,"18,863",50% bullish,of 2 ratings,$9
BITI,$16.65,1441386942970,"6,545",100% bullish,of 1 rating,$28
BJRI,$44.04,1441386942996,"48,668",50% bullish,of 2 ratings,$55
BLKB,$56.8,1441386943139,"31,084",100% bearish,of 2 ratings,$66
BDMS,NULL,1441386943224,0,100% bearish,of 1 rating,N/A
BBOX,$14.77,1441386943254,"11,013",100% bearish,of 1 rating,N/A
BBRY,$7.5101,1441386943281,"4,570,963",61% bullish,of 331 ratings,$9
BKCC,$9.42,1441386943482,"81,370",50% bullish,of 2 ratings,$10
ADRA,$26.1036,1441386943508,"1,398",100% bearish,of 1 rating,N/A
HAWK,$38.85,1441386943529,"27,134",91% bullish,of 11 ratings,$49
ADRE,$28.5751,1441386943871,"8,856",100% bearish,of 1 rating,N/A
ADRU,$21,1441386943904,762,100% bearish,of 1 rating,N/A
ADRD,$21.1875,1441386943930,"1,813",100% bearish,of 1 rating,N/A
BLBD,$11.59,1441386943958,"1,390",Not yet rated,NULL,N/A
BBLU,$0.88,1441386943979,"357,791",100% bullish,of 2 ratings,$4.43
BLMN,$20.3135,1441386944018,"99,063",83% bullish,of 6 ratings,$27.50
BCOR,$13.29,1441386944039,"40,092",57% bullish,of 7 ratings,$15
BHBK,$14.01,1441386944121,"31,069",100% bullish,of 1 rating,$14.50
NILE,$33.44,1441386944277,"8,724",50% bullish,of 2 ratings,$34
BLUE,$127,1441386944444,"133,345",71% bullish,of 7 ratings,$217.50
BUFF,$23.76,1441386944515,"205,059",77% bullish,of 13 ratings,$31.50
BKEP,$6.5,1441386944731,"7,798",100% bearish,of 1 rating,$8.50
BKEPP,NULL,1441386944920,0,100% bearish,of 1 rating,N/A
BNCN,$20.89,1441386944967,"11,104",Not yet rated,NULL,$24
WIFI,$7.48,1441386944993,"59,014",50% bullish,of 2 ratings,$13.50
BPMC,$28.04,1441386945018,"16,210",50% bullish,of 2 ratings,$47.50
BOBE,$44.75,1441386945062,"115,037",75% bullish,of 4 ratings,$57
BNSO,$1.2301,1441386945414,900,100% bearish,of 1 rating,N/A
BAMM,$3.2,1441386945440,857,60% bullish,of 5 ratings,N/A
BOJA,$20.17,1441386945576,"56,802",100% bullish,of 1 rating,$30
BOFI,$112.84,1441386945606,"154,926",100% bullish,of 6 ratings,$144
BOKF,$61.62,1441386945638,"32,798",100% bearish,of 1 rating,$69
BONA,$11.145,1441386945676,"27,066",75% bullish,of 4 ratings,$8.50
BPFHP,$24.4601,1441386945731,200,100% bearish,of 1 rating,N/A
BPFH,$11.73,1441386945756,"89,229",100% bearish,of 1 rating,$14
EPAY,$26.34,1441386946135,"25,457",100% bearish,of 2 ratings,$30
BPFHW,NULL,1441386946193,0,100% bearish,of 1 rating,N/A
BDBD,$8.25,1441386946323,"111,638",60% bullish,of 5 ratings,$10
BBEPP,$14.58,1441386946378,"3,443",50% bullish,of 2 ratings,N/A
BCLI,$3.1399,1441386946408,"47,395",80% bullish,of 5 ratings,$12
BBRG,$12.42,1441386946436,"6,792",67% bullish,of 3 ratings,$14.50
BBEP,$2.69,1441386946725,"293,189",69% bullish,of 13 ratings,$5.625
BLIN,$1.65,1441386946798,"321,138",50% bullish,of 2 ratings,$2.20
BDGE,$25.79,1441386946849,"4,167",Not yet rated,NULL,$31.75
BRID,$8.1,1441386946874,2,100% bearish,of 1 rating,N/A
BRCM,$50.77,1441386947058,"776,254",69% bullish,of 13 ratings,$56
BCOV,$5.182,1441386947090,"24,551",67% bullish,of 3 ratings,$10.20
BVSN,$5.9,1441386947218,"1,100",60% bearish,of 5 ratings,N/A
BSFT,$32,1441386947257,"35,456",57% bullish,of 7 ratings,$40.50
BWEN,$3.15,1441386947386,"21,084",75% bullish,of 4 ratings,$8
BYFC,NULL,1441386947429,0,50% bullish,of 2 ratings,N/A
BRCD,$10.1701,1441386947588,"421,093",92% bullish,of 13 ratings,$12
BRKL,$10.4,1441386947615,"81,410",100% bearish,of 1 rating,$12
BRKS,$10.34,1441386947749,"75,908",67% bullish,of 3 ratings,$15.25
BRKR,$17.77,1441386947851,"117,375",100% bearish,of 2 ratings,$22
BSQR,$6.23,1441386947902,"8,887",67% bullish,of 3 ratings,N/A
BMTC,$29.09,1441386947927,"14,606",Not yet rated,NULL,$34
BLMT,$21.03,1441386948000,328,Not yet rated,NULL,N/A
BWLD,$194.73,1441386948103,"68,609",82% bullish,of 11 ratings,$205
BLDR,$15.365,1441386948133,"358,442",67% bullish,of 3 ratings,$22
BUR,$1.7178,1441386948229,200,100% bearish,of 1 rating,$8
CFFI,$35.503,1441386948293,100,100% bearish,of 1 rating,N/A
CA,$26.9543,1441386948378,"703,444",50% bullish,of 4 ratings,$33
CHRW,$67.66,1441386948568,"287,985",Not yet rated,NULL,$72
CDNS,$20.27,1441386948594,"480,010",75% bullish,of 4 ratings,$22.50
CCMP,$42.25,1441386948727,"8,407",50% bullish,of 2 ratings,$59
CDZI,$7.2999,1441386948776,"13,278",100% bearish,of 1 rating,N/A
CACQ,$7.05,1441386948905,"44,582",100% bearish,of 1 rating,$12.25
CSTE,$39.19,1441386948988,"55,070",50% bullish,of 2 ratings,$65
CZR,$9.24,1441386949044,"138,811",60% bearish,of 5 ratings,$10.50
CLMS,$9.69,1441386949072,"55,788",Not yet rated,NULL,$10.50
PRSS,$4.42,1441386949118,"3,252",80% bullish,of 5 ratings,$4.50
CLBS,$1.7101,1441386949212,"45,004",79% bullish,of 14 ratings,$4
CHY,$11,1441386949316,"67,293",Not yet rated,NULL,N/A
CCD,$19.39,1441386949363,"25,202",Not yet rated,NULL,N/A
CHI,$10.325,1441386949562,"83,798",100% bearish,of 1 rating,N/A
CHW,$7.35,1441386949689,"115,748",100% bearish,of 1 rating,N/A
CGO,$11.82,1441386949734,"6,395",100% bearish,of 1 rating,N/A
CFGE,NULL,1441386949890,0,Not yet rated,NULL,N/A
CSQ,$9.65,1441386950036,"138,527",Not yet rated,NULL,N/A
CAMP,$15.87,1441386950064,"136,033",88% bullish,of 8 ratings,$25
CVGW,$50.02,1441386950085,"150,841",50% bullish,of 2 ratings,$62
CFNB,NULL,1441386950320,0,100% bearish,of 1 rating,N/A
ABCD,$5.06,1441386950350,"18,179",83% bullish,of 6 ratings,N/A
CALM,$52.5466,1441386950372,"60,940",80% bullish,of 5 ratings,$63.50
CALA,$6.07,1441386950393,"102,186",67% bullish,of 3 ratings,$19.50
CAMB,NULL,1441386950525,0,Not yet rated,NULL,N/A
CLMT,$25.5362,1441386950561,"37,618",75% bullish,of 8 ratings,$31
CAMT,$2.62,1441386950973,"16,529",73% bullish,of 11 ratings,$4
CALD,$15.94,1441386951004,"83,082",100% bearish,of 1 rating,$21
CAC,$39.685,1441386951039,"4,309",Not yet rated,NULL,N/A
CSIQ,$18.25,1441386951103,"328,437",86% bullish,of 28 ratings,$42.50
CAMBW,NULL,1441386951129,0,Not yet rated,NULL,N/A
CAMBU,NULL,1441386951154,0,100% bearish,of 1 rating,N/A
CPLA,$49.02,1441386951433,"17,221",67% bearish,of 3 ratings,$65
CPHC,NULL,1441386951521,0,100% bearish,of 1 rating,N/A
CBNJ,$11.16,1441386951564,"3,962",100% bearish,of 1 rating,N/A
CGIX,$9.9499,1441386951590,"1,040",67% bullish,of 3 ratings,$14.375
CBF,$29.97,1441386951623,"9,045",Not yet rated,NULL,$32
CSWC,$43.54,1441386951728,"18,447",Not yet rated,NULL,N/A
CCBG,$14.97,1441386951767,"1,238",Not yet rated,NULL,$17.25
CPLP,$6.937,1441386951871,"77,606",71% bullish,of 7 ratings,$11
CPTA,$13.94,1441386952114,"5,627",100% bearish,of 1 rating,$18.25
CAPN,$2.1,1441386952139,"31,783",100% bullish,of 1 rating,$10.85
CFFN,$11.76,1441386952165,"86,807",Not yet rated,NULL,$12.75
CPST,$0.3833,1441386952309,"193,831",95% bullish,of 22 ratings,$1.25
CAPR,$4.36,1441386952336,"2,941",Not yet rated,NULL,$12
CAPNW,NULL,1441386952362,0,Not yet rated,NULL,N/A
CARA,$18.905,1441386952392,"61,742",50% bullish,of 4 ratings,$25
CBYL,$5.175,1441386952414,"19,160",100% bearish,of 1 rating,$20
CRDC,$0.3479,1441386952674,"104,350",100% bullish,of 1 rating,$1.25
CARB,$11.12,1441386952699,"11,940",75% bullish,of 4 ratings,$12
CRME,$9.5,1441386952849,"3,707",89% bullish,of 9 ratings,$11.25
CSII,$22.55,1441386952982,"46,859",100% bearish,of 2 ratings,$42.125
CATM,$33.73,1441386953009,"70,783",100% bearish,of 1 rating,$44
CFNL,$21.91,1441386953038,"14,480",Not yet rated,NULL,$24
CDNA,$7,1441386953143,"18,983",100% bearish,of 1 rating,$9
CLBH,$12.5001,1441386953320,611,Not yet rated,NULL,$16.50
CECO,$3.61,1441386953345,"55,821",67% bearish,of 3 ratings,$6
CKEC,$22.11,1441386953394,"47,868",50% bullish,of 2 ratings,$35.915
CTRE,$10.9199,1441386953422,"72,915",50% bullish,of 2 ratings,$13.50
TAST,$12.65,1441386953597,"74,310",Not yet rated,NULL,$14.25
CART,NULL,1441386953808,0,100% bearish,of 1 rating,N/A
CRTN,$2.49,1441386953871,468,100% bearish,of 1 rating,N/A
CRZO,$34.945,1441386954152,"352,045",67% bearish,of 3 ratings,$54.50
CASM,$1.21,1441386954178,"6,164",100% bullish,of 1 rating,$3.50
CARV,$6.3,1441386954204,"6,200",50% bullish,of 2 ratings,N/A
CARO,$15.09,1441386954239,704,100% bearish,of 1 rating,$19
CACB,$5.28,1441386954332,"11,606",Not yet rated,NULL,$5.50
CSCD,$15.3,1441386954364,"4,634",100% bullish,of 2 ratings,$17
CWST,$6.28,1441386954390,"13,290",50% bullish,of 2 ratings,$7.25
CASY,$105.79,1441386954411,"59,691",50% bullish,of 2 ratings,$99.50
CASS,$48.37,1441386954620,"5,281",100% bearish,of 1 rating,N/A
CASI,$1.3001,1441386954652,"1,584",100% bullish,of 1 rating,$3.50
CATB,$11.24,1441386954749,"6,615",100% bearish,of 1 rating,$28
CPRX,$3.66,1441386954848,"275,338",71% bullish,of 7 ratings,$7
CATY,$28.95,1441386955039,"140,570",100% bearish,of 1 rating,$33.50
CATYW,NULL,1441386955064,0,100% bearish,of 1 rating,N/A
CBFV,$21.4599,1441386955134,421,Not yet rated,NULL,$25
CAVM,$68.2,1441386955160,"154,046",67% bearish,of 3 ratings,$72
CVCO,$70.82,1441386955290,"1,945",100% bearish,of 1 rating,N/A
CNLM,NULL,1441386955427,0,Not yet rated,NULL,N/A
CNLMU,NULL,1441386955477,0,100% bullish,of 1 rating,N/A
CNLMR,NULL,1441386955503,0,Not yet rated,NULL,N/A
CBOE,$63.7,1441386955674,"80,777",Not yet rated,NULL,$63
CDK,$48.14,1441386955703,"39,849",67% bearish,of 3 ratings,$50
CNLMW,NULL,1441386955724,0,Not yet rated,NULL,N/A
CDW,$38.7,1441386955752,"149,507",75% bullish,of 4 ratings,$44
CPXX,$2.28,1441386955998,"15,297",100% bullish,of 2 ratings,$7
CECE,$9.74,1441386956038,"97,538",50% bullish,of 2 ratings,$16
CELGZ,$1.76,1441386956172,7,80% bullish,of 5 ratings,N/A
CLDN,$1.2,1441386956205,"25,371",63% bullish,of 8 ratings,$3
CLRB,$2.99,1441386956262,520,100% bearish,of 1 rating,N/A
CLDX,$13.94,1441386956305,"220,904",89% bullish,of 9 ratings,$36
CELG,$116.28,1441386956333,"999,381",100% bullish,of 13 ratings,$156
CLRBW,NULL,1441386956359,0,Not yet rated,NULL,N/A
CLLS,$31.81,1441386956406,"28,364",75% bullish,of 4 ratings,$51.50
CLSN,$2.01,1441386956640,"32,137",80% bullish,of 10 ratings,$7.50
CYAD,$47.01,1441386956741,100,100% bullish,of 1 rating,$87.50
CBMG,$23.12,1441386956766,"26,613",50% bullish,of 2 ratings,N/A
CLTX,$1.85,1441386956830,"38,740",100% bullish,of 2 ratings,N/A
CSFL,$13.6,1441386956908,"30,798",Not yet rated,NULL,$15
CEMP,$32.98,1441386956964,"131,714",71% bullish,of 7 ratings,$52
CETX,$2.4401,1441386956990,"14,600",Not yet rated,NULL,$5.60
CETV,$2.05,1441386957067,"16,158",67% bullish,of 3 ratings,$2.80
CVCY,$11.54,1441386957223,198,Not yet rated,NULL,$12
CENTA,$14.57,1441386957251,"47,913",Not yet rated,NULL,N/A
CFBK,$1.34,1441386957287,896,Not yet rated,NULL,N/A
CENT,$14.23,1441386957391,"66,021",Not yet rated,NULL,$10
CENX,$5.29,1441386957419,"526,641",67% bullish,of 6 ratings,$9
CNBKA,$39.12,1441386957445,198,50% bullish,of 2 ratings,N/A
CNTY,$5.8959,1441386957498,"2,923",80% bullish,of 5 ratings,$7.75
CPHD,$48.81,1441386957654,"206,680",67% bearish,of 3 ratings,$66
CERN,$59.662,1441386957967,"194,066",67% bullish,of 3 ratings,$79
CRNT,$1.39,1441386957995,"18,556",50% bullish,of 2 ratings,$2
CERE,$1.13,1441386958025,"140,555",88% bullish,of 8 ratings,N/A
CERU,$4.1936,1441386958053,"9,781",75% bullish,of 4 ratings,$14
CERS,$5.135,1441386958080,"259,623",75% bullish,of 4 ratings,$7
KOOL,$0.65,1441386958126,"15,160",100% bullish,of 5 ratings,$7
CYOU,$18.4853,1441386958187,"23,066",50% bullish,of 6 ratings,$24
CEVA,$19.13,1441386958212,"8,180",100% bearish,of 1 rating,$25
HOTR,$1.32,1441386958380,"31,397",100% bullish,of 2 ratings,$5
HOTRW,$0.15,1441386958461,"10,650",Not yet rated,NULL,N/A
CTHR,$1.2113,1441386958488,"8,650",50% bullish,of 2 ratings,$2.50
GTLS,$23.17,1441386958624,"55,366",50% bullish,of 4 ratings,$40
CHTR,$181.48,1441386958653,"151,778",67% bearish,of 3 ratings,$202
CHFN,$12.09,1441386958723,"5,408",Not yet rated,NULL,$14
CHEK,NULL,1441386958948,0,Not yet rated,NULL,$7.75
CEMI,$4.22,1441386959008,"2,948",50% bullish,of 2 ratings,$7.50
CHKP,$77.81,1441386959038,"419,920",50% bullish,of 4 ratings,$92
CHEKW,NULL,1441386959065,0,Not yet rated,NULL,N/A
CHFC,$30.3,1441386959104,"25,797",100% bearish,of 1 rating,$36
CCXI,$6.23,1441386959136,"8,902",67% bullish,of 3 ratings,$14
CHMG,$26.36,1441386959201,200,Not yet rated,NULL,$30
CHKE,$25.54,1441386959457,"5,215",100% bearish,of 1 rating,$32.50
CHEV,$14.3458,1441386959635,966,Not yet rated,NULL,N/A
CHMA,$28.13,1441386959660,"39,936",Not yet rated,NULL,$40
CBNK,$16.78,1441386959707,200,100% bearish,of 1 rating,N/A
CAAS,$6.0046,1441386959910,"2,779",93% bullish,of 14 ratings,$11.50
CMRX,$48.65,1441386959940,"70,255",50% bullish,of 2 ratings,$57
CALI,NULL,1441386959968,0,67% bullish,of 3 ratings,N/A
CBPO,$93.19,1441386959995,"33,195",75% bullish,of 8 ratings,$140.50
PLCE,$58.11,1441386960069,"38,359",100% bearish,of 1 rating,$69
CADC,$3.34,1441386960127,400,78% bullish,of 9 ratings,N/A
CCCR,$0.7257,1441386960199,200,67% bearish,of 3 ratings,N/A
CBAK,$2.05,1441386960266,"68,657",67% bullish,of 9 ratings,N/A
JRJC,$3.44,1441386960407,"13,220",82% bullish,of 11 ratings,N/A
CCCL,NULL,1441386960428,0,100% bullish,of 6 ratings,N/A
CHOP,$1.0937,1441386960510,235,50% bullish,of 2 ratings,N/A
HGSH,$1.77,1441386960643,901,67% bullish,of 3 ratings,N/A
CHLN,$1.8,1441386960788,300,67% bullish,of 3 ratings,N/A
CJJD,$1.8,1441386960817,"1,200",100% bullish,of 1 rating,N/A
CREG,$0.6301,1441386960923,"12,550",100% bullish,of 3 ratings,N/A
CNIT,$1.1501,1441386960953,"36,830",67% bullish,of 6 ratings,N/A
CHNR,NULL,1441386960974,0,100% bearish,of 1 rating,N/A
HTHT,$25.505,1441386961006,"27,552",50% bullish,of 2 ratings,$28.40
CPGI,$6.905,1441386961136,"1,900",Not yet rated,NULL,N/A
CNYD,$3.21,1441386961375,200,67% bullish,of 3 ratings,N/A
CNTF,$0.8096,1441386961402,"12,586",Not yet rated,NULL,N/A
CXDC,$6.1399,1441386961436,"16,668",67% bearish,of 3 ratings,N/A
CSUN,$1.3563,1441386961533,"7,025",80% bullish,of 5 ratings,N/A
CCIH,$7.41,1441386961560,"63,903",67% bullish,of 6 ratings,$12.65
CNET,$0.84,1441386961585,"12,960",50% bullish,of 2 ratings,N/A
IMOS,$19.4,1441386961800,"62,276",60% bullish,of 5 ratings,$21.50
CHSCM,$26.2526,1441386961878,"5,423",Not yet rated,NULL,N/A
CHSCL,$27.3,1441386961913,"7,564",Not yet rated,NULL,N/A
CHSCN,$27.0086,1441386961946,855,Not yet rated,NULL,N/A
CHSCP,$30.694,1441386962008,100,Not yet rated,NULL,N/A
CHSCO,$28.42,1441386962039,768,Not yet rated,NULL,N/A
CHDN,$133.41,1441386962064,"22,511",Not yet rated,NULL,$165
CHUY,$31.36,1441386962377,"25,754",50% bullish,of 2 ratings,$34
CDTX,$14.15,1441386962416,"9,385",Not yet rated,NULL,$22
CIFC,$6.85,1441386962442,"7,235",100% bearish,of 1 rating,N/A
CMPR,$70.25,1441386962570,"44,338",50% bullish,of 2 ratings,$72.50
CIDM,$0.5801,1441386962657,"6,915",50% bullish,of 2 ratings,$2.10
CMCT,NULL,1441386962684,0,100% bearish,of 1 rating,N/A
CINF,$51.8,1441386962705,"132,809",50% bullish,of 4 ratings,$50.50
CTAS,$83.98,1441386962755,"93,740",100% bearish,of 1 rating,$91
CRUS,$29.48,1441386962890,"158,178",75% bullish,of 12 ratings,$44.50
CPHR,$5,1441386962959,900,100% bearish,of 1 rating,$17
CSCO,$25.5,1441386963019,"6,569,713",83% bullish,of 210 ratings,$32
CTRN,$25.95,1441386963120,"23,017",100% bearish,of 1 rating,$31.50
CZNC,$19.5983,1441386963147,"2,553",Not yet rated,NULL,N/A
CZWI,$9,1441386963174,316,Not yet rated,NULL,N/A
CZFC,NULL,1441386963202,0,Not yet rated,NULL,N/A
CIZN,NULL,1441386963307,0,Not yet rated,NULL,N/A
CTXS,$67.905,1441386963499,"395,168",86% bullish,of 7 ratings,$80
CLNE,$5.22,1441386963634,"212,711",80% bullish,of 15 ratings,$9
CDTI,$1.56,1441386963660,"17,050",75% bullish,of 4 ratings,$3.20
CIVBP,NULL,1441386963682,0,Not yet rated,NULL,N/A
CHCO,$47.04,1441386963715,"9,358",Not yet rated,NULL,$46
CIVB,$10.0001,1441386963736,"1,550",Not yet rated,NULL,$11
CLFD,$17.03,1441386963870,"2,849",67% bullish,of 3 ratings,$18
CLNT,$1.55,1441386963931,"4,600",75% bullish,of 8 ratings,N/A
CLRO,$11.45,1441386964003,100,50% bullish,of 2 ratings,$14.25
CLIR,$5.03,1441386964139,"23,178",100% bullish,of 3 ratings,N/A
CBLI,$4.1696,1441386964181,"9,719",60% bullish,of 5 ratings,N/A
CMFN,$11.18,1441386964209,"6,287",100% bearish,of 1 rating,$15.50
CLVS,$81.29,1441386964239,"91,102",60% bullish,of 5 ratings,$101.50
CSBK,$13.82,1441386964273,"13,182",Not yet rated,NULL,N/A
CME,$92.44,1441386964375,"486,676",67% bullish,of 3 ratings,$102
CISG,$7.68,1441386964559,"2,100",100% bullish,of 5 ratings,$10
CCNE,$16.9,1441386964584,"3,369",50% bullish,of 2 ratings,$21.50
CWAY,$11.28,1441386964806,"1,600",Not yet rated,NULL,N/A
COBZ,$12.76,1441386964870,"10,815",100% bullish,of 1 rating,$14
COKE,$158.73,1441386964896,"3,418",79% bullish,of 19 ratings,N/A
CNV,$4.33,1441386964923,"16,284",50% bullish,of 2 ratings,$7.15
CDRB,$9.39,1441386964949,"15,339",67% bullish,of 3 ratings,N/A
CDXS,$3.55,1441386965084,"16,272",64% bullish,of 11 ratings,$6
CVLY,NULL,1441386965115,0,Not yet rated,NULL,N/A
JVA,$4.6838,1441386965141,"3,500",83% bullish,of 6 ratings,$7
CGNX,$34.5,1441386965384,"93,627",50% bullish,of 2 ratings,$47
CCOI,$27.24,1441386965416,"77,335",50% bullish,of 4 ratings,$35
CGNT,$1.54,1441386965446,800,100% bullish,of 2 ratings,$2
CTSH,$61.61,1441386965513,"861,562",90% bullish,of 10 ratings,$75
COHR,$55.085,1441386965552,"19,851",50% bullish,of 2 ratings,$72
COHU,$9.51,1441386965683,"11,631",100% bearish,of 1 rating,$14.25
CLRX,$0.6898,1441386965734,"11,404",50% bullish,of 2 ratings,N/A
CHRS,$25.57,1441386965809,"70,757",67% bearish,of 3 ratings,$37
CLCT,$17.883,1441386965912,"6,566",100% bearish,of 1 rating,N/A
CBAN,NULL,1441386965945,0,Not yet rated,NULL,N/A
CIGI,$41.67,1441386965970,"13,435",100% bearish,of 1 rating,$52
COLL,$15.44,1441386966001,"15,192",100% bearish,of 1 rating,$26
CLCD,$5.75,1441386966073,"27,804",100% bearish,of 1 rating,$20.50
COLM,$60.925,1441386966319,"21,647",100% bearish,of 1 rating,$71
CMCO,$18.8147,1441386966345,"9,509",60% bullish,of 5 ratings,$28
COLB,$29.24,1441386966371,"21,910",Not yet rated,NULL,$36
CMCSK,$56.33,1441386966503,"1,086,508",Not yet rated,NULL,$84
CMCSA,$55.33,1441386966529,"2,778,801",66% bullish,of 35 ratings,$69.50
CBMX,$1.12,1441386966598,"5,300",83% bullish,of 6 ratings,$3.15
CBSH,$43.3,1441386966703,"63,040",50% bullish,of 2 ratings,$46
CVGI,$4.81,1441386966763,"15,743",50% bullish,of 2 ratings,$6
CUBN,NULL,1441386966789,0,Not yet rated,NULL,N/A
CBSHP,$25.396,1441386966810,"2,458",100% bearish,of 1 rating,N/A
CSAL,$20.06,1441386966956,"131,442",75% bullish,of 4 ratings,$30
COMM,$32.46,1441386966999,"142,356",67% bearish,of 3 ratings,$35
JCS,$8.92,1441386967099,"2,650",67% bullish,of 3 ratings,N/A
ESXB,NULL,1441386967129,0,Not yet rated,NULL,N/A
CYHHZ,$0.01,1441386967279,"7,982",100% bullish,of 1 rating,N/A
CTBI,$34.47,1441386967411,"4,104",Not yet rated,NULL,$36
CWBC,NULL,1441386967555,0,Not yet rated,NULL,N/A
COB,$10.2,1441386967608,"1,600",100% bullish,of 1 rating,$11.75
CVLT,$35.35,1441386967681,"166,280",75% bullish,of 4 ratings,$44.50
CIZ,$31.99,1441386967706,"12,709",100% bearish,of 1 rating,N/A
CIL,NULL,1441386967732,0,Not yet rated,NULL,N/A
CSA,NULL,1441386967782,0,Not yet rated,NULL,N/A
CID,$32.38,1441386967926,"1,305",Not yet rated,NULL,N/A
CDC,$33.79,1441386967955,"40,192",Not yet rated,NULL,N/A
CSF,$36.03,1441386968058,"1,354",100% bearish,of 1 rating,N/A
CFA,$34.8288,1441386968097,500,100% bearish,of 1 rating,N/A
CFO,$34.64,1441386968127,"37,690",100% bearish,of 1 rating,N/A
CDL,$32.826,1441386968295,"1,157",Not yet rated,NULL,N/A
CSB,NULL,1441386968394,0,Not yet rated,NULL,N/A
CGEN,$5.04,1441386968479,"25,936",50% bullish,of 2 ratings,$11
CTG,$6.59,1441386968559,"3,571",100% bearish,of 1 rating,$8.50
SCOR,$47.5,1441386968657,"121,440",100% bearish,of 1 rating,$66
CMTL,$25.93,1441386968732,"5,126",100% bearish,of 2 ratings,$37
CPSI,$45.22,1441386968800,"16,271",100% bearish,of 1 rating,$45.50
CHCI,$0.73,1441386968827,800,50% bullish,of 2 ratings,N/A
CNSI,$18.09,1441386968876,"19,951",100% bearish,of 2 ratings,$29
CXRX,$82.95,1441386968970,300,100% bearish,of 1 rating,$90
CNAT,$3.855,1441386969003,"30,114",83% bullish,of 6 ratings,$13
CNCE,$15.95,1441386969079,"24,251",75% bullish,of 4 ratings,$22
CCUR,$5.44,1441386969148,155,75% bullish,of 4 ratings,N/A
CDOR,$1.25,1441386969248,"3,600",100% bullish,of 1 rating,N/A
CDORP,$6.25,1441386969327,300,100% bearish,of 1 rating,N/A
CDORO,NULL,1441386969352,0,100% bearish,of 1 rating,N/A
CNFR,$10.06,1441386969535,12,Not yet rated,NULL,N/A
CFMS,$13.94,1441386969566,"135,194",100% bearish,of 1 rating,$26.50
CTWS,$34.16,1441386969662,"3,122",100% bearish,of 1 rating,$44
CNMD,$50.44,1441386969692,"39,149",Not yet rated,NULL,$59
CNOB,$18.75,1441386969724,"8,879",100% bullish,of 1 rating,$23.50
CNXR,$6.938,1441386969754,"65,408",100% bearish,of 1 rating,$12
CONN,$28.31,1441386969822,"148,969",67% bullish,of 3 ratings,$48.50
CNSL,$19.42,1441386969884,"52,873",100% bearish,of 1 rating,$23
CWCO,$10.39,1441386970065,"31,362",67% bullish,of 3 ratings,$14.50
CTCT,$24.24,1441386970153,"52,134",67% bullish,of 3 ratings,$37
CPSS,$5.53,1441386970206,"4,737",100% bullish,of 1 rating,$10
CFRXW,$1.7,1441386970293,500,100% bearish,of 1 rating,N/A
CFRXZ,NULL,1441386970425,0,Not yet rated,NULL,N/A
CFRX,$4.84,1441386970452,300,Not yet rated,NULL,$14
CTRV,$3.45,1441386970531,"4,550",Not yet rated,NULL,$6.40
CTRL,$8.27,1441386970609,"50,598",50% bullish,of 2 ratings,$11
CORT,$4.915,1441386970708,"95,338",67% bullish,of 3 ratings,$12
CPRT,$34.79,1441386970739,"94,831",67% bearish,of 3 ratings,$40
BVA,NULL,1441386970806,0,50% bullish,of 2 ratings,N/A
CRBP,$1.8612,1441386970833,"54,225",100% bullish,of 2 ratings,$6.25
CORE,$58.54,1441386971043,"32,950",100% bearish,of 1 rating,$72
CORI,$10.3,1441386971064,"29,670",100% bearish,of 1 rating,$18
CSOD,$36.57,1441386971143,"80,510",50% bullish,of 2 ratings,$42
COSI,$1.07,1441386971407,"2,559",100% bullish,of 1 rating,N/A
CSGP,$174.97,1441386971478,"19,364",50% bullish,of 2 ratings,$235
ICBK,NULL,1441386971542,0,Not yet rated,NULL,$21
CPAH,$0.4376,1441386971568,100,50% bullish,of 2 ratings,N/A
COST,$138.415,1441386971621,"475,848",79% bullish,of 24 ratings,$154.50
COWN,$5.015,1441386971647,"190,892",75% bullish,of 4 ratings,$7
COVS,$2.515,1441386971725,"11,872",67% bullish,of 3 ratings,N/A
CRVL,$30.45,1441386971888,"3,908",100% bearish,of 1 rating,N/A
COWNL,$26.62,1441386972055,113,Not yet rated,NULL,N/A
CVTI,$22.69,1441386972116,"14,333",67% bearish,of 3 ratings,$39
CPSH,$2.41,1441386972190,702,Not yet rated,NULL,N/A
CBRL,$146.23,1441386972221,"42,482",50% bullish,of 2 ratings,$155
CRAI,$23.11,1441386972294,"4,200",100% bearish,of 1 rating,$36
BREW,$7.6104,1441386972320,"5,605",67% bullish,of 6 ratings,$15
CACC,$198.01,1441386972379,"32,181",50% bullish,of 2 ratings,$158.50
CRAY,$20.53,1441386972451,"48,702",83% bullish,of 6 ratings,$38.50
GLDI,$11.02,1441386972541,"17,502",100% bearish,of 1 rating,N/A
CREE,$25.89,1441386972606,"199,028",65% bullish,of 17 ratings,$29.50
SLVO,$10.08,1441386972630,237,100% bearish,of 1 rating,N/A
CRESY,$10.04,1441386972788,"6,079",100% bearish,of 1 rating,$19
CROX,$13.96,1441386972878,"304,593",63% bullish,of 8 ratings,$16.50
CRTO,$37.025,1441386972951,"191,518",67% bullish,of 6 ratings,$64
CCRN,$14.045,1441386973016,"134,339",100% bearish,of 1 rating,$14.25
CRDS,$1.1605,1441386973043,"76,152",50% bullish,of 4 ratings,$3.375
CRWS,$8.07,1441386973118,"5,500",Not yet rated,NULL,$10
CRWN,$5.22,1441386973252,"68,104",75% bullish,of 4 ratings,N/A
CYRXW,$0.745,1441386973324,"8,500",Not yet rated,NULL,N/A
CTCM,$1.7,1441386973424,"26,600",80% bearish,of 5 ratings,$3.90
CCLP,$13.5,1441386973466,"41,620",67% bearish,of 3 ratings,$20
CSPI,$5.63,1441386973569,"3,378",67% bullish,of 3 ratings,N/A
CTIC,$1.52,1441386973597,"161,060",84% bullish,of 76 ratings,$5.75
CSGS,$29.57,1441386973625,"48,514",Not yet rated,NULL,$40
CYRX,$2.956,1441386973651,"10,378",Not yet rated,NULL,$9
CTIB,NULL,1441386973842,0,100% bearish,of 1 rating,N/A
CTRP,$63.796,1441386973872,"458,874",75% bullish,of 8 ratings,$92.50
CUNB,$21.725,1441386973977,"4,364",Not yet rated,NULL,$24.50
CUI,$5.15,1441386974084,"8,109",50% bullish,of 2 ratings,$10
CUTR,$14.89,1441386974223,"33,661",67% bearish,of 3 ratings,$18
CPIX,$6.118,1441386974252,"4,010",Not yet rated,NULL,N/A
CMLS,$1.31,1441386974311,"41,893",50% bullish,of 4 ratings,$6
CRIS,$2.54,1441386974405,"32,210",100% bullish,of 8 ratings,$6
CVBF,$15.85,1441386974437,"42,873",Not yet rated,NULL,$18
CVV,$11.22,1441386974464,"1,812",100% bullish,of 5 ratings,N/A
CYAN,$6.43,1441386974485,950,100% bearish,of 1 rating,N/A
CYBR,$45.76,1441386974537,"1,180,109",75% bullish,of 8 ratings,$68.50
CYBX,$64.62,1441386974669,"40,015",50% bullish,of 4 ratings,$71.50
CYCC,$0.56,1441386974802,"24,692",73% bullish,of 11 ratings,N/A
CBAY,$2.69,1441386975010,"5,500",100% bullish,of 1 rating,$4
CYBE,$6.9,1441386975036,"5,218",100% bearish,of 1 rating,N/A
CYNA,$16.01,1441386975103,"3,402",50% bullish,of 2 ratings,$31.50
CYCCP,$5.51,1441386975163,"1,504",100% bearish,of 1 rating,N/A
CYNO,$32.73,1441386975235,"63,732",67% bearish,of 3 ratings,$45.50
CY,$9.91,1441386975262,"764,097",80% bullish,of 10 ratings,$15.50
CYTK,$7.19,1441386975299,"52,819",71% bullish,of 14 ratings,$13.50
CYTX,$0.3691,1441386975431,"603,424",83% bullish,of 12 ratings,$5.50
CONE,$31.795,1441386975463,"145,072",67% bearish,of 3 ratings,$35.50
CTSO,$7.2701,1441386975484,"20,495",Not yet rated,NULL,$15.625
CYRN,$1.715,1441386975560,"9,620",67% bullish,of 3 ratings,$4
DAEG,$0.36,1441386975709,95,100% bearish,of 1 rating,N/A
CYTR,$2.46,1441386975815,"137,902",67% bullish,of 6 ratings,$10
TVIZ,$24.51,1441386975854,"1,900",100% bearish,of 1 rating,N/A
ZIV,$34.68,1441386975897,"24,367",Not yet rated,NULL,N/A
TVIX,$17.37,1441386975998,"7,118,345",81% bullish,of 16 ratings,N/A
XIV,$22.4779,1441386976037,"10,786,570",75% bearish,of 4 ratings,N/A
DARA,$0.83,1441386976270,"23,427",83% bullish,of 6 ratings,$1.50
DAIO,$2.51,1441386976300,200,Not yet rated,NULL,N/A
DRAM,$1.27,1441386976332,"7,500",78% bullish,of 9 ratings,N/A
DTLK,$5.55,1441386976353,"33,059",100% bearish,of 1 rating,$9
DJCO,$196.76,1441386976383,64,Not yet rated,NULL,N/A
DAKT,$8.54,1441386976404,"77,548",50% bullish,of 2 ratings,$12
DTEA,$13.26,1441386976621,"10,840",100% bearish,of 2 ratings,$24
DWCH,$4.955,1441386976646,"6,827",75% bullish,of 4 ratings,$8.25
PLAY,$36.48,1441386976672,"140,520",100% bullish,of 5 ratings,$42
DBVT,$36.84,1441386976903,"39,540",100% bearish,of 1 rating,$53
DWSN,$4.26,1441386976937,"8,536",67% bullish,of 3 ratings,N/A
DHRM,$1.61,1441386977063,494,Not yet rated,NULL,N/A
TRAK,$62.88,1441386977093,"318,225",50% bullish,of 2 ratings,$62.50
TACOW,$4.736,1441386977114,"2,900",100% bullish,of 1 rating,N/A
DGAS,$20.3,1441386977146,944,67% bearish,of 3 ratings,N/A
TACO,$13.01,1441386977176,"9,655",75% bullish,of 4 ratings,$20
DFRG,$14.24,1441386977276,"45,233",100% bearish,of 1 rating,$20
DCTH,$0.496,1441386977341,"499,569",78% bullish,of 9 ratings,N/A
DELT,$2.05,1441386977407,860,Not yet rated,NULL,N/A
DELTW,NULL,1441386977489,0,Not yet rated,NULL,N/A
XRAY,$51.008,1441386977683,"221,436",100% bullish,of 1 rating,$58
DENN,$11.33,1441386977711,"103,265",100% bullish,of 3 ratings,$15
DEPO,$26.37,1441386977840,"119,982",60% bullish,of 5 ratings,$29
DXLG,$6.46,1441386978064,"71,923",100% bearish,of 1 rating,$8
DSCI,$6.16,1441386978090,"39,273",50% bullish,of 2 ratings,$16
DERM,$25.36,1441386978117,"10,275",100% bearish,of 1 rating,$33.50
DEST,$10.22,1441386978158,"6,732",50% bullish,of 2 ratings,N/A
DXCM,$87.7486,1441386978213,"96,520",57% bullish,of 7 ratings,$98
DXM,$0.2706,1441386978234,"39,169",50% bullish,of 2 ratings,N/A
DSWL,$1.5399,1441386978271,"4,300",100% bullish,of 1 rating,N/A
DHXM,$6.05,1441386978377,500,100% bearish,of 1 rating,N/A
DMND,$30.49,1441386978476,"15,533",75% bullish,of 12 ratings,$32
DHIL,$188.95,1441386978607,500,Not yet rated,NULL,N/A
FANG,$66.04,1441386978652,"219,301",50% bullish,of 2 ratings,$86
DCIX,$1.6,1441386978677,"18,579",50% bullish,of 4 ratings,$3.50
DMRC,$37.75,1441386978907,"9,820",100% bearish,of 1 rating,$44
DGII,$10.275,1441386978935,"4,306",100% bearish,of 1 rating,$11
DGLY,$7.2331,1441386978956,"15,943",50% bullish,of 6 ratings,$20
DRAD,$3.7552,1441386979087,"7,469",100% bullish,of 1 rating,$5.25
DIOD,$22.72,1441386979113,"170,871",75% bearish,of 4 ratings,$24
DRNA,$10.88,1441386979163,"53,747",67% bearish,of 3 ratings,$25
DPRX,$14.06,1441386979296,"11,105",100% bullish,of 2 ratings,$27.75
APPS,$2.1,1441386979324,"27,731",100% bearish,of 1 rating,$10.25
DISCB,NULL,1441386979353,0,100% bearish,of 1 rating,$35
DISCA,$26.67,1441386979381,"428,984",67% bullish,of 3 ratings,$34
DCOM,$16.56,1441386979459,"13,675",100% bearish,of 2 ratings,$16
DISCK,$25.35,1441386979672,"293,045",100% bearish,of 1 rating,$32
DSCO,$0.452,1441386979757,"147,205",83% bullish,of 6 ratings,$2.75
DISH,$58.62,1441386979902,"400,100",69% bullish,of 13 ratings,$73
BAGR,$2.6716,1441386979929,"8,408",100% bearish,of 1 rating,$6
DVCR,NULL,1441386979949,0,100% bullish,of 1 rating,N/A
DLHC,$2.4928,1441386979989,100,100% bearish,of 1 rating,N/A
DNBF,$26,1441386980086,600,Not yet rated,NULL,$27.50
DGICA,$13.69,1441386980121,"3,525",100% bearish,of 1 rating,$17
DLTR,$68.19,1441386980192,"2,375,002",82% bullish,of 11 ratings,$85
DGICB,NULL,1441386980290,0,100% bearish,of 1 rating,N/A
DMLP,$14.8146,1441386980471,"4,384",100% bearish,of 1 rating,N/A
DORM,$50.03,1441386980522,"90,967",100% bearish,of 1 rating,$56
DRWI,$0.2074,1441386980600,"97,023",60% bullish,of 5 ratings,$.45
HILL,$9.7,1441386980629,"236,395",60% bearish,of 5 ratings,$9.75
DWA,$20.51,1441386980734,"167,817",63% bullish,of 8 ratings,$26
DRYS,$0.4466,1441386980877,"725,576",77% bullish,of 31 ratings,$.60
DRWIW,$0.0445,1441386980904,"7,100",Not yet rated,NULL,N/A
DSKX,$3.26,1441386980983,"22,778",100% bullish,of 1 rating,N/A
DSPG,$8.86,1441386981046,"7,466",100% bearish,of 1 rating,$13.50
CADT,$10,1441386981071,400,Not yet rated,NULL,N/A
CADTR,NULL,1441386981126,0,Not yet rated,NULL,N/A
CADTW,NULL,1441386981151,0,Not yet rated,NULL,N/A
CADTU,NULL,1441386981281,0,Not yet rated,NULL,N/A
DTSI,$27.204,1441386981415,"19,693",100% bearish,of 2 ratings,$39.50
DNKN,$48.64,1441386981570,"169,834",67% bullish,of 15 ratings,$56.50
DRRX,$2.0302,1441386981598,"80,269",50% bullish,of 6 ratings,$3
DXPE,$29.75,1441386981670,"35,534",50% bullish,of 2 ratings,N/A
DYAX,$21.68,1441386981727,"139,176",89% bullish,of 9 ratings,$30
DYSL,$1.5205,1441386981775,"3,188",100% bullish,of 2 ratings,N/A
BOOM,$10.21,1441386981812,"51,739",67% bullish,of 3 ratings,$12
DVAX,$27.79,1441386982009,"51,904",70% bullish,of 10 ratings,$40
EBMT,$11.5,1441386982039,300,Not yet rated,NULL,$13.50
DYNT,$3.1032,1441386982108,200,75% bullish,of 4 ratings,N/A
EGLE,$6.53,1441386982138,"17,256",60% bullish,of 5 ratings,N/A
EGBN,$40.86,1441386982195,"11,734",Not yet rated,NULL,$48
EGRX,$77.24,1441386982242,"47,116",67% bullish,of 3 ratings,$97
ETFC,$25.305,1441386982268,"1,047,906",57% bullish,of 14 ratings,$32.50
EROC,$1.45,1441386982411,"87,171",50% bullish,of 2 ratings,$3
ELNK,$8.48,1441386982543,"150,084",60% bullish,of 5 ratings,$9.50
EML,$16.22,1441386982684,"1,112",Not yet rated,NULL,N/A
EWBC,$38.69,1441386982709,"163,577",100% bearish,of 1 rating,$50
EACQU,NULL,1441386982770,0,Not yet rated,NULL,N/A
EVBS,$6.68,1441386982851,100,Not yet rated,NULL,$7
EBAY,$26.38,1441386982878,"2,601,864",81% bullish,of 117 ratings,$34
EBIX,$27.58,1441386982909,"65,830",69% bullish,of 13 ratings,$40
ECTE,$1.5424,1441386983004,"2,510",75% bullish,of 4 ratings,N/A
ECHO,$22.71,1441386983111,"64,014",67% bearish,of 3 ratings,$34.50
ELON,$0.5925,1441386983141,"1,155",50% bullish,of 2 ratings,N/A
EEI,$11.8,1441386983219,"1,251",67% bearish,of 3 ratings,N/A
SATS,$43.17,1441386983273,"30,309",50% bullish,of 2 ratings,$60
ECACU,$10.1,1441386983323,5,Not yet rated,NULL,N/A
ESES,$3.11,1441386983415,300,100% bearish,of 1 rating,$7
EDGW,$7.201,1441386983504,"2,412",100% bearish,of 1 rating,N/A
EDAP,$3.5351,1441386983564,"4,658",60% bullish,of 5 ratings,$4.50
EDUC,$6.5399,1441386983670,"12,712",100% bearish,of 1 rating,N/A
EFUT,$4.51,1441386983812,300,Not yet rated,NULL,N/A
EGAN,$3.6607,1441386983841,"1,300",50% bullish,of 2 ratings,$6.25
EHTH,$14.68,1441386983867,"19,110",50% bullish,of 4 ratings,$17
EGLT,$12.91,1441386983970,"16,554",50% bullish,of 2 ratings,$21
EMITF,$1.236,1441386984019,"1,954",75% bullish,of 4 ratings,N/A
LOCO,$12.51,1441386984049,"173,478",69% bullish,of 13 ratings,$19.50
ESLT,$78.045,1441386984100,"1,082",67% bullish,of 3 ratings,N/A
ERI,$9.23,1441386984195,"15,368",100% bearish,of 1 rating,$10
ELRC,$10.5,1441386984324,"2,870",100% bearish,of 1 rating,N/A
ESIO,$4.485,1441386984350,"60,129",50% bullish,of 2 ratings,$10
EA,$66.16,1441386984501,"1,052,924",78% bullish,of 36 ratings,$80
EFII,$42.89,1441386984536,"19,689",80% bullish,of 5 ratings,$55
ELSE,NULL,1441386984591,0,60% bullish,of 5 ratings,N/A
ELECU,NULL,1441386984789,0,Not yet rated,NULL,N/A
ELECW,NULL,1441386984815,0,Not yet rated,NULL,N/A
EBIO,$3.31,1441386984895,"91,387",100% bearish,of 2 ratings,$8.35
ELEC,NULL,1441386984977,0,Not yet rated,NULL,N/A
RDEN,$11.115,1441386985076,"14,874",100% bearish,of 4 ratings,$15
CAPX,NULL,1441386985119,0,Not yet rated,NULL,N/A
ESBK,$19.5696,1441386985219,500,Not yet rated,NULL,N/A
ELTK,$1.3199,1441386985275,"8,382",67% bearish,of 3 ratings,N/A
EMCI,$21.66,1441386985301,"6,669",Not yet rated,NULL,N/A
LONG,$16.87,1441386985354,"11,616",67% bullish,of 3 ratings,$15.75
EMCF,NULL,1441386985380,0,100% bearish,of 1 rating,N/A
EMKR,$6.79,1441386985546,"27,908",75% bullish,of 4 ratings,$8.50
NYNY,$4.38,1441386985717,"13,927",50% bullish,of 2 ratings,N/A
ERS,$3,1441386985746,"3,046",Not yet rated,NULL,N/A
EMMS,$1.28,1441386985767,"13,682",67% bullish,of 6 ratings,N/A
EMMSP,NULL,1441386985798,0,100% bearish,of 1 rating,N/A
ENTA,$38.46,1441386985824,"40,997",50% bullish,of 2 ratings,$42
ECPG,$37.11,1441386986047,"77,663",100% bullish,of 2 ratings,$52
ELGX,$12.755,1441386986177,"103,032",75% bullish,of 4 ratings,$17
WIRE,$32.23,1441386986226,"36,583",100% bearish,of 1 rating,$37
EIGI,$14.85,1441386986252,"33,534",67% bearish,of 3 ratings,$22.50
ENDP,$72.97,1441386986408,"434,373",50% bullish,of 6 ratings,$101.50
WATT,$6.92,1441386986437,"25,865",50% bullish,of 2 ratings,$13
ECYT,$5.035,1441386986462,"74,250",83% bullish,of 6 ratings,$12
EFOI,$25.0299,1441386986568,"241,867",50% bullish,of 2 ratings,$24.50
ENOC,$8.81,1441386986658,"47,619",75% bullish,of 4 ratings,$18
EXXI,$1.82,1441386986710,"380,303",86% bullish,of 7 ratings,$3.50
ERII,$2.56,1441386986736,"2,973",80% bullish,of 5 ratings,$2.50
ENG,$1.0399,1441386986814,343,100% bullish,of 3 ratings,N/A
ENPH,$4.5,1441386986898,"311,554",75% bullish,of 4 ratings,$10
ESGR,$149.85,1441386986946,"28,385",100% bearish,of 1 rating,$185
ENFC,$17.4,1441386987137,100,Not yet rated,NULL,N/A
ETRM,$0.28,1441386987276,"252,515",69% bearish,of 35 ratings,$1.625
ENTG,$13.43,1441386987315,"73,020",100% bearish,of 1 rating,$18
ENTL,$21.51,1441386987371,"211,867",Not yet rated,NULL,$28
EFSC,$23.46,1441386987400,"13,547",Not yet rated,NULL,$27
ENVI,$1.8698,1441386987475,"601,785",67% bullish,of 3 ratings,N/A
EBTC,$20.9,1441386987503,311,Not yet rated,NULL,N/A
EGT,NULL,1441386987632,0,100% bullish,of 1 rating,N/A
ENZY,$10.35,1441386987770,"11,298",67% bullish,of 3 ratings,$9.50
ENZN,$1.02,1441386987800,"48,314",100% bullish,of 9 ratings,N/A
EPZM,$19.42,1441386987872,"131,243",60% bullish,of 5 ratings,$34
EPIQ,$12.46,1441386987897,"7,895",100% bearish,of 1 rating,$18
PLUS,$74.17,1441386987944,"37,952",50% bullish,of 2 ratings,$88
EPRS,$5.1,1441386987969,"12,020",82% bullish,of 11 ratings,$15
EQIX,$269.72,1441386988219,"221,988",75% bullish,of 4 ratings,$312.50
EQFN,NULL,1441386988310,0,100% bearish,of 1 rating,N/A
EAC,$3.44,1441386988347,"1,527",100% bearish,of 1 rating,$8
ERIE,$80,1441386988379,"2,251",Not yet rated,NULL,$73
ERIC,$9.56,1441386988400,"583,330",67% bullish,of 9 ratings,$12.20
ESMC,$1.29,1441386988482,609,Not yet rated,NULL,N/A
ESCR,$0.2399,1441386988528,"212,990",50% bullish,of 2 ratings,N/A
ESCA,$17.81,1441386988614,"2,078",100% bearish,of 1 rating,$22
ESCRP,$1.2105,1441386988639,"5,568",100% bearish,of 1 rating,N/A
ESSA,$12.8501,1441386988809,"1,180",100% bearish,of 1 rating,N/A
ESPR,$43.89,1441386988892,"276,897",70% bearish,of 10 ratings,$115
EPIX,NULL,1441386988918,0,Not yet rated,NULL,N/A
ETSY,$14.045,1441386989048,"95,825",80% bullish,of 5 ratings,$16
ESND,$33.56,1441386989074,"25,186",100% bearish,of 2 ratings,$40
ESSX,NULL,1441386989104,0,50% bullish,of 2 ratings,N/A
ESEA,$4.4,1441386989205,"1,299",100% bullish,of 1 rating,$15
CLWT,NULL,1441386989262,0,100% bearish,of 1 rating,N/A
EVEP,$7.6601,1441386989302,"203,693",50% bullish,of 2 ratings,$15
EVK,$3.57,1441386989330,201,75% bearish,of 4 ratings,N/A
EEFT,$64.86,1441386989356,"46,615",100% bearish,of 1 rating,$67.50
EVLV,$2.56,1441386989490,"28,264",60% bullish,of 5 ratings,$4.625
EVOK,$3.59,1441386989515,"21,652",100% bearish,of 1 rating,$13.375
EVOL,$5.7899,1441386989541,"4,447",75% bullish,of 4 ratings,$10
EXA,$10.75,1441386989743,"12,917",100% bearish,of 1 rating,$13
EXAS,$20.87,1441386989802,"160,552",78% bullish,of 9 ratings,$31
EXFO,$2.83,1441386989875,180,67% bearish,of 3 ratings,$3.95
EXEL,$5.55,1441386989943,"1,120,708",81% bullish,of 16 ratings,$6
EXAC,$19.08,1441386990006,"11,670",100% bearish,of 1 rating,$22.50
EXPE,$110.622,1441386990033,"222,694",64% bullish,of 11 ratings,$130
EXPD,$47.75,1441386990074,"820,717",80% bullish,of 5 ratings,$52
EXLS,$35.85,1441386990107,"11,241",50% bullish,of 2 ratings,$41
EXPO,$42.44,1441386990206,"9,229",100% bearish,of 1 rating,$45.50
ESRX,$82.69,1441386990271,"722,824",67% bearish,of 6 ratings,$101
EXLP,$18.21,1441386990341,"32,206",100% bearish,of 1 rating,$25
EYEG,$3.81,1441386990486,"1,600",Not yet rated,NULL,N/A
EXTR,$3.165,1441386990514,"98,929",80% bullish,of 5 ratings,$3
EZCH,$22.89,1441386990726,"41,881",75% bullish,of 8 ratings,$19
FFIV,$119,1441386990759,"191,779",63% bullish,of 8 ratings,$132
EZPW,$5.892,1441386990781,"36,155",50% bullish,of 4 ratings,$7
FCS,$13.56,1441386990813,"255,061",67% bearish,of 3 ratings,$17
EYEGW,NULL,1441386990833,0,Not yet rated,NULL,N/A
FB,$87.144,1441386990855,"9,225,929",73% bullish,of 1075 ratings,$111
FWM,$2.24,1441386991002,"19,050",100% bearish,of 2 ratings,$3.20
FRP,$15.42,1441386991164,"13,623",100% bearish,of 1 rating,$18
FFKT,$25.72,1441386991207,"9,061",Not yet rated,NULL,$29
FALC,$1.68,1441386991234,"10,990",63% bearish,of 8 ratings,N/A
DAVE,$14.59,1441386991255,"6,889",100% bearish,of 1 rating,$15.50
FARM,$22.95,1441386991308,"4,019",100% bearish,of 1 rating,$35
FMNB,$8.27,1441386991387,"3,400",Not yet rated,NULL,N/A
FARO,$36.91,1441386991616,"21,411",50% bullish,of 2 ratings,$48
FBSS,NULL,1441386991648,0,Not yet rated,NULL,N/A
FATE,$6,1441386991669,"2,578",50% bullish,of 2 ratings,$11
FAST,$37.48,1441386991704,"464,709",80% bullish,of 5 ratings,$43
FDML,$8.22,1441386991808,"114,028",50% bullish,of 4 ratings,$14
FEIC,$74.74,1441386991833,"50,488",50% bullish,of 2 ratings,$95.50
FBRC,$21.8,1441386991872,"5,233",100% bearish,of 1 rating,$29
FNHC,$21.8,1441386991983,"17,186",100% bearish,of 1 rating,$35
FHCO,$1.39,1441386992036,"4,485",50% bullish,of 4 ratings,N/A
LION,$19.22,1441386992363,"14,208",100% bullish,of 1 rating,$20
FDUS,$14.566,1441386992429,"16,641",50% bullish,of 2 ratings,$18
ONEQ,$183.85,1441386992458,"12,187",100% bullish,of 1 rating,N/A
FENX,$9.49,1441386992479,"24,154",100% bullish,of 1 rating,$14.25
FCSC,$5.6,1441386992517,"24,930",100% bearish,of 1 rating,$8.125
FSFR,$8.8,1441386992607,"13,181",100% bearish,of 1 rating,$11.50
FGEN,$22.8625,1441386992634,"57,632",100% bearish,of 1 rating,$39
FSCFL,$24.6874,1441386992663,"1,400",Not yet rated,NULL,N/A
FSAM,$7.47,1441386992794,"14,206",100% bearish,of 1 rating,$10.25
FRGI,$51.312,1441386992824,"18,221",50% bullish,of 2 ratings,$70
FSC,$6.53,1441386992958,"141,896",60% bullish,of 5 ratings,$8
FITBI,$27.49,1441386993024,"3,880",Not yet rated,NULL,N/A
FITB,$19.13,1441386993091,"1,041,464",54% bullish,of 13 ratings,$22
FNGN,$30.06,1441386993144,"71,871",67% bullish,of 3 ratings,$47
FISI,$24.17,1441386993223,"5,855",100% bullish,of 2 ratings,$24.50
FNSR,$15.14,1441386993292,"252,050",71% bullish,of 7 ratings,$24
FNTC,NULL,1441386993355,0,Not yet rated,NULL,N/A
FNJN,$1.7501,1441386993485,"1,200",100% bearish,of 1 rating,$5
FEYE,$36.44,1441386993524,"2,005,633",88% bullish,of 16 ratings,$55.50
FNTCU,NULL,1441386993554,0,Not yet rated,NULL,N/A
FBNC,$16.85,1441386993630,"4,306",100% bullish,of 1 rating,$20
FNLC,$18.6699,1441386993685,"1,767",100% bullish,of 1 rating,N/A
FNTCW,NULL,1441386993715,0,Not yet rated,NULL,N/A
FRBA,NULL,1441386993774,0,Not yet rated,NULL,$8
BUSE,$6.17,1441386993942,"25,007",Not yet rated,NULL,$6.875
FBIZ,$22.38,1441386994086,"6,288",100% bearish,of 2 ratings,$26
FCAP,$26.2001,1441386994115,314,Not yet rated,NULL,N/A
FCVA,NULL,1441386994245,0,Not yet rated,NULL,N/A
FCFS,$38.71,1441386994271,"18,751",100% bearish,of 3 ratings,$47
FCNCA,$226.52,1441386994293,"1,493",Not yet rated,NULL,N/A
FCBC,$16.97,1441386994328,"2,594",Not yet rated,NULL,$18
FCLF,$9.2,1441386994349,200,Not yet rated,NULL,N/A
FDEF,$35.99,1441386994539,"1,600",Not yet rated,NULL,$38
FCCO,$12.35,1441386994591,200,Not yet rated,NULL,$13.25
FBNK,$15.86,1441386994689,"26,531",100% bearish,of 1 rating,$17.50
FCFP,$6.7,1441386994746,"2,216",Not yet rated,NULL,N/A
FFNM,NULL,1441386994798,0,Not yet rated,NULL,N/A
FFBC,$18.03,1441386994828,"53,044",67% bearish,of 3 ratings,$20.25
FFBCW,NULL,1441386994853,0,100% bearish,of 1 rating,N/A
THFF,$32.11,1441386995037,"8,732",Not yet rated,NULL,$35
FFNW,$12.2,1441386995167,"5,591",Not yet rated,NULL,$14
FFWM,$21.25,1441386995201,"11,650",Not yet rated,NULL,$24
FFIN,$29.53,1441386995223,"21,665",50% bullish,of 2 ratings,$31.75
INBK,$29,1441386995244,"6,025",50% bullish,of 2 ratings,$37
FIBK,$26.24,1441386995377,"33,616",Not yet rated,NULL,$32
FRME,$25.9,1441386995406,"28,585",Not yet rated,NULL,$26.50
FMBH,$22.28,1441386995477,329,Not yet rated,NULL,N/A
FMBI,$17.21,1441386995569,"101,585",Not yet rated,NULL,$20
FNBC,$34.01,1441386995648,"19,519",Not yet rated,NULL,$40
FNFG,$9.02,1441386995779,"377,278",80% bullish,of 5 ratings,$9
FNWB,$12.12,1441386995913,"5,460",Not yet rated,NULL,N/A
FSGI,$2.5,1441386995939,"7,866",Not yet rated,NULL,N/A
FSBK,$7.78,1441386995961,"1,914",100% bullish,of 1 rating,N/A
FSLR,$47.12,1441386995999,"342,477",72% bullish,of 39 ratings,$65
FSFG,NULL,1441386996102,0,Not yet rated,NULL,N/A
BICK,$18.7,1441386996127,"2,800",100% bullish,of 1 rating,N/A
FTCS,$35.5228,1441386996284,"3,766",100% bearish,of 1 rating,N/A
FCAN,NULL,1441386996357,0,Not yet rated,NULL,N/A
FBZ,NULL,1441386996465,0,Not yet rated,NULL,N/A
IFV,$17.1702,1441386996528,"102,347",100% bearish,of 1 rating,N/A
FV,$22.7973,1441386996670,"465,789",100% bearish,of 1 rating,N/A
FEUZ,NULL,1441386996729,0,Not yet rated,NULL,N/A
FCA,$18.76,1441386996757,15,Not yet rated,NULL,N/A
FTSM,$59.9535,1441386996783,"18,718",100% bearish,of 1 rating,N/A
FEMB,NULL,1441386996859,0,Not yet rated,NULL,N/A
TDIV,$24.3201,1441386996942,"25,257",100% bearish,of 1 rating,N/A
FTGC,$22.3743,1441386996971,"16,289",Not yet rated,NULL,N/A
MDIV,$18.862,1441386996996,"66,779",Not yet rated,NULL,N/A
FTHI,$19.15,1441386997160,602,Not yet rated,NULL,N/A
HYLS,$49.618,1441386997316,"6,705",100% bearish,of 1 rating,N/A
FGM,$34.74,1441386997387,"2,260",Not yet rated,NULL,N/A
FPXI,$25.98,1441386997451,500,Not yet rated,NULL,N/A
FHK,$31.9064,1441386997480,"1,002",Not yet rated,NULL,N/A
SKYY,$28.1699,1441386997580,"26,472",100% bullish,of 1 rating,N/A
YDIV,$16.0973,1441386997606,"2,642",Not yet rated,NULL,N/A
PLTM,$6.1304,1441386997846,754,100% bearish,of 1 rating,N/A
CU,$12.2956,1441386997982,"5,514",100% bearish,of 1 rating,N/A
FTLB,$19.06,1441386998010,1,100% bearish,of 1 rating,N/A
LMBS,$50.35,1441386998041,400,Not yet rated,NULL,N/A
FJP,$44.49,1441386998080,"38,669",Not yet rated,NULL,N/A
CIBR,$17.3,1441386998144,"26,718",Not yet rated,NULL,N/A
QABA,$36.7184,1441386998174,"3,829",100% bearish,of 1 rating,N/A
FMB,$51.26,1441386998226,472,Not yet rated,NULL,N/A
FONE,$34.67,1441386998303,10,Not yet rated,NULL,N/A
QCLN,$14.9587,1441386998610,"39,500",Not yet rated,NULL,N/A
GRID,$30.99,1441386998634,"1,600",100% bearish,of 1 rating,N/A
QQEW,$40.8597,1441386998768,"18,164",Not yet rated,NULL,N/A
QTEC,$39.22,1441386998796,"19,563",Not yet rated,NULL,N/A
CARZ,$33.6826,1441386998817,"4,610",100% bearish,of 1 rating,N/A
QQXT,$39.7199,1441386998849,"7,371",Not yet rated,NULL,N/A
RDVY,$20.48,1441386998947,"1,315",Not yet rated,NULL,N/A
QINC,NULL,1441386999030,0,Not yet rated,NULL,N/A
FTSL,$48.8,1441386999061,"7,074",100% bearish,of 1 rating,N/A
AIRR,$16.2843,1441386999114,"3,216",100% bearish,of 1 rating,N/A
FKO,NULL,1441386999163,0,Not yet rated,NULL,N/A
FSZ,$38.0524,1441386999246,"1,153",Not yet rated,NULL,N/A
FDIV,$47.03,1441386999299,"1,159",100% bearish,of 1 rating,N/A
FTW,NULL,1441386999349,0,Not yet rated,NULL,N/A
TUSA,$24.46,1441386999427,"16,624",Not yet rated,NULL,N/A
FKU,$40.54,1441386999595,"33,275",Not yet rated,NULL,N/A
SVVC,$9.07,1441386999752,"10,707",50% bullish,of 2 ratings,$26
FMER,$17.2,1441386999782,"214,907",50% bullish,of 2 ratings,$20
FUNC,NULL,1441386999847,0,Not yet rated,NULL,N/A
FSV,$32.205,1441386999874,"8,547",Not yet rated,NULL,$33.60
FISV,$84.13,1441386999914,"257,522",100% bearish,of 3 ratings,$90
FIVE,$34.03,1441386999943,"462,386",75% bearish,of 4 ratings,$43.50
FLML,$22.525,1441387000049,"36,116",50% bullish,of 2 ratings,$30
FIVN,$3.71,1441387000111,"21,938",100% bullish,of 1 rating,$8.50
FPRX,$18.85,1441387000157,"59,558",50% bullish,of 2 ratings,$35
FLKS,$11.34,1441387000190,"17,966",50% bullish,of 2 ratings,$27
SKOR,$50.52,1441387000388,"1,500",Not yet rated,NULL,N/A
FLXN,$26.06,1441387000416,"17,591",100% bearish,of 1 rating,$40
MBSD,$24.94,1441387000442,"1,399",Not yet rated,NULL,N/A
FLXS,$30.91,1441387000589,"2,546",100% bearish,of 2 ratings,N/A
FLIR,$27.9578,1441387000615,"253,977",100% bearish,of 2 ratings,$38.50
FLEX,$10.34,1441387000666,"398,968",63% bullish,of 8 ratings,$12
FLDM,$10.91,1441387000759,"40,929",67% bearish,of 3 ratings,$15
FFIC,$19.16,1441387000901,"11,734",Not yet rated,NULL,$20.50
FONR,$9.8,1441387000933,"12,563",100% bullish,of 1 rating,N/A
FOGO,$19.31,1441387001052,"23,381",50% bullish,of 2 ratings,$25.50
FOMX,$9.71,1441387001081,"26,177",50% bullish,of 2 ratings,$23.50
FORTY,NULL,1441387001134,0,100% bearish,of 1 rating,N/A
FORM,$6.65,1441387001184,"99,011",67% bullish,of 3 ratings,$10.50
FES,$0.93,1441387001312,610,50% bullish,of 2 ratings,$1
FTNT,$41.78,1441387001338,"192,462",80% bullish,of 10 ratings,$52
FORR,$30.64,1441387001469,"20,317",Not yet rated,NULL,N/A
FWRD,$43.765,1441387001517,"32,762",100% bearish,of 1 rating,$50
FBIO,$2.57,1441387001659,"48,300",83% bullish,of 6 ratings,N/A
FWP,$25.41,1441387001684,"27,467",100% bearish,of 1 rating,$45
FOSL,$59.645,1441387001712,"92,091",60% bearish,of 5 ratings,$80
FORD,$1.63,1441387001740,"921,763",67% bullish,of 3 ratings,N/A
FMI,$23.18,1441387002043,"25,849",100% bearish,of 2 ratings,$27.50
FXCB,$17.2,1441387002073,"1,926",Not yet rated,NULL,$19
FOXF,$15.26,1441387002106,"21,594",100% bearish,of 1 rating,$19
FRAN,$12.3,1441387002169,"219,626",50% bullish,of 4 ratings,$15
FELE,$27.56,1441387002204,"26,853",50% bullish,of 4 ratings,$33
FREE,$0.36,1441387002272,"338,551",92% bullish,of 12 ratings,N/A
FRED,$12.75,1441387002297,"26,853",50% bullish,of 2 ratings,$15.50
RAIL,$20.15,1441387002343,"23,537",100% bearish,of 1 rating,$24.50
FEIM,$11.124,1441387002551,"10,383",100% bearish,of 1 rating,N/A
FRPT,$12.37,1441387002607,"77,970",67% bearish,of 3 ratings,$23.50
FTR,$5.415,1441387002681,"4,310,509",78% bullish,of 27 ratings,$6.25
FTRPR,$106.41,1441387002738,900,100% bearish,of 1 rating,N/A
FSBW,$22.97,1441387002782,200,Not yet rated,NULL,N/A
FRPH,$30.9,1441387002880,"2,682",100% bearish,of 1 rating,N/A
FSYS,$6.42,1441387002934,"144,320",67% bullish,of 3 ratings,$8.50
FTD,$29.49,1441387003014,"11,342",100% bearish,of 1 rating,$40
FTEK,$1.98,1441387003087,"2,364",75% bullish,of 4 ratings,N/A
FULLL,$25.25,1441387003168,"2,500",Not yet rated,NULL,N/A
FULL,$3.13,1441387003235,"10,933",67% bearish,of 3 ratings,$4.25
FCEL,$0.882,1441387003275,"235,636",88% bullish,of 41 ratings,$2.65
FLL,$1.473,1441387003302,"4,558",75% bullish,of 4 ratings,$3.50
FSNN,$2.0511,1441387003375,200,67% bullish,of 3 ratings,$6
FULT,$11.695,1441387003436,"140,224",100% bearish,of 1 rating,$13
FFHL,NULL,1441387003606,0,50% bullish,of 4 ratings,N/A
FXEN,$0.9775,1441387003668,"10,287",75% bullish,of 4 ratings,$1.10
WILC,$5,1441387003750,760,100% bullish,of 2 ratings,N/A
GK,$67.04,1441387003796,"11,138",Not yet rated,NULL,$78
FXENP,NULL,1441387003838,0,100% bearish,of 1 rating,N/A
GAIA,$6.02,1441387003865,"7,017",50% bullish,of 2 ratings,$8.50
GLPG,$57.39,1441387004010,"4,769",100% bullish,of 1 rating,$75
GALT,$2.0962,1441387004061,"36,476",80% bullish,of 5 ratings,N/A
GALTU,NULL,1441387004165,0,100% bearish,of 1 rating,N/A
GALTW,NULL,1441387004189,0,100% bullish,of 1 rating,N/A
GLMD,$8.355,1441387004248,"6,270",67% bullish,of 3 ratings,$20.50
GLPI,$30.34,1441387004325,"120,361",100% bearish,of 1 rating,$37.50
GALE,$1.53,1441387004353,"432,160",89% bullish,of 47 ratings,$4
GPIC,$9.92,1441387004426,200,100% bearish,of 1 rating,N/A
GRMN,$36.6,1441387004514,"259,858",50% bullish,of 6 ratings,$46.50
GGACR,$0.24,1441387004590,"23,800",100% bullish,of 1 rating,N/A
GGACW,$0.1401,1441387004742,"1,700",Not yet rated,NULL,N/A
GGAC,NULL,1441387004785,0,100% bearish,of 1 rating,N/A
GENC,$9,1441387004986,200,100% bearish,of 1 rating,N/A
GARS,$14.631,1441387005013,"16,961",Not yet rated,NULL,$16
GNCMA,$16.93,1441387005091,"62,707",100% bearish,of 1 rating,$12
GGACU,$10.27,1441387005148,300,Not yet rated,NULL,N/A
GFN,$3.82,1441387005332,"5,943",100% bearish,of 2 ratings,$8
GFNSL,$25.55,1441387005475,512,Not yet rated,NULL,N/A
GFNCP,NULL,1441387005503,0,Not yet rated,NULL,N/A
GNMK,$9.53,1441387005528,"24,545",67% bullish,of 6 ratings,$14
GNCA,$10.91,1441387005558,"48,437",100% bearish,of 1 rating,$20
GENE,$2.3499,1441387005586,"27,964",100% bullish,of 12 ratings,N/A
GNTX,$15.87,1441387005714,"1,234,703",Not yet rated,NULL,$20
GHDX,$25.24,1441387005740,"21,858",50% bullish,of 2 ratings,$30
THRM,$44.47,1441387006064,"97,209",75% bearish,of 4 ratings,$55.50
GNVC,$2.47,1441387006207,"1,119",90% bullish,of 10 ratings,$8.50
GEOS,$16.05,1441387006235,"54,373",100% bearish,of 3 ratings,$21
GABC,$28.5104,1441387006259,"5,241",Not yet rated,NULL,$31.50
GERN,$3.2957,1441387006287,"1,224,004",88% bullish,of 17 ratings,$5.25
GEVO,$2.245,1441387006388,"139,723",75% bullish,of 12 ratings,$5
GTWN,$17.85,1441387006416,277,Not yet rated,NULL,N/A
ROCK,$16.31,1441387006544,"41,411",80% bullish,of 5 ratings,$24
GILT,$4.17,1441387006756,"1,800",50% bullish,of 2 ratings,N/A
GIGA,$1.302,1441387006784,"136,438",100% bearish,of 1 rating,N/A
GIII,$69.11,1441387006805,"144,490",67% bullish,of 3 ratings,$79
GIGM,$0.5221,1441387006840,"11,595",100% bullish,of 2 ratings,N/A
GILD,$101.674,1441387006869,"2,909,729",91% bullish,of 89 ratings,$129
GBCI,$25.62,1441387006976,"33,332",50% bullish,of 2 ratings,$31
GLAD,$8.71,1441387007154,"30,042",50% bullish,of 2 ratings,$8.75
GLADO,$25.57,1441387007194,"2,100",Not yet rated,NULL,N/A
GOODO,NULL,1441387007323,0,Not yet rated,NULL,N/A
GOODN,$25.61,1441387007382,200,Not yet rated,NULL,N/A
GOOD,$13.95,1441387007562,"33,379",Not yet rated,NULL,$19
GAINN,$25.24,1441387007705,"40,610",Not yet rated,NULL,N/A
GAIN,$7.41,1441387007733,"30,148",100% bullish,of 2 ratings,$8.25
GOODP,$25.1201,1441387007754,100,Not yet rated,NULL,N/A
GAINP,$25.6,1441387007791,"3,039",Not yet rated,NULL,N/A
GBT,$52.41,1441387007891,"15,897",100% bearish,of 1 rating,N/A
GLBZ,NULL,1441387007932,0,Not yet rated,NULL,N/A
GDEF,NULL,1441387007959,0,Not yet rated,NULL,N/A
GAINO,$25.1801,1441387007991,"1,225",Not yet rated,NULL,N/A
ENT,$11.06,1441387008282,"59,103",100% bearish,of 1 rating,$18
LAND,$9.09,1441387008331,"7,562",50% bullish,of 2 ratings,$13.75
GBLI,$26.85,1441387008378,"5,433",Not yet rated,NULL,N/A
QQQC,$18.478,1441387008541,"1,305",100% bearish,of 1 rating,N/A
GPACU,NULL,1441387008571,0,Not yet rated,NULL,N/A
GSOL,$8.3,1441387008592,"1,816",100% bearish,of 1 rating,N/A
ACTX,NULL,1441387008622,0,100% bullish,of 1 rating,N/A
SOCL,$17.0401,1441387008671,"12,198",100% bullish,of 2 ratings,N/A
ALTY,NULL,1441387008813,0,Not yet rated,NULL,N/A
SRET,$12.77,1441387008850,751,Not yet rated,NULL,N/A
YLCO,$11.62,1441387008991,300,Not yet rated,NULL,N/A
GLBS,NULL,1441387009118,0,67% bullish,of 3 ratings,N/A
GAI,$6.11,1441387009143,"3,814",50% bullish,of 2 ratings,N/A
GBIM,$2.73,1441387009168,"29,924",50% bullish,of 2 ratings,N/A
GSM,$13.71,1441387009196,"128,415",50% bullish,of 2 ratings,$22
GLRI,$1.04,1441387009397,"19,550",100% bearish,of 1 rating,$4.25
GLNG,$39.3273,1441387009540,"332,864",83% bullish,of 6 ratings,$55.50
GLUU,$4.355,1441387009590,"326,238",92% bullish,of 26 ratings,$9
GLYC,$7.03,1441387009642,"1,700",50% bullish,of 2 ratings,$14
GMLP,$20.9,1441387009720,"45,743",50% bullish,of 4 ratings,$29
GLDC,$4.0393,1441387009769,322,50% bullish,of 2 ratings,N/A
GOGO,$15.74,1441387009819,"138,034",80% bullish,of 5 ratings,$25
GOGL,$2.95,1441387009866,"236,169",75% bullish,of 4 ratings,$5
GDEN,$9.06,1441387010029,300,50% bullish,of 2 ratings,N/A
GBDC,$17.03,1441387010069,"48,974",Not yet rated,NULL,$17.75
GOOG,$597.975,1441387010168,"477,148",86% bullish,of 74 ratings,$787.50
GOOGL,$627.95,1441387010200,"428,371",88% bullish,of 1083 ratings,$749
GMAN,$3.75,1441387010300,"5,417",60% bullish,of 5 ratings,$8.50
GPRO,$37.5,1441387010383,"5,200,586",78% bullish,of 59 ratings,$72
GTIM,$6.65,1441387010431,"5,070",Not yet rated,NULL,$11.50
GPIA,NULL,1441387010526,0,100% bearish,of 1 rating,N/A
GPIAU,NULL,1441387010560,0,Not yet rated,NULL,N/A
GBSNU,NULL,1441387010684,0,NULL,NULL,NULL
GPIAW,NULL,1441387010728,0,Not yet rated,NULL,N/A
LOPE,$37.025,1441387010786,"70,719",100% bearish,of 2 ratings,$50
GRVY,NULL,1441387010811,0,50% bullish,of 2 ratings,N/A
GBSN,$0.1646,1441387010939,"4,562,970",50% bullish,of 2 ratings,$8.25
GSBC,$40.11,1441387011042,"12,717",100% bullish,of 1 rating,$44
GLDD,$5.404,1441387011095,"49,055",100% bearish,of 4 ratings,$7.75
GNBC,$11.29,1441387011202,"2,468",100% bearish,of 1 rating,$16.50
GRBK,$11.48,1441387011271,"38,718",77% bullish,of 13 ratings,N/A
GPP,$14.31,1441387011416,"5,510",Not yet rated,NULL,$20.50
GPRE,$19.6,1441387011446,"127,429",67% bullish,of 6 ratings,$28.50
GLRE,$24.13,1441387011545,"65,100",50% bullish,of 2 ratings,$34
GRFS,$30.708,1441387011592,"314,739",50% bullish,of 2 ratings,$35
GCBC,$28.85,1441387011642,"2,399",100% bullish,of 1 rating,N/A
GRPN,$4.24,1441387011689,"3,588,552",61% bullish,of 71 ratings,$6.75
GRIF,$31.9,1441387011717,"52,166",100% bearish,of 1 rating,N/A
OMAB,$41.45,1441387011848,"13,255",100% bullish,of 1 rating,$44
GGAL,$19.23,1441387011906,"38,202",80% bullish,of 5 ratings,$40
GSIT,$4.59,1441387012054,"1,243",100% bearish,of 1 rating,N/A
GSIG,$12.76,1441387012076,"11,668",100% bearish,of 2 ratings,N/A
GTXI,$0.8707,1441387012158,"26,624",100% bullish,of 5 ratings,$.75
GSVC,$8.83,1441387012231,"9,802",50% bullish,of 2 ratings,$15.75
GBNK,$15.75,1441387012426,"5,374",100% bearish,of 1 rating,$18
GURE,$1.7,1441387012490,"6,600",88% bullish,of 8 ratings,N/A
GFED,NULL,1441387012515,0,Not yet rated,NULL,$17
GULTU,$0.337,1441387012566,"4,000",100% bearish,of 1 rating,N/A
GUID,$6.75,1441387012696,"9,391",100% bearish,of 3 ratings,$10
GIFI,$12.15,1441387012724,"24,971",100% bearish,of 1 rating,$16
GWPH,$101.6,1441387012852,"47,045",78% bullish,of 9 ratings,$148.50
GPOR,$32.79,1441387012949,"491,724",75% bullish,of 4 ratings,$54
GWGH,$7.7,1441387013164,7,100% bearish,of 1 rating,$15.05
GYRO,$30.51,1441387013242,970,100% bearish,of 1 rating,N/A
HALL,$11.37,1441387013350,"5,409",Not yet rated,NULL,N/A
HLG,NULL,1441387013379,0,100% bearish,of 1 rating,N/A
HEES,$18.78,1441387013407,"125,235",67% bearish,of 3 ratings,$31
HNRG,$7.19,1441387013428,"31,088",100% bearish,of 1 rating,$10
HALO,$16.85,1441387013479,"214,862",67% bullish,of 3 ratings,$22.50
HBK,NULL,1441387013665,0,50% bullish,of 2 ratings,N/A
HBHCL,$24.4,1441387013689,"4,213",Not yet rated,NULL,N/A
HMPR,$1.871,1441387013714,"9,451",100% bullish,of 1 rating,N/A
HBHC,$27.195,1441387013919,"178,849",50% bullish,of 2 ratings,$30
HNH,$26.11,1441387013945,"8,977",100% bullish,of 1 rating,N/A
HAFC,$23.71,1441387013974,"35,347",100% bullish,of 2 ratings,$28.50
HNSN,$0.5512,1441387014078,"27,824",88% bullish,of 8 ratings,$.40
HDNG,$10.2599,1441387014223,"2,234",50% bullish,of 4 ratings,N/A
HQCL,$12.62,1441387014255,"4,994",67% bullish,of 3 ratings,$14
HRMN,NULL,1441387014283,0,Not yet rated,NULL,N/A
HLIT,$5.66,1441387014362,"59,237",100% bearish,of 1 rating,$6.50
HRMNU,$10.209,1441387014426,100,Not yet rated,NULL,N/A
HART,$1.225,1441387014572,"70,549",100% bearish,of 1 rating,N/A
TINY,$2.4727,1441387014601,"11,901",50% bullish,of 2 ratings,$5.26
HBIO,$4.36,1441387014627,"12,025",100% bearish,of 1 rating,$10
HRMNW,NULL,1441387014703,0,Not yet rated,NULL,N/A
HAS,$76.035,1441387014883,"362,008",63% bullish,of 8 ratings,$84.50
HCAP,$11.975,1441387014908,"3,655",50% bullish,of 2 ratings,$15
HCAPL,$25.11,1441387014934,"3,800",Not yet rated,NULL,N/A
HWKN,$37.95,1441387015077,"10,752",Not yet rated,NULL,N/A
HA,$23.52,1441387015136,"132,700",67% bullish,of 9 ratings,$27
HCOM,$21.25,1441387015164,"1,431",100% bearish,of 1 rating,$28
HWBK,NULL,1441387015297,0,100% bearish,of 1 rating,N/A
HDS,$32.045,1441387015354,"618,311",100% bearish,of 2 ratings,$39.50
HAYN,$37.565,1441387015429,"7,858",100% bearish,of 1 rating,$59
HIIQ,$4.7228,1441387015531,300,50% bullish,of 2 ratings,$7
HQY,$29.0201,1441387015557,"38,372",67% bullish,of 3 ratings,$35
HCSG,$32.58,1441387015586,"35,413",50% bullish,of 4 ratings,$35
HSTM,$24.24,1441387015692,"13,491",50% bullish,of 2 ratings,$33.75
HWAY,$11.57,1441387015777,"124,122",100% bearish,of 1 rating,$15
HTLD,$20.3,1441387015855,"78,483",Not yet rated,NULL,$22.50
HTLF,$35.56,1441387015908,"10,467",100% bullish,of 1 rating,$39.50
HSII,$20.11,1441387016047,"6,642",100% bullish,of 3 ratings,$25
HTWR,$63.91,1441387016143,"126,720",50% bullish,of 2 ratings,$102.50
HTBX,$3.67,1441387016168,"43,873",50% bullish,of 2 ratings,$15.50
HELE,$83.89,1441387016215,"37,211",67% bearish,of 3 ratings,$100
HMNY,NULL,1441387016359,0,100% bearish,of 1 rating,N/A
HMTV,$13.38,1441387016393,913,100% bearish,of 1 rating,$16
HNNA,$24.6,1441387016526,"1,330",Not yet rated,NULL,N/A
HERO,NULL,1441387016655,0,NULL,NULL,NULL
HSIC,$133.17,1441387016705,"51,938",83% bullish,of 6 ratings,$146
HCACU,$9.98,1441387016794,"2,790",Not yet rated,NULL,N/A
HFWA,$17.77,1441387016821,"134,728",100% bullish,of 1 rating,$20
HTBK,$10.4,1441387016849,"7,825",Not yet rated,NULL,$12
HCCI,$11.48,1441387017114,"2,055",100% bearish,of 1 rating,$16.50
HEOP,$7.8,1441387017140,"16,443",Not yet rated,NULL,$8.50
HRTX,$36.43,1441387017269,"263,866",57% bullish,of 7 ratings,$41
MLHR,$27.01,1441387017295,"64,707",50% bullish,of 2 ratings,$33.50
HFFC,$15.76,1441387017321,200,Not yet rated,NULL,N/A
HSKA,$32.78,1441387017370,"14,178",100% bearish,of 1 rating,$38
HIBB,$38.725,1441387017452,"46,658",100% bearish,of 1 rating,$46.50
HPJ,$2.1,1441387017498,"18,829",75% bullish,of 4 ratings,$12.43
HIHO,$4.311,1441387017643,"17,351",Not yet rated,NULL,N/A
HIFS,$110.32,1441387017720,"1,584",Not yet rated,NULL,N/A
HIMX,$7.24,1441387017783,"582,150",86% bullish,of 21 ratings,$8.25
HSGX,$5.96,1441387017865,400,100% bearish,of 1 rating,$17
HMSY,$9.915,1441387017890,"309,676",67% bullish,of 3 ratings,$19.35
HMNF,$11.3,1441387017922,300,Not yet rated,NULL,N/A
HOLI,$16.63,1441387018026,"65,741",50% bullish,of 4 ratings,$27
HOLX,$38.2692,1441387018170,"840,243",50% bullish,of 4 ratings,$42
HBCP,$24.8,1441387018303,"2,375",Not yet rated,NULL,$29
AWAY,$27.89,1441387018362,"168,719",67% bullish,of 3 ratings,$36
HFBL,$22.97,1441387018392,"4,294",Not yet rated,NULL,N/A
HOMB,$37.17,1441387018466,"24,629",Not yet rated,NULL,$42
HMIN,$24.84,1441387018495,"40,826",100% bearish,of 2 ratings,$35
HMST,$22,1441387018525,"25,198",100% bullish,of 2 ratings,$27
HTBI,$18.01,1441387018629,"7,403",67% bullish,of 3 ratings,$18.625
HKTV,$4.179,1441387018667,"89,036",100% bearish,of 1 rating,N/A
CETC,$0.7611,1441387018949,"48,172",86% bullish,of 7 ratings,N/A
HOFT,$22.79,1441387019021,"14,080",100% bearish,of 1 rating,N/A
HFBC,$11,1441387019047,"8,770",Not yet rated,NULL,N/A
HZNP,$28.875,1441387019119,"665,127",85% bullish,of 20 ratings,$40
HBNC,$23.62,1441387019193,"4,445",100% bullish,of 1 rating,$27
HRZN,$10.2603,1441387019250,"13,391",50% bullish,of 2 ratings,$14.25
ZINC,$7.1,1441387019298,"151,356",100% bearish,of 1 rating,$17
HMHC,$22.5,1441387019437,"83,716",Not yet rated,NULL,$27
HDP,$23.34,1441387019463,"127,985",67% bearish,of 3 ratings,$30.50
HOVNP,$3.89,1441387019617,"19,370",100% bearish,of 1 rating,N/A
HWCC,$7.58,1441387019650,"24,065",100% bearish,of 1 rating,$9
HSNI,$59.23,1441387019749,"49,484",Not yet rated,NULL,$80
HTGM,$5.75,1441387019776,999,100% bearish,of 1 rating,$19.50
HBMD,$13.8889,1441387019800,"2,389",100% bearish,of 1 rating,N/A
HUBG,$37.97,1441387020019,"23,835",100% bearish,of 1 rating,$43
HCBK,$9.24,1441387020104,"366,810",83% bullish,of 6 ratings,$8.61
HBAN,$10.49,1441387020233,"1,417,853",76% bullish,of 17 ratings,$12.29
HSON,NULL,1441387020259,0,100% bearish,of 1 rating,$5
HDSN,$3,1441387020322,"11,264",100% bullish,of 1 rating,$6.25
HBANP,$1353.3,1441387020348,20,100% bearish,of 1 rating,N/A
HURC,$29.79,1441387020404,"3,927",100% bearish,of 1 rating,N/A
HTCH,$1.49,1441387020485,"7,525",100% bearish,of 1 rating,$3.50
HURN,$72.36,1441387020513,"21,877",50% bullish,of 2 ratings,$80
HBP,$3.1394,1441387020764,600,100% bullish,of 1 rating,N/A
HDRA,NULL,1441387020811,0,Not yet rated,NULL,N/A
HDRAW,NULL,1441387020858,0,Not yet rated,NULL,N/A
HDRAU,NULL,1441387020890,0,Not yet rated,NULL,N/A
HDRAR,NULL,1441387020941,0,Not yet rated,NULL,N/A
IDSY,$3.8,1441387021075,"26,402",100% bearish,of 1 rating,$7
HYGS,$8.451,1441387021101,"7,805",50% bullish,of 2 ratings,$13
IACI,$68.92,1441387021131,"113,130",80% bullish,of 5 ratings,$90
IKGH,$1.55,1441387021304,"9,400",75% bullish,of 4 ratings,N/A
IEP,$67.805,1441387021544,"44,645",75% bullish,of 4 ratings,$99
IBKC,$59.419,1441387021638,"28,431",100% bullish,of 1 rating,$70
ICAD,$3.79,1441387021671,"3,433",50% bullish,of 2 ratings,$7.25
ICFI,$33.36,1441387021708,"6,804",50% bullish,of 2 ratings,$48.50
ICLR,$75.8,1441387021735,"85,097",100% bearish,of 3 ratings,$85
ICUI,$109.45,1441387021866,"26,306",Not yet rated,NULL,$122
IPWR,$7.43,1441387022069,"3,424",100% bullish,of 1 rating,$15
ICON,$13.26,1441387022107,"161,940",50% bullish,of 2 ratings,$18.50
INVE,$4.54,1441387022166,"17,315",75% bullish,of 4 ratings,$4
IDRA,$2.78,1441387022210,"219,798",89% bullish,of 9 ratings,$6.50
IDXX,$72.08,1441387022340,"97,898",100% bearish,of 1 rating,$76
DSKY,$10.34,1441387022370,"50,664",67% bullish,of 6 ratings,$11.50
IRG,$5.18,1441387022417,"12,715",100% bearish,of 1 rating,$4.25
IROQ,$16.99,1441387022442,100,100% bullish,of 1 rating,N/A
RXDX,$14.79,1441387022611,"89,746",100% bullish,of 1 rating,$20
IIVI,$16.59,1441387022828,"50,121",100% bearish,of 1 rating,$22
IKAN,$2.73,1441387022855,"8,296",83% bullish,of 6 ratings,$5
KANG,$14.76,1441387022884,"208,579",50% bullish,of 2 ratings,$23.10
ILMN,$191.81,1441387022905,"199,417",80% bullish,of 5 ratings,$245
ISNS,$4.16,1441387022939,"3,700",50% bullish,of 2 ratings,N/A
IKNX,$12,1441387023045,"1,050",100% bearish,of 1 rating,N/A
IMMR,$12.03,1441387023072,"31,543",80% bullish,of 5 ratings,$15.50
ICCC,$7.03,1441387023097,"4,652",100% bullish,of 1 rating,N/A
IMMU,$2.07,1441387023378,"138,146",86% bullish,of 7 ratings,$2
IMNP,$1.28,1441387023407,"22,974",50% bullish,of 2 ratings,$6
IPXL,$39.97,1441387023444,"96,752",67% bullish,of 3 ratings,$46.50
IMGN,$13.19,1441387023470,"249,235",75% bullish,of 4 ratings,$17.50
IMDZ,$14.81,1441387023491,"18,387",100% bearish,of 1 rating,$33
SAAS,$7.08,1441387023689,"71,644",50% bullish,of 2 ratings,$15
IMMY,$7.5,1441387023723,303,100% bearish,of 1 rating,$11
INCR,$41.724,1441387023751,"112,161",50% bullish,of 2 ratings,$53
INDB,$43.6,1441387023909,"10,972",Not yet rated,NULL,$44
IBCP,$14,1441387023935,"19,297",100% bullish,of 1 rating,$14.50
IBTX,$39.61,1441387023962,"5,632",100% bullish,of 2 ratings,$47.25
IDSA,$3.49,1441387023988,"1,561",Not yet rated,NULL,N/A
INCY,$114.475,1441387024009,"321,531",50% bullish,of 6 ratings,$125.50
INFI,$8.54,1441387024195,"99,953",50% bullish,of 4 ratings,$16.50
INFN,$21.49,1441387024223,"316,529",71% bullish,of 7 ratings,$28
IFON,$1.28,1441387024702,"13,450",75% bullish,of 4 ratings,N/A
III,$3.7401,1441387024738,"5,754",57% bullish,of 7 ratings,$6
IPCC,$74,1441387024760,"3,525",Not yet rated,NULL,$77.50
INNL,NULL,1441387024835,0,100% bearish,of 1 rating,$16.50
INWK,$6.85,1441387024860,"12,469",50% bullish,of 2 ratings,$10
IMKTA,$49.4,1441387024886,"15,535",100% bearish,of 1 rating,N/A
IPHS,$45.99,1441387024912,"13,976",100% bearish,of 1 rating,$60
INOD,$2.3672,1441387024933,"1,540",100% bearish,of 1 rating,N/A
ISSC,$2.79,1441387025286,"3,293",67% bearish,of 3 ratings,N/A
INGN,$50.85,1441387025313,"36,382",100% bearish,of 1 rating,$50.50
IOSP,$49.05,1441387025382,"41,374",100% bearish,of 1 rating,N/A
INOV,$20.725,1441387025410,"110,514",100% bearish,of 1 rating,$33
ITEK,$12.4301,1441387025431,"108,779",100% bearish,of 3 ratings,$20
INO,$6.96,1441387025563,"275,763",89% bullish,of 18 ratings,$20
ISIG,$2.64,1441387025606,"4,871",100% bearish,of 1 rating,N/A
NSIT,$24.54,1441387025765,"34,518",50% bullish,of 2 ratings,N/A
IIIN,$16.95,1441387025850,"8,916",100% bearish,of 2 ratings,N/A
INSM,$23.9,1441387025991,"87,228",71% bullish,of 7 ratings,$31.50
PODD,$27.87,1441387026060,"69,228",67% bearish,of 3 ratings,$35
NTEC,$5.5112,1441387026086,"1,850",100% bearish,of 1 rating,N/A
INSY,$33.97,1441387026220,"163,631",75% bullish,of 4 ratings,$48
IART,$61.91,1441387026306,"93,999",100% bearish,of 2 ratings,$71.50
IESC,$7.11,1441387026335,100,100% bearish,of 1 rating,N/A
IDTI,$18.92,1441387026356,"385,077",60% bullish,of 5 ratings,$25
ISSI,$21.71,1441387026490,"28,488",67% bullish,of 3 ratings,$19.75
IQNT,$18.72,1441387026522,"92,594",86% bullish,of 7 ratings,$20
IPAR,$24.65,1441387026619,"20,042",67% bullish,of 3 ratings,$38
INTC,$28.553,1441387026665,"8,291,515",82% bullish,of 238 ratings,$36
IPCI,$2.23,1441387026806,"3,500",67% bullish,of 6 ratings,$8
IBKR,$37.14,1441387026831,"162,197",100% bullish,of 1 rating,N/A
ININ,$35.51,1441387026872,"12,782",67% bearish,of 3 ratings,$57
ICPT,$184.1,1441387027003,"33,887",70% bullish,of 10 ratings,$359.50
ICLD,$1.9753,1441387027082,"787,955",75% bullish,of 4 ratings,N/A
IDCC,$48.44,1441387027147,"55,708",80% bullish,of 5 ratings,$63
ICLDW,$1.05,1441387027176,425,100% bearish,of 1 rating,N/A
TILE,$24.15,1441387027278,"68,057",100% bearish,of 3 ratings,$27
IMI,$1.96,1441387027349,"4,727",67% bullish,of 3 ratings,$2.22
INAP,$9.19,1441387027423,"67,750",75% bullish,of 4 ratings,$11
IGLD,$7.26,1441387027564,974,50% bullish,of 2 ratings,N/A
ISCA,$32.33,1441387027626,"18,109",100% bearish,of 1 rating,N/A
IBOC,$24.66,1441387027664,"20,828",100% bearish,of 1 rating,N/A
IIJI,$8.6996,1441387027862,100,50% bullish,of 2 ratings,$12.50
PTNT,$2.91,1441387027914,300,Not yet rated,NULL,N/A
XENT,$24.975,1441387028047,"31,509",50% bullish,of 2 ratings,$36.50
INPH,$0.3096,1441387028110,"3,100",50% bullish,of 2 ratings,N/A
INTX,$1.97,1441387028245,"15,418",67% bullish,of 3 ratings,N/A
IILG,$19.45,1441387028272,"27,353",100% bearish,of 1 rating,$29
ISIL,$10.39,1441387028346,"311,072",50% bullish,of 6 ratings,$15
INTLL,$25.993,1441387028418,"1,580",Not yet rated,NULL,N/A
IVAC,$4.66,1441387028479,"9,830",100% bearish,of 1 rating,$6.625
INTL,$25.59,1441387028504,"20,939",67% bearish,of 3 ratings,N/A
ITCI,$26.515,1441387028563,"144,130",75% bearish,of 4 ratings,$40
IIN,NULL,1441387028704,0,100% bearish,of 1 rating,$12
INTU,$85.17,1441387028806,"490,062",86% bullish,of 7 ratings,$107.50
ISRG,$506.555,1441387028871,"38,878",67% bullish,of 3 ratings,$600
SNAK,$8.36,1441387028947,"24,071",50% bullish,of 2 ratings,$14
INVT,$0.327,1441387028976,"88,670",67% bullish,of 3 ratings,N/A
ISBC,$11.635,1441387029004,"727,100",100% bullish,of 1 rating,$13.25
ISTR,$15.73,1441387029029,204,100% bearish,of 1 rating,$18.50
ITIC,$70.01,1441387029224,202,100% bearish,of 2 ratings,N/A
NVIV,$9.35,1441387029269,"28,978",50% bullish,of 4 ratings,$24.50
IVTY,$14,1441387029365,"12,259",Not yet rated,NULL,$18
DFVL,$66.28,1441387029495,600,Not yet rated,NULL,N/A
DTUL,$64.7,1441387029520,802,Not yet rated,NULL,N/A
IPAS,$1.07,1441387029548,"17,547",67% bullish,of 3 ratings,N/A
IPCM,$79.18,1441387029595,"90,245",50% bullish,of 2 ratings,$80.125
IPGP,$81.41,1441387029704,"68,834",67% bearish,of 3 ratings,$109.50
IRMD,$23.7,1441387029775,"13,196",67% bearish,of 3 ratings,$25
IRDM,$6.91,1441387029919,"141,462",60% bullish,of 5 ratings,$11.50
IRIX,$6.8,1441387029946,"2,674",100% bearish,of 1 rating,N/A
IRBT,$29.75,1441387030174,"61,874",67% bullish,of 6 ratings,$37
IRWD,$10.985,1441387030242,"444,616",100% bearish,of 1 rating,$13
IRCP,NULL,1441387030268,0,100% bullish,of 2 ratings,N/A
GNMA,$50.3,1441387030304,"1,010",Not yet rated,NULL,N/A
IRDMB,$269.01,1441387030331,100,67% bearish,of 3 ratings,N/A
FCHI,NULL,1441387030397,0,NULL,NULL,NULL
COMT,$33.17,1441387030424,"3,101",100% bearish,of 1 rating,N/A
IFNA,NULL,1441387030700,0,NULL,NULL,NULL
IFAS,NULL,1441387030723,0,NULL,NULL,NULL
IFGL,$27.3247,1441387030797,"24,159",Not yet rated,NULL,N/A
IFEU,$37.2,1441387030903,"44,244",Not yet rated,NULL,N/A
ACWI,$53.92,1441387030928,"629,388",Not yet rated,NULL,N/A
ACWX,$39.0558,1441387030960,"385,525",100% bearish,of 1 rating,N/A
AAXJ,$50.81,1441387031098,"406,955",Not yet rated,NULL,N/A
AXJS,NULL,1441387031126,0,NULL,NULL,NULL
EMDI,NULL,1441387031195,0,NULL,NULL,NULL
EEMA,$48,1441387031226,"45,254",Not yet rated,NULL,N/A
EMEY,NULL,1441387031252,0,NULL,NULL,NULL
AAIT,NULL,1441387031292,0,NULL,NULL,NULL
EGRW,NULL,1441387031383,0,NULL,NULL,NULL
EEME,NULL,1441387031440,0,NULL,NULL,NULL
EVAL,NULL,1441387031645,0,NULL,NULL,NULL
IEUS,$44.46,1441387031791,622,100% bearish,of 1 rating,N/A
QAT,$20.84,1441387031923,"1,682",Not yet rated,NULL,N/A
IBB,$334.85,1441387031951,"511,190",63% bullish,of 8 ratings,N/A
EEML,$26.5684,1441387031972,460,Not yet rated,NULL,N/A
EUFN,$20.92,1441387032007,"51,555",100% bearish,of 1 rating,N/A
UAE,$17.61,1441387032028,300,Not yet rated,NULL,N/A
SOXX,$81.48,1441387032104,"145,176",50% bullish,of 2 ratings,N/A
EMIF,$27.42,1441387032174,"2,122",Not yet rated,NULL,N/A
IGOV,$91.215,1441387032347,"24,924",100% bearish,of 1 rating,N/A
ISHG,$79.58,1441387032376,"19,120",100% bearish,of 1 rating,N/A
ICLN,$9.12,1441387032407,"9,981",50% bullish,of 2 ratings,N/A
WOOD,$47.09,1441387032428,688,50% bullish,of 2 ratings,N/A
INDY,$25.9195,1441387032459,"93,341",50% bullish,of 2 ratings,N/A
ISIS,$51.69,1441387032508,"292,140",53% bullish,of 15 ratings,$67
ISRL,$122.2,1441387032796,72,100% bearish,of 1 rating,N/A
ITRN,$23.01,1441387032879,"1,195",50% bullish,of 2 ratings,N/A
ISLE,$18.7566,1441387032912,"113,021",50% bullish,of 4 ratings,$17
ITUS,$3.89,1441387032964,"1,600",Not yet rated,NULL,N/A
XXIA,$15.15,1441387033010,"85,902",71% bullish,of 7 ratings,$14.625
ITRI,$28.87,1441387033040,"43,348",100% bearish,of 1 rating,$37
IXYS,$11.47,1441387033142,"28,786",50% bullish,of 4 ratings,N/A
JJSF,$115.45,1441387033242,"12,035",100% bearish,of 1 rating,N/A
JBHT,$74.685,1441387033271,"517,298",50% bullish,of 4 ratings,$89.50
MAYS,NULL,1441387033299,0,Not yet rated,NULL,N/A
JCOM,$66.77,1441387033438,"23,437",100% bullish,of 2 ratings,$77
JASO,$8.01,1441387033465,"99,260",82% bullish,of 17 ratings,$10
JACK,$77.68,1441387033502,"67,865",71% bullish,of 7 ratings,$105
JKHY,$66.41,1441387033534,"33,720",67% bearish,of 3 ratings,$72
JXSB,$24.23,1441387033710,100,Not yet rated,NULL,N/A
JAXB,NULL,1441387033744,0,100% bullish,of 1 rating,N/A
JMBA,$14.25,1441387033912,"36,434",75% bullish,of 4 ratings,$18
JAGX,$3.01,1441387033938,820,Not yet rated,NULL,$10.50
JAKK,$9.71,1441387034018,"147,286",60% bearish,of 5 ratings,$11
JASN,$4.8699,1441387034161,"1,273",50% bullish,of 2 ratings,$9.50
JRVR,$27.75,1441387034189,"18,913",Not yet rated,NULL,$32
ERW,NULL,1441387034210,0,Not yet rated,NULL,N/A
JASNW,NULL,1441387034244,0,50% bullish,of 2 ratings,N/A
JAZZ,$160.4,1441387034337,"125,605",80% bullish,of 15 ratings,$206.50
JD,$23.26,1441387034598,"2,704,125",75% bullish,of 16 ratings,$36
JBLU,$23.615,1441387034648,"2,124,586",94% bullish,of 18 ratings,$27
JCTCF,NULL,1441387034674,0,100% bullish,of 1 rating,N/A
JTPY,$3,1441387034829,367,100% bearish,of 1 rating,N/A
JST,$3.5865,1441387034859,"5,737",75% bullish,of 4 ratings,N/A
DATE,$6.091,1441387034930,"34,931",75% bullish,of 4 ratings,$9
JIVE,$4.63,1441387034955,"91,118",75% bullish,of 4 ratings,$5
WYIGU,NULL,1441387035018,0,100% bearish,of 1 rating,N/A
JOEZ,$0.173,1441387035211,"82,463",92% bullish,of 12 ratings,N/A
JBSS,$50.87,1441387035343,"12,942",67% bearish,of 3 ratings,N/A
JOUT,$23.7,1441387035368,346,100% bearish,of 1 rating,$34
JNP,$13.386,1441387036293,"62,865",100% bullish,of 3 ratings,$15
KTWO,$20.43,1441387036319,"13,612",100% bearish,of 1 rating,$28.50
JUNO,$34.89,1441387036357,"201,269",73% bullish,of 11 ratings,$67
KALU,$81.92,1441387036397,"33,942",67% bearish,of 3 ratings,$91
KBIO,$4.2842,1441387036533,"6,602,410",50% bullish,of 4 ratings,N/A
KCLI,$46.35,1441387036882,"7,627",Not yet rated,NULL,N/A
KMDA,NULL,1441387036907,0,50% bullish,of 2 ratings,$8
KNDI,$6.2047,1441387036972,"73,066",86% bullish,of 22 ratings,N/A
KCAP,$4.7,1441387037036,"26,349",75% bullish,of 4 ratings,$6
KPTI,$13.8253,1441387037062,"77,782",67% bearish,of 3 ratings,$39
KBSF,NULL,1441387037119,0,100% bullish,of 1 rating,N/A
KRNY,$11.25,1441387037191,"87,502",100% bearish,of 1 rating,$12.50
KELYA,$14.2306,1441387037218,"10,825",67% bullish,of 6 ratings,$20
KFFB,NULL,1441387037484,0,100% bearish,of 1 rating,N/A
KELYB,NULL,1441387037551,0,50% bullish,of 2 ratings,N/A
KMPH,$20.51,1441387037579,"4,040",100% bearish,of 2 ratings,$22
GMCR,$57.73,1441387037709,"617,661",71% bullish,of 42 ratings,$64
KEQU,NULL,1441387037735,0,100% bullish,of 1 rating,N/A
KERX,$4.76,1441387037760,"2,080,234",82% bullish,of 11 ratings,$12
KTEC,NULL,1441387037790,0,Not yet rated,NULL,N/A
KE,$11.275,1441387038103,"4,588",67% bearish,of 3 ratings,$16
KFRC,$26.8923,1441387038130,"37,817",100% bullish,of 2 ratings,$29
KTCC,$9.93,1441387038170,"3,075",100% bearish,of 1 rating,$16
KGJI,$0.6783,1441387038193,"4,700",89% bullish,of 9 ratings,N/A
