Symbol,Price,Date,Volume,Rating,RatingVoteCount,OneYearEstimate
TFSCR,NULL,1440105302335,0,Not yet rated,NULL,N/A
TFSCU,NULL,1440105302365,0,Not yet rated,NULL,N/A
FLWS,$9.45,1440105302393,"200,268",100% bullish,of 5 ratings,$15
FCTY,$7.6,1440105302419,"2,500",100% bullish,of 1 rating,$8.50
FCCY,$11.47,1440105302451,"1,242",100% bullish,of 1 rating,$13
TFSCW,NULL,1440105302473,0,100% bearish,of 1 rating,N/A
PIH,$7.48,1440105302503,"4,464",100% bearish,of 1 rating,N/A
TFSC,$9.73,1440105302551,400,100% bearish,of 1 rating,N/A
TWOU,$34.66,1440105302843,"261,015",50% bullish,of 2 ratings,$39
UGLD,$9.74,1440105302901,"250,966",100% bearish,of 1 rating,N/A
SRCE,$29.99,1440105302939,"19,697",100% bullish,of 3 ratings,$33
VNET,$19.9,1440105302963,"502,789",60% bullish,of 5 ratings,$29.50
USLV,$15.3443,1440105302984,"466,686",86% bullish,of 7 ratings,N/A
DSLV,$58.3609,1440105303017,"38,117",100% bearish,of 1 rating,N/A
DGLD,$77.3,1440105303054,"14,392",100% bullish,of 1 rating,N/A
JOBS,$25.8608,1440105303077,"290,724",50% bullish,of 4 ratings,$36
SIXD,$1.95,1440105303434,"76,509",Not yet rated,NULL,N/A
EGHT,$8.2,1440105303510,"284,208",82% bullish,of 17 ratings,$11
AVHI,$13.9,1440105303615,"228,516",100% bearish,of 1 rating,$19
AAON,$22.28,1440105303669,"67,734",100% bearish,of 1 rating,$24
CAFD,$15.5,1440105303695,"184,071",Not yet rated,NULL,$25
SHLM,$35.42,1440105303747,"91,830",100% bearish,of 1 rating,$50
ABAX,$47.3,1440105303831,"145,427",100% bearish,of 1 rating,$60
ABY,$20.39,1440105303856,"239,682",100% bearish,of 2 ratings,$46
ABEO,$5.01,1440105303987,"186,771",67% bullish,of 3 ratings,$15.50
ABGB,$3.91,1440105304023,"98,282",67% bullish,of 3 ratings,$5.50
ABEOW,$1.69,1440105304045,"1,600",100% bullish,of 1 rating,N/A
AXAS,$1.62,1440105304087,"499,513",78% bullish,of 9 ratings,$3.50
ABMD,$102.19,1440105304115,"341,618",75% bullish,of 4 ratings,$100.50
ACTG,$8.79,1440105304179,"296,845",67% bullish,of 3 ratings,$18.50
ACHC,$76.08,1440105304335,"552,381",50% bullish,of 2 ratings,$92
ACAD,$35.99,1440105304467,"839,329",80% bullish,of 20 ratings,$48
XLRN,$28.5,1440105304674,"92,321",50% bullish,of 2 ratings,$57
VXDN,$13.65,1440105304707,"3,915",Not yet rated,NULL,N/A
ANCX,$18.77,1440105304729,"27,497",Not yet rated,NULL,$19
ARAY,$6.25,1440105304751,"1,160,021",100% bearish,of 1 rating,$10.50
ACST,$0.3601,1440105304792,"48,800",100% bullish,of 2 ratings,N/A
AXDX,$18.34,1440105304814,"139,237",100% bearish,of 1 rating,N/A
ACRX,$4.12,1440105304900,"289,903",67% bearish,of 6 ratings,$5.50
VXUP,$18.1,1440105304970,"19,530",Not yet rated,NULL,N/A
ACIW,$22.0973,1440105305104,"349,319",50% bullish,of 2 ratings,$24
ACHN,$7.97,1440105305132,"1,487,212",90% bullish,of 21 ratings,$16
AKAO,$7.12,1440105305154,"55,909",75% bullish,of 4 ratings,$15
ACET,$24.94,1440105305188,"77,728",75% bullish,of 4 ratings,$30
ACNB,$20.15,1440105305518,644,Not yet rated,NULL,N/A
ACPW,$1.86,1440105305586,"10,435",100% bullish,of 4 ratings,$3.50
ACOR,$29.21,1440105305620,"331,719",67% bearish,of 3 ratings,$38.50
ATVI,$27.85,1440105305653,"3,741,914",68% bullish,of 84 ratings,$31.50
ACXM,$20.3576,1440105305684,"244,729",67% bullish,of 3 ratings,N/A
ACTS,$1.35,1440105305706,"39,985",100% bearish,of 1 rating,N/A
ACTA,$13.26,1440105305742,"123,470",67% bearish,of 3 ratings,$25
ACUR,$0.63,1440105305845,"19,760",100% bullish,of 5 ratings,$1
ADMS,$19.85,1440105306029,"64,937",100% bearish,of 2 ratings,$36
ADAP,$14.77,1440105306058,"56,608",67% bullish,of 3 ratings,$22
ADMP,$3.51,1440105306084,"5,787",50% bullish,of 2 ratings,$10
ADUS,$29.25,1440105306128,"73,164",100% bearish,of 1 rating,$31
AEY,$2.33,1440105306218,"5,831",100% bearish,of 2 ratings,N/A
ADMA,$9.27,1440105306401,"3,611",Not yet rated,NULL,$19
ADBE,$82.69,1440105306462,"1,877,435",65% bullish,of 17 ratings,$90
ADRO,$20.12,1440105306501,"166,132",80% bullish,of 5 ratings,$45.50
ADTN,$15.63,1440105306523,"354,946",67% bullish,of 3 ratings,$17.125
ADEP,$6.95,1440105306559,"34,202",50% bullish,of 2 ratings,$10.75
AEIS,$25.26,1440105306588,"184,997",50% bullish,of 2 ratings,$32.50
ADXS,$14.21,1440105306619,"637,556",64% bullish,of 14 ratings,$27
AMD,$1.6998,1440105306641,"8,552,133",83% bullish,of 102 ratings,$2
ADXSW,$9.69,1440105306852,"5,442",100% bullish,of 1 rating,N/A
MULT,NULL,1440105306907,0,100% bearish,of 1 rating,N/A
YPRO,$23.24,1440105307107,"1,927",100% bearish,of 1 rating,N/A
AEGN,$18.57,1440105307133,"188,822",100% bearish,of 1 rating,$21
AEGR,$17.7,1440105307164,"350,508",50% bullish,of 6 ratings,$26
AMTX,$3.45,1440105307268,"11,999",50% bullish,of 2 ratings,$26.11
AEHR,$2.12,1440105307297,"2,436",50% bullish,of 2 ratings,N/A
AEPI,$57.15,1440105307325,"16,188",100% bearish,of 1 rating,N/A
AERI,$15.63,1440105307347,"278,527",75% bullish,of 4 ratings,$31.50
AVAV,$24.52,1440105307478,"123,075",50% bullish,of 4 ratings,$31
AEZS,$0.114,1440105307505,"6,484,715",90% bullish,of 21 ratings,$1.50
AFMD,$10.1,1440105307575,"174,033",50% bullish,of 4 ratings,$15
AEMD,$6.58,1440105307709,"27,318",Not yet rated,NULL,$27.50
AFFX,$9.24,1440105307737,"292,184",80% bullish,of 5 ratings,$12
AGEN,$7.1,1440105307763,"848,358",85% bullish,of 13 ratings,$14
AGRX,$8.25,1440105307812,"40,861",100% bearish,of 1 rating,$17.50
AGYS,$9.52,1440105308092,"41,819",100% bearish,of 1 rating,N/A
AGIO,$84.01,1440105308121,"329,476",88% bullish,of 8 ratings,$114
AIMT,$22,1440105308163,"119,511",Not yet rated,NULL,N/A
AGFS,$9.65,1440105308253,"178,933",100% bearish,of 1 rating,N/A
ATSG,$9.27,1440105308285,"125,277",67% bullish,of 3 ratings,$13
AGFSW,$1.75,1440105308307,"16,445",100% bearish,of 2 ratings,N/A
AIRM,$37.22,1440105308329,"197,002",80% bearish,of 5 ratings,$53
AIRT,$22.6,1440105308512,"2,227",100% bullish,of 1 rating,N/A
AMCN,$5,1440105308642,"394,828",83% bullish,of 6 ratings,N/A
AKAM,$69.78,1440105308673,"1,377,711",63% bullish,of 8 ratings,$77
AIXG,$6.03,1440105308714,"15,146",67% bearish,of 3 ratings,$6
AKER,$2.8,1440105308775,"4,927",Not yet rated,NULL,N/A
AKBA,$6.32,1440105308822,"231,755",100% bearish,of 1 rating,$18
AKRX,$41.515,1440105308852,"593,039",78% bullish,of 9 ratings,$56
ALRM,$16.76,1440105308954,"138,968",100% bearish,of 1 rating,$22
ALSK,$2.15,1440105309031,"62,009",78% bullish,of 18 ratings,$2
ABDC,$12.79,1440105309089,"11,142",Not yet rated,NULL,$15
AMRI,$19.96,1440105309122,"286,313",75% bearish,of 4 ratings,$24
ADHD,$8.52,1440105309148,"155,556",50% bullish,of 4 ratings,$18
ALDR,$36.46,1440105309191,"335,052",67% bearish,of 3 ratings,$62
ALXA,$1.11,1440105309348,"17,114",83% bullish,of 6 ratings,$2.125
ALDX,$7.45,1440105309378,"10,360",100% bearish,of 1 rating,$14.50
ALXN,$178.5986,1440105309400,"857,971",88% bullish,of 8 ratings,$223
ALCO,$42.35,1440105309536,"6,096",50% bullish,of 2 ratings,N/A
ALGN,$58.013,1440105309568,"336,353",100% bearish,of 2 ratings,$73
ALIM,$3.28,1440105309595,"81,197",80% bullish,of 5 ratings,$10
ALKS,$62.79,1440105309673,"524,360",67% bullish,of 3 ratings,$75
ALLB,$23.44,1440105309806,"3,404",Not yet rated,NULL,N/A
AFOP,$17.72,1440105309834,"126,744",75% bullish,of 8 ratings,$21
ALGT,$219.92,1440105309866,"103,292",100% bearish,of 1 rating,$235
AIQ,$14.7,1440105309965,"9,719",67% bullish,of 3 ratings,N/A
ARLP,$24.85,1440105309993,"136,434",67% bearish,of 3 ratings,$32
AHPI,$1.44,1440105310071,"3,583",50% bullish,of 2 ratings,N/A
AHGP,$37.06,1440105310146,"45,669",67% bullish,of 3 ratings,N/A
ALQA,$4.5,1440105310173,"46,431",75% bullish,of 4 ratings,$8.50
AMOT,$16.26,1440105310224,"48,892",100% bearish,of 1 rating,N/A
MDRX,$13.7683,1440105310394,"1,496,403",60% bullish,of 5 ratings,$16
AFAM,$47.06,1440105310440,"67,048",50% bullish,of 2 ratings,$44
ALNY,$101.81,1440105310527,"588,015",67% bullish,of 3 ratings,$148.50
AOSL,$7.2,1440105310556,"72,844",67% bullish,of 3 ratings,$9
ALLT,$5.06,1440105310656,"63,779",75% bullish,of 4 ratings,$6.25
SMCP,NULL,1440105310755,0,Not yet rated,NULL,N/A
ALTR,$48.65,1440105310783,"1,657,268",80% bearish,of 5 ratings,$54
ATEC,$0.575,1440105310811,"48,935",100% bullish,of 1 rating,$2
ASPS,$29.3,1440105310955,"89,242",67% bullish,of 3 ratings,$46.50
AIMC,$25.49,1440105311047,"39,158",100% bearish,of 1 rating,$28.50
AMRK,$10.61,1440105311137,100,50% bullish,of 2 ratings,$14
AMRN,$2.03,1440105311173,"1,485,129",85% bullish,of 39 ratings,$8
AMAG,$61.71,1440105311200,"245,427",100% bullish,of 2 ratings,$77.50
AYA,$22.07,1440105311270,"23,491",100% bearish,of 1 rating,$40
AMZN,$515.77,1440105311296,"2,411,076",81% bullish,of 263 ratings,$646
AMBC,$15.77,1440105311354,"216,230",100% bearish,of 1 rating,$16.50
AMBA,$96.25,1440105311498,"1,695,567",83% bullish,of 12 ratings,$102.50
EPAX,$2.66,1440105311525,"30,375",100% bearish,of 1 rating,N/A
AMBCW,$7.24,1440105311560,"2,675",100% bearish,of 1 rating,N/A
AMCX,$69.6416,1440105311660,"689,933",67% bullish,of 3 ratings,$85.50
AMDA,$0.5,1440105311686,"1,019,707",90% bullish,of 10 ratings,$1
DOX,$59,1440105311750,"198,092",100% bullish,of 2 ratings,$60
AMED,$40.72,1440105311882,"336,597",100% bearish,of 1 rating,$42
ASBI,$22.5,1440105312016,614,Not yet rated,NULL,N/A
UHAL,$372.8799,1440105312044,"11,834",100% bullish,of 2 ratings,$393.50
AAL,$41.95,1440105312192,"5,397,203",93% bullish,of 87 ratings,$57
AMOV,$18.25,1440105312222,"6,984",100% bearish,of 1 rating,N/A
ATAX,$5.24,1440105312325,"106,162",100% bullish,of 1 rating,$6.50
AGNCP,$25.38,1440105312409,"35,299",Not yet rated,NULL,N/A
AGNC,$19.97,1440105312458,"3,321,429",75% bullish,of 28 ratings,$22
AGNCB,$24.21,1440105312483,"49,167",Not yet rated,NULL,N/A
MTGE,$15.95,1440105312545,"211,716",75% bullish,of 4 ratings,$19.50
ACAS,$14.03,1440105312615,"1,134,496",60% bullish,of 5 ratings,$16.75
ACSF,$12.63,1440105312645,"14,789",100% bearish,of 1 rating,$15
MTGEP,NULL,1440105312673,0,Not yet rated,NULL,N/A
ANCI,$1.61,1440105312843,"4,300",100% bearish,of 1 rating,N/A
AMIC,$10.06,1440105312887,2,Not yet rated,NULL,N/A
AETI,NULL,1440105312921,0,67% bearish,of 3 ratings,N/A
AMNB,$22.85,1440105313069,"14,166",Not yet rated,NULL,$25.50
ANAT,$101.8896,1440105313118,"12,866",100% bullish,of 1 rating,N/A
APEI,$21.66,1440105313144,"63,998",100% bearish,of 1 rating,$25.50
AMRB,$9.97,1440105313272,"2,251",Not yet rated,NULL,$11
ARII,$38.57,1440105313310,"163,280",67% bearish,of 3 ratings,$45
ASEI,$39.06,1440105313336,"53,121",100% bearish,of 1 rating,$52.50
AMSC,$3.61,1440105313367,"45,124",50% bullish,of 4 ratings,N/A
AMSWA,$9.04,1440105313465,"32,924",100% bearish,of 2 ratings,$10.75
AMWD,$60.31,1440105313520,"233,503",50% bullish,of 2 ratings,$58
ABCB,$27.7,1440105313555,"76,434",Not yet rated,NULL,$31
CRMT,$41.68,1440105313657,"30,311",100% bearish,of 1 rating,$49
ASRV,$3.22,1440105313790,"1,805",100% bullish,of 2 ratings,N/A
ASRVP,$27.97,1440105313863,350,Not yet rated,NULL,N/A
AMSF,$50.31,1440105313927,"53,948",Not yet rated,NULL,$57.50
AMGN,$160.39,1440105314031,"2,504,422",89% bullish,of 19 ratings,$185
FOLD,$15.06,1440105314058,"757,486",56% bullish,of 9 ratings,$21
ATLO,$23.63,1440105314086,"7,700",Not yet rated,NULL,N/A
AMKR,$4.21,1440105314112,"767,821",100% bearish,of 2 ratings,$5
ASYS,$5.35,1440105314302,"46,803",67% bullish,of 3 ratings,$12
AMPH,$13.88,1440105314333,"161,836",50% bullish,of 2 ratings,$20
AMSGP,$156.6576,1440105314365,"20,000",Not yet rated,NULL,N/A
AMSG,$81.33,1440105314387,"247,519",100% bearish,of 1 rating,$85.50
AMRS,$1.62,1440105314474,"77,955",70% bullish,of 10 ratings,N/A
ANAC,$128.83,1440105314533,"410,345",80% bullish,of 5 ratings,$180.50
AFSI,$63.1374,1440105314559,"559,648",60% bullish,of 5 ratings,$72
ANAD,$0.3789,1440105314762,"173,773",100% bullish,of 2 ratings,$.50
ADI,$53.82,1440105314835,"3,664,767",67% bullish,of 3 ratings,$69
ALOG,$84.68,1440105314994,"90,565",100% bearish,of 2 ratings,$100.50
ABCW,$39.86,1440105315024,"11,990",67% bullish,of 3 ratings,N/A
ANCB,$22.4,1440105315045,100,Not yet rated,NULL,$23
ANGI,$4.42,1440105315087,"434,229",64% bullish,of 11 ratings,$5.50
ANGO,$14.59,1440105315109,"54,415",67% bullish,of 3 ratings,$19
ANIP,$50.37,1440105315182,"168,134",89% bullish,of 19 ratings,$66
AMCF,$0.299,1440105315211,"1,726",100% bullish,of 7 ratings,N/A
ANIK,$34.9,1440105315440,"67,603",60% bullish,of 5 ratings,$51.25
ANSS,$93.2288,1440105315471,"240,495",100% bearish,of 1 rating,$100
ATRS,$1.8,1440105315493,"377,562",92% bullish,of 12 ratings,$4.50
ANTH,$7.8,1440105315576,"810,022",80% bullish,of 10 ratings,$13
ABAC,$0.78,1440105315660,"8,650",100% bearish,of 1 rating,N/A
APIC,$6.92,1440105315746,"244,493",100% bearish,of 1 rating,$19
ATNY,$2.34,1440105315874,"6,298",50% bullish,of 2 ratings,$3.75
APOG,$51.65,1440105315974,"108,334",100% bullish,of 1 rating,$62
AINV,$6.5267,1440105316177,"1,256,347",50% bullish,of 4 ratings,$8
ARCI,$1.26,1440105316243,500,Not yet rated,NULL,N/A
APPF,$17.18,1440105316270,"32,349",50% bullish,of 2 ratings,$22
AAPL,$112.38,1440105316328,"41,684,296",86% bullish,of 2335 ratings,$150
APDN,$3.24,1440105316398,"34,956",Not yet rated,NULL,$9
APDNW,$1.21,1440105316501,"4,844",Not yet rated,NULL,N/A
APOL,$11.1987,1440105316531,"905,253",87% bearish,of 68 ratings,$14
AGTC,$14.98,1440105316635,"113,147",50% bullish,of 2 ratings,$33
AMAT,$15.92,1440105316933,"7,745,400",82% bullish,of 11 ratings,$23
AMCC,$5.09,1440105317090,"719,979",80% bullish,of 5 ratings,$8
AREX,$2.31,1440105317120,"488,872",100% bearish,of 1 rating,$3
AQXP,$17.05,1440105317223,"474,395",50% bullish,of 2 ratings,$2
AQMS,$4.88,1440105317270,"21,440",Not yet rated,NULL,N/A
AAOI,$20.33,1440105317301,"232,440",50% bullish,of 4 ratings,$26
APRI,$1.42,1440105317322,"484,083",83% bullish,of 6 ratings,$4.86
APTO,$4.93,1440105317402,"6,270",Not yet rated,NULL,$17
AUMA,NULL,1440105317620,0,Not yet rated,NULL,N/A
AUMAW,NULL,1440105317675,0,Not yet rated,NULL,N/A
AUMAU,$9.91,1440105317724,"4,292",Not yet rated,NULL,N/A
ABUS,$7.28,1440105317785,"313,158",86% bullish,of 14 ratings,$23
ARDM,$7.09,1440105317858,"4,888",100% bullish,of 1 rating,$26
PETX,$16.87,1440105317886,"236,601",100% bearish,of 2 ratings,$26
ARCW,$3.64,1440105317912,"15,222",100% bearish,of 2 ratings,$10.50
RKDA,$5.58,1440105318121,"10,904",100% bearish,of 2 ratings,$10
ABIO,$0.9,1440105318194,"135,160",50% bullish,of 2 ratings,$3.75
ACGL,$72.0356,1440105318254,"238,160",50% bullish,of 2 ratings,$72
ARCB,$30.41,1440105318290,"153,133",50% bullish,of 2 ratings,$39.50
ARDX,$17.29,1440105318386,"69,640",50% bullish,of 2 ratings,$24.50
ARNA,$2.81,1440105318412,"2,077,749",90% bullish,of 77 ratings,$5.50
ACAT,$27.82,1440105318543,"130,723",100% bearish,of 3 ratings,$33
ARGS,$5.32,1440105318686,"98,695",50% bullish,of 2 ratings,$19.50
AGII,$58.41,1440105318717,"114,944",Not yet rated,NULL,$59.50
ARCC,$15.71,1440105318739,"907,596",67% bearish,of 3 ratings,$17.875
AGIIL,$25.48,1440105318779,"2,946",Not yet rated,NULL,N/A
ARIS,$3.46,1440105318813,"3,865",Not yet rated,NULL,$4.50
ARKR,$25.33,1440105318876,5,50% bullish,of 2 ratings,N/A
ARIA,$6.66,1440105318904,"2,431,855",87% bullish,of 46 ratings,$9
ARTX,$1.47,1440105319202,"160,131",88% bullish,of 16 ratings,$4.50
ARWA,NULL,1440105319231,0,Not yet rated,NULL,N/A
ARWAR,NULL,1440105319257,0,Not yet rated,NULL,N/A
ARMH,$41.33,1440105319283,"1,118,524",54% bearish,of 13 ratings,$61
ARWAU,NULL,1440105319566,0,100% bullish,of 1 rating,N/A
ARWAW,NULL,1440105319594,0,Not yet rated,NULL,N/A
ARQL,$1.66,1440105319676,"163,310",75% bullish,of 4 ratings,$5
ARRY,$5.28,1440105319728,"856,366",100% bullish,of 7 ratings,$10
AROW,$26.92,1440105319828,"14,309",Not yet rated,NULL,N/A
ARRS,$26.9168,1440105319855,"707,780",50% bullish,of 2 ratings,$38
DWAT,$10.18,1440105319885,"1,500",100% bearish,of 1 rating,N/A
ARWR,$5.55,1440105319987,"560,526",75% bullish,of 4 ratings,$10.50
ARTNA,$22.55,1440105320084,"30,029",100% bearish,of 1 rating,$29
ASBB,$23.81,1440105320155,323,Not yet rated,NULL,N/A
ARTW,$4.41,1440105320183,600,75% bearish,of 4 ratings,N/A
ASCMA,$27.4,1440105320320,"70,011",100% bearish,of 1 rating,$45
ASNA,$11.4286,1440105320348,"2,097,129",50% bullish,of 2 ratings,$18
ASND,$17.81,1440105320394,"36,430",100% bullish,of 1 rating,$30
ASTI,$0.1569,1440105320522,"1,831,650",83% bullish,of 6 ratings,$3
ASMI,$35.81,1440105320628,"1,500",50% bullish,of 2 ratings,N/A
APWC,$1.8,1440105320762,"1,760",100% bearish,of 1 rating,N/A
AZPN,$38.45,1440105320822,"630,048",50% bullish,of 2 ratings,$42
ASMB,$12.68,1440105320896,"65,845",67% bullish,of 3 ratings,N/A
ASML,$87.44,1440105320965,"894,519",67% bullish,of 3 ratings,$127
ALOT,$13.71,1440105320996,"5,576",100% bearish,of 1 rating,N/A
ASTE,$36.19,1440105321018,"43,170",100% bearish,of 1 rating,$48
ASFI,$8.97,1440105321053,"9,511",100% bullish,of 1 rating,N/A
ATRO,$53.94,1440105321095,"135,950",100% bearish,of 2 ratings,$80
ASTC,$2.25,1440105321326,"22,734",100% bullish,of 5 ratings,N/A
ASUR,$5.63,1440105321352,"8,378",100% bearish,of 1 rating,$8
ATAI,$2.96,1440105321400,"18,151",100% bearish,of 1 rating,N/A
AFCB,NULL,1440105321604,0,Not yet rated,NULL,N/A
ATRA,$42.8,1440105321630,"107,603",50% bullish,of 2 ratings,$68
ATHN,$136.4434,1440105321697,"126,420",67% bearish,of 3 ratings,$153
ACFC,$6.23,1440105321830,"60,243",Not yet rated,NULL,$6.50
AAPC,$10.2,1440105321859,340,Not yet rated,NULL,N/A
AAME,$3.53,1440105321885,"1,143",Not yet rated,NULL,N/A
ATLC,$3.92,1440105322097,"1,156",67% bullish,of 3 ratings,N/A
AAWW,$41.88,1440105322135,"334,354",50% bullish,of 2 ratings,$65
ATHX,$1.17,1440105322157,"168,902",89% bullish,of 9 ratings,$5
AFH,$16.98,1440105322190,"20,042",Not yet rated,NULL,$21.50
ATNI,$72.9,1440105322230,"40,571",100% bearish,of 1 rating,$69.50
ATML,$7.1991,1440105322290,"3,929,607",78% bullish,of 9 ratings,$9.50
ATOS,$0.89,1440105322453,"104,977",100% bullish,of 7 ratings,$7
ATRI,$394.45,1440105322538,"1,832",Not yet rated,NULL,N/A
ATRC,$26.55,1440105322623,"78,218",100% bullish,of 1 rating,$30
ATRM,$2.89,1440105322759,790,50% bullish,of 2 ratings,N/A
ATTU,$14.03,1440105322786,"58,471",100% bearish,of 1 rating,$20.50
EARS,$4.98,1440105322812,"35,445",100% bearish,of 2 ratings,$11.50
AUPH,$3.2,1440105322842,"7,550",100% bearish,of 1 rating,$8
LIFE,$14.49,1440105322870,"25,012",86% bullish,of 7 ratings,$43
AUBN,$27.02,1440105322946,156,Not yet rated,NULL,N/A
AUDC,$3.2,1440105323007,"55,171",80% bullish,of 5 ratings,$5
ABTL,$18.28,1440105323434,"80,155",100% bullish,of 4 ratings,$20.25
ADSK,$53.1,1440105323486,"1,548,306",83% bullish,of 6 ratings,$69.50
AVGO,$115.03,1440105323512,"2,463,536",88% bullish,of 8 ratings,$160
ADAT,$0.11,1440105323643,"51,141",100% bullish,of 2 ratings,N/A
ADP,$82.71,1440105323668,"1,639,724",100% bearish,of 1 rating,$88
AAVL,$10.26,1440105323872,"425,927",100% bearish,of 1 rating,$20
AVNW,$1.14,1440105323899,"43,940",50% bullish,of 2 ratings,$2.20
AVNU,$12.53,1440105323929,"10,122",Not yet rated,NULL,$14
CAR,$44.51,1440105323955,"1,643,426",80% bullish,of 5 ratings,$60
AVID,$7.94,1440105323988,"195,397",100% bearish,of 1 rating,$20
AVEO,$1.4,1440105324056,"813,707",75% bullish,of 8 ratings,$3
AWRE,$3.17,1440105324151,"11,066",67% bullish,of 3 ratings,N/A
AVGR,$14.99,1440105324185,"23,521",100% bearish,of 1 rating,$20
AXPW,$1.5,1440105324315,"50,202",83% bullish,of 6 ratings,N/A
ACLS,$3.35,1440105324368,"794,412",67% bullish,of 6 ratings,$4.75
AXPWW,NULL,1440105324504,0,Not yet rated,NULL,N/A
AXGN,$3.89,1440105324649,"26,848",Not yet rated,NULL,$5
AXTI,$2.13,1440105324678,"24,482",50% bullish,of 2 ratings,$2.75
RILY,$10,1440105324718,"3,546",Not yet rated,NULL,N/A
BOSC,$2.2516,1440105324740,"3,614",50% bullish,of 2 ratings,N/A
BIDU,$157.4,1440105324814,"2,901,960",81% bullish,of 88 ratings,$215
BCOM,$19.98,1440105324847,374,100% bearish,of 1 rating,N/A
BCPC,$59,1440105324869,"91,702",100% bearish,of 1 rating,$75
BEAV,$49.3841,1440105324945,"610,606",67% bearish,of 3 ratings,$59
BWINB,$22.84,1440105325041,"11,211",Not yet rated,NULL,N/A
BWINA,NULL,1440105325087,0,Not yet rated,NULL,N/A
BANFP,$27.05,1440105325262,500,Not yet rated,NULL,N/A
BLDP,$1.31,1440105325289,"246,725",91% bullish,of 22 ratings,$2.50
BANF,$61.12,1440105325346,"6,780",Not yet rated,NULL,$68
BKMU,$7.14,1440105325508,"83,121",Not yet rated,NULL,$8
BMRC,$48.51,1440105325539,"7,799",Not yet rated,NULL,$52
BOCH,$5.82,1440105325646,"15,750",Not yet rated,NULL,$6.50
BKSC,$15.63,1440105325676,816,Not yet rated,NULL,N/A
OZRK,$41.2251,1440105325706,"310,030",67% bullish,of 3 ratings,$49.50
BOTJ,NULL,1440105325779,0,Not yet rated,NULL,N/A
BFIN,$11.98,1440105325858,"19,817",Not yet rated,NULL,$13
BANR,$45.5,1440105325947,"48,940",100% bullish,of 3 ratings,$50
BZUN,$6.04,1440105325987,"544,939",50% bullish,of 2 ratings,$13.85
BWFG,$18.25,1440105326015,"2,664",100% bearish,of 1 rating,N/A
TAPR,$29.86,1440105326087,"1,470",100% bearish,of 1 rating,N/A
BHACR,NULL,1440105326294,0,Not yet rated,NULL,N/A
BHAC,NULL,1440105326366,0,Not yet rated,NULL,N/A
BHACW,NULL,1440105326393,0,Not yet rated,NULL,N/A
BHACU,$10.19,1440105326421,400,Not yet rated,NULL,N/A
BYLK,$12.96,1440105326588,"6,078",Not yet rated,NULL,$14
BYBK,$5.07,1440105326616,200,100% bearish,of 1 rating,N/A
BBSI,$33.87,1440105326643,"97,684",67% bearish,of 3 ratings,$62.50
BSET,$29.92,1440105326684,"50,167",100% bearish,of 1 rating,$35
BCBP,$11.56,1440105326895,"17,896",Not yet rated,NULL,N/A
BBCN,$15.11,1440105326923,"212,910",100% bearish,of 1 rating,$16
BDCV,$4.99,1440105326951,"10,955",100% bearish,of 1 rating,$10.19
BV,$5.15,1440105326976,"327,922",67% bullish,of 6 ratings,$9
BECN,$36.15,1440105327084,"235,573",50% bullish,of 2 ratings,$40
BBGI,$4.8499,1440105327185,100,100% bearish,of 1 rating,N/A
BSF,$8.77,1440105327225,"18,198",Not yet rated,NULL,N/A
BEBE,$1.82,1440105327314,"82,265",75% bullish,of 4 ratings,$3.075
BELFB,$18.85,1440105327617,"24,884",100% bearish,of 1 rating,N/A
BLPH,$5.51,1440105327674,"31,424",100% bearish,of 1 rating,$12.50
BLCM,$17.46,1440105327844,"129,183",50% bullish,of 4 ratings,$40
BELFA,$16.8,1440105327879,946,100% bearish,of 1 rating,N/A
BNTC,$8.39,1440105327901,"96,350",100% bullish,of 1 rating,N/A
BBBY,$62.77,1440105327932,"1,456,929",71% bullish,of 7 ratings,$75
BNCL,$12.79,1440105327957,"327,431",100% bullish,of 3 ratings,$12.50
BNFT,$37.71,1440105327988,"61,899",67% bullish,of 3 ratings,$46
BGMD,$0.88,1440105328161,"240,215",100% bullish,of 10 ratings,N/A
BIND,$4.59,1440105328266,"44,597",67% bullish,of 3 ratings,$13.50
BGCP,$9.15,1440105328299,"690,562",88% bullish,of 8 ratings,$14
ORPN,$5.24,1440105328367,"5,460",100% bullish,of 1 rating,$28.50
BGFV,$11.06,1440105328442,"112,701",57% bullish,of 7 ratings,$12
BASI,$1.28,1440105328470,"27,651",Not yet rated,NULL,N/A
BIOD,$0.68,1440105328695,"132,827",80% bullish,of 5 ratings,$4
BCRX,$11.47,1440105328723,"816,650",63% bullish,of 8 ratings,$18
BIOC,$2,1440105328755,"556,280",83% bullish,of 6 ratings,$3.85
BCDA,NULL,1440105328776,0,Not yet rated,NULL,N/A
BDSI,$6.36,1440105328809,"705,690",88% bullish,of 8 ratings,$17
BIOL,$1.48,1440105328940,"51,756",Not yet rated,NULL,N/A
BIIB,$309.29,1440105328966,"1,081,883",88% bullish,of 16 ratings,$400
BLRX,$1.47,1440105329032,"181,384",100% bullish,of 12 ratings,$5
BMRN,$128.5,1440105329133,"682,214",80% bullish,of 5 ratings,$160
BLFS,$2.06,1440105329159,"21,689",100% bearish,of 1 rating,$4.75
BVXVW,$0.704,1440105329353,"5,100",100% bearish,of 1 rating,N/A
BVXV,$4,1440105329387,"9,650",Not yet rated,NULL,N/A
BIOS,$1.8,1440105329416,"1,242,147",71% bullish,of 7 ratings,$4
BRLI,NULL,1440105329442,0,83% bullish,of 6 ratings,N/A
BPTH,$1.13,1440105329480,"30,734",100% bullish,of 2 ratings,$5
BBC,$30.44,1440105329585,"26,649",Not yet rated,NULL,N/A
BBP,$32.45,1440105329693,"53,269",Not yet rated,NULL,N/A
BSTC,$50.28,1440105329828,"81,584",100% bearish,of 1 rating,$76
BSPM,$0.69,1440105329854,"13,028",50% bullish,of 2 ratings,N/A
BOTA,$2.25,1440105329884,"55,867",88% bullish,of 8 ratings,N/A
TECH,$103.6876,1440105329910,"127,022",100% bullish,of 1 rating,$117
BEAT,$13.1,1440105330040,"358,381",67% bearish,of 3 ratings,$15
BITI,$18.7,1440105330278,"32,925",100% bullish,of 1 rating,$28
BDMS,NULL,1440105330348,0,100% bearish,of 1 rating,N/A
BJRI,$45.74,1440105330414,"140,613",50% bullish,of 2 ratings,$55
BLKB,$59.01,1440105330442,"128,733",100% bearish,of 2 ratings,$66
BDE,$7.56,1440105330463,"132,364",50% bullish,of 2 ratings,$9
HAWK,$43.63,1440105330493,"363,191",90% bullish,of 10 ratings,$49
BBOX,$15.38,1440105330525,"40,214",100% bearish,of 1 rating,N/A
BBRY,$7.3,1440105330626,"4,061,354",61% bullish,of 330 ratings,$9
ADRD,$22.95,1440105330758,"2,887",100% bearish,of 1 rating,N/A
BKCC,$9.291,1440105330846,"100,090",100% bullish,of 2 ratings,$10
ADRE,$30.25,1440105330916,"8,624",Not yet rated,NULL,N/A
ADRU,$22.5308,1440105330947,208,100% bearish,of 1 rating,N/A
BLMN,$20.81,1440105331012,"774,990",83% bullish,of 6 ratings,$27.50
ADRA,$27.84,1440105331037,"10,707",Not yet rated,NULL,N/A
BCOR,$13.4,1440105331199,"226,412",57% bullish,of 7 ratings,$15
BUFF,$27.3,1440105331328,"191,565",83% bullish,of 12 ratings,$31.50
BLBD,$11.99,1440105331356,"10,950",Not yet rated,NULL,N/A
BBLU,$0.9,1440105331384,"86,794",100% bullish,of 2 ratings,$4.43
BKEP,$6.81,1440105331686,"41,888",100% bearish,of 1 rating,$8.50
BLUE,$121.25,1440105331714,"532,940",71% bullish,of 7 ratings,$217.50
BHBK,$14.16,1440105331765,"53,358",100% bullish,of 1 rating,$14.50
BKEPP,$7.75,1440105331792,"11,500",100% bearish,of 1 rating,N/A
BOBE,$44.76,1440105331918,"87,033",75% bullish,of 4 ratings,$57
BNCN,$21.37,1440105331944,"49,752",Not yet rated,NULL,$23
NILE,$34.38,1440105332019,"56,369",50% bullish,of 2 ratings,$34
WIFI,$8.19,1440105332200,"317,838",50% bullish,of 2 ratings,$13.50
BPMC,$25.81,1440105332226,"72,840",50% bullish,of 2 ratings,$47.50
BOJA,$20.88,1440105332257,"188,016",100% bullish,of 1 rating,$30
BOFI,$128.4,1440105332358,"157,056",100% bullish,of 6 ratings,$144
BOKF,$62.8674,1440105332408,"133,028",100% bearish,of 1 rating,$71
BPFHW,$5.55,1440105332765,100,100% bearish,of 1 rating,N/A
BAMM,$3.2,1440105332793,"9,292",60% bullish,of 5 ratings,N/A
BPFH,$12.24,1440105332833,"333,148",100% bearish,of 1 rating,$14
BONA,$11.96,1440105332865,"209,159",75% bullish,of 4 ratings,$8.50
BNSO,$1.42,1440105332935,"3,952",100% bearish,of 1 rating,N/A
BPFHP,NULL,1440105332957,0,100% bearish,of 1 rating,N/A
EPAY,$25.91,1440105333016,"107,344",100% bearish,of 2 ratings,$30
BDBD,$8.46,1440105333039,"591,445",60% bullish,of 5 ratings,$10
BCLI,$3.05,1440105333219,"62,643",80% bullish,of 5 ratings,$12
BBEP,$2.26,1440105333302,"1,678,838",69% bullish,of 13 ratings,$5.625
BBRG,$12.99,1440105333348,"57,604",67% bullish,of 3 ratings,$14.50
BDGE,$27.15,1440105333432,"19,854",Not yet rated,NULL,$31.75
BBEPP,$13.41,1440105333462,"36,250",100% bearish,of 1 rating,N/A
BRID,NULL,1440105333502,0,100% bearish,of 1 rating,N/A
BLIN,$1.32,1440105333565,"28,994",50% bullish,of 2 ratings,$2.20
BSFT,$31.43,1440105333735,"138,625",57% bullish,of 7 ratings,$40.50
BRCM,$49.45,1440105333766,"4,743,972",75% bullish,of 12 ratings,$56
BVSN,$5.83,1440105333797,"7,683",60% bearish,of 5 ratings,N/A
BCOV,$5.25,1440105333823,"124,726",67% bullish,of 3 ratings,$10.20
BYFC,$1.36,1440105333861,"14,010",50% bullish,of 2 ratings,N/A
BWEN,$3.31,1440105333954,"56,569",100% bullish,of 3 ratings,$8
BRCD,$10.25,1440105334084,"5,040,320",92% bullish,of 13 ratings,$12.50
BRKL,$10.87,1440105334111,"199,601",100% bearish,of 1 rating,$10.75
BRKS,$10.36,1440105334272,"149,115",67% bullish,of 3 ratings,$15.25
BRKR,$19.7396,1440105334319,"526,245",100% bearish,of 2 ratings,$22
BMTC,$29.39,1440105334346,"27,401",Not yet rated,NULL,$34
BLMT,$20.9,1440105334417,"9,874",Not yet rated,NULL,N/A
BSQR,$6.37,1440105334547,"103,818",67% bullish,of 3 ratings,N/A
BLDR,$14.9,1440105334636,"966,617",50% bullish,of 2 ratings,$22
BWLD,$193.6568,1440105334705,"236,211",82% bullish,of 11 ratings,$205
BUR,$1.96,1440105334777,"1,016",100% bearish,of 1 rating,$8
CHRW,$69.2117,1440105334838,"1,083,253",Not yet rated,NULL,$72
CFFI,$35.6,1440105334867,108,100% bearish,of 1 rating,N/A
CA,$28.3,1440105334889,"1,887,540",50% bullish,of 4 ratings,$33
CDNS,$20.4675,1440105335031,"1,385,956",75% bullish,of 4 ratings,$22.50
CCMP,$44.4,1440105335060,"69,294",50% bullish,of 2 ratings,$59
CDZI,$7.37,1440105335195,"16,893",100% bearish,of 1 rating,N/A
CZR,$6.87,1440105335252,"580,064",60% bearish,of 5 ratings,$10.50
CSTE,$44.17,1440105335292,"702,726",100% bearish,of 1 rating,$65
CACQ,$7.1,1440105335327,"49,068",100% bearish,of 1 rating,$12.25
PRSS,$4.49,1440105335462,"5,265",80% bullish,of 5 ratings,$4.50
CLMS,$11.56,1440105335490,"35,053",Not yet rated,NULL,$10.50
CLBS,$1.35,1440105335516,"122,256",79% bullish,of 14 ratings,$4
CHI,$10.95,1440105335677,"140,137",100% bearish,of 1 rating,N/A
CHY,$11.86,1440105335707,"258,399",Not yet rated,NULL,N/A
CCD,$20.35,1440105335738,"68,819",Not yet rated,NULL,N/A
CFGE,NULL,1440105335844,0,Not yet rated,NULL,N/A
CGO,$12.38,1440105335893,"24,993",100% bearish,of 1 rating,N/A
CHW,$7.79,1440105335923,"254,081",100% bearish,of 1 rating,N/A
CSQ,$10.18,1440105335944,"337,475",Not yet rated,NULL,N/A
CVGW,$54.59,1440105336144,"114,162",50% bullish,of 2 ratings,$58.50
CAMP,$15.88,1440105336172,"304,194",88% bullish,of 8 ratings,$25
CFNB,$13.4,1440105336327,898,100% bearish,of 1 rating,N/A
CALA,$5.05,1440105336355,"261,241",100% bullish,of 3 ratings,$19.50
ABCD,$4.67,1440105336389,"82,949",83% bullish,of 6 ratings,N/A
CALD,$15.86,1440105336422,"192,215",100% bearish,of 1 rating,$20.50
CLMT,$26,1440105336495,"151,448",75% bullish,of 8 ratings,$31
CALM,$49.99,1440105336525,"342,285",80% bullish,of 5 ratings,$65
CAMB,$9.95,1440105336655,600,Not yet rated,NULL,N/A
CAMBU,NULL,1440105336762,0,100% bearish,of 1 rating,N/A
CAMBW,NULL,1440105336816,0,Not yet rated,NULL,N/A
CAC,$40,1440105336851,"11,032",Not yet rated,NULL,N/A
CAMT,$2.79,1440105336983,"26,180",73% bullish,of 11 ratings,$4
CSIQ,$18.83,1440105337009,"3,065,418",86% bullish,of 28 ratings,$45
CPHC,$10.45,1440105337042,206,100% bearish,of 1 rating,N/A
CGIX,$9.72,1440105337348,"27,302",67% bullish,of 3 ratings,$14.375
CBNJ,$10.81,1440105337382,"4,824",100% bullish,of 1 rating,N/A
CPLP,$7.02,1440105337410,"514,758",71% bullish,of 7 ratings,$11
CPLA,$48.88,1440105337440,"73,333",50% bullish,of 2 ratings,$65
CSWC,$48.18,1440105337475,"13,099",Not yet rated,NULL,N/A
CBF,$29.87,1440105337544,"78,087",Not yet rated,NULL,$32
CCBG,$15.01,1440105337569,"13,763",Not yet rated,NULL,$17.25
CFFN,$11.99,1440105337779,"382,060",Not yet rated,NULL,$12.75
CPTA,$14.42,1440105337811,"58,292",Not yet rated,NULL,$18.50
CAPN,$2.27,1440105337843,"156,435",100% bullish,of 1 rating,$10.85
CAPNW,$0.76,1440105337913,"3,500",Not yet rated,NULL,N/A
CAPR,$3.86,1440105337939,"26,740",Not yet rated,NULL,$12
CPST,$0.3864,1440105338018,"574,489",95% bullish,of 22 ratings,$1
CARA,$21.04,1440105338162,"236,443",50% bullish,of 4 ratings,$25
CBYL,$6.67,1440105338215,"31,659",100% bearish,of 1 rating,$20
CARB,$11.29,1440105338242,"67,006",75% bullish,of 4 ratings,$12
CRDC,$0.4,1440105338309,"27,158",100% bullish,of 1 rating,$1.25
CSII,$23.95,1440105338341,"223,196",100% bearish,of 2 ratings,$42.125
CRME,$9.44,1440105338444,"19,316",89% bullish,of 9 ratings,$11.25
CFNL,$22.61,1440105338540,"85,513",Not yet rated,NULL,$24
CATM,$35.13,1440105338578,"396,423",100% bearish,of 1 rating,$44
CDNA,$6.4,1440105338644,"7,418",100% bearish,of 1 rating,$9
CECO,$3.61,1440105338773,"215,378",67% bearish,of 3 ratings,$6
CTRE,$12.08,1440105338800,"406,757",50% bullish,of 2 ratings,N/A
CKEC,$22.01,1440105338827,"225,528",50% bullish,of 2 ratings,$35.915
CLBH,$12.75,1440105339008,"4,079",Not yet rated,NULL,$16.50
CART,$5.45,1440105339071,"2,456",100% bearish,of 1 rating,N/A
CARO,$15.35,1440105339146,"11,570",100% bearish,of 1 rating,$19
TAST,$12.23,1440105339179,"191,765",Not yet rated,NULL,$14.25
CRTN,$2.59,1440105339207,"3,506",100% bearish,of 1 rating,N/A
CRZO,$32.3161,1440105339278,"579,785",67% bearish,of 3 ratings,$57
CARV,$5.74,1440105339339,817,50% bullish,of 2 ratings,N/A
CASM,$1.09,1440105339434,"39,478",100% bullish,of 1 rating,$3.50
CACB,$5.43,1440105339493,"62,451",Not yet rated,NULL,$5.50
CSCD,$14,1440105339524,"91,153",100% bullish,of 2 ratings,$17
CWST,$6.25,1440105339628,"124,810",50% bullish,of 2 ratings,$7
CASI,$1.48,1440105339659,"8,290",100% bullish,of 1 rating,$3.50
CASY,$106.4972,1440105339759,"186,381",50% bullish,of 2 ratings,$99.50
CASS,$49.17,1440105339901,"16,603",100% bearish,of 1 rating,N/A
CPRX,$3.44,1440105339929,"828,704",71% bullish,of 7 ratings,$7
CATB,$11.87,1440105339951,"14,026",100% bearish,of 1 rating,$28
CATY,$30.5163,1440105340083,"271,942",100% bearish,of 1 rating,$33.50
CATYW,NULL,1440105340126,0,100% bearish,of 1 rating,N/A
CVCO,$72.68,1440105340183,"19,183",100% bearish,of 1 rating,N/A
CAVM,$66.98,1440105340282,"491,533",67% bearish,of 3 ratings,$72
CBFV,$20.49,1440105340383,"4,323",Not yet rated,NULL,N/A
CNLM,$9.9,1440105340446,"3,200",Not yet rated,NULL,N/A
CNLMR,NULL,1440105340552,0,Not yet rated,NULL,N/A
CNLMU,$10.4,1440105340583,133,100% bullish,of 1 rating,N/A
CNLMW,NULL,1440105340609,0,Not yet rated,NULL,N/A
CBOE,$63.0224,1440105340687,"255,060",Not yet rated,NULL,$60
CECE,$9.7,1440105340889,"93,277",50% bullish,of 2 ratings,$16
CELG,$125,1440105340917,"3,834,634",92% bullish,of 13 ratings,$155.50
CDK,$48.7442,1440105340948,"422,964",67% bearish,of 3 ratings,$50
CDW,$38.9685,1440105340971,"547,653",75% bullish,of 4 ratings,$44
CLDN,$1.06,1440105341228,"179,946",71% bullish,of 7 ratings,$3
CELGZ,$1.75,1440105341255,"45,789",80% bullish,of 5 ratings,N/A
CLDX,$13.51,1440105341301,"1,611,120",89% bullish,of 9 ratings,$36
CLRB,$3,1440105341403,"2,175",100% bearish,of 1 rating,N/A
CLRBW,NULL,1440105341431,0,Not yet rated,NULL,N/A
CPXX,$2.18,1440105341458,"123,225",100% bullish,of 2 ratings,$7
CBMG,$21.54,1440105341594,"93,773",50% bullish,of 2 ratings,N/A
CLLS,$30.69,1440105341821,"88,142",75% bullish,of 4 ratings,$51.50
CLSN,$2.02,1440105341848,"100,293",80% bullish,of 10 ratings,$7.50
CLTX,$3.2,1440105341870,"9,996,284",100% bullish,of 2 ratings,N/A
CYAD,$52.67,1440105341902,"1,425",100% bullish,of 1 rating,$87.50
CEMP,$34.66,1440105341930,"771,953",71% bullish,of 7 ratings,$52
CSFL,$14.01,1440105342089,"105,756",Not yet rated,NULL,$15
CETV,$2,1440105342119,"107,832",67% bullish,of 3 ratings,$2.80
CETX,$2.42,1440105342144,"11,349",Not yet rated,NULL,$5.60
CFBK,$1.372,1440105342302,100,Not yet rated,NULL,N/A
CENTA,$12.58,1440105342446,"98,904",Not yet rated,NULL,N/A
CENT,$12,1440105342472,"27,252",Not yet rated,NULL,$10
CENX,$5.23,1440105342499,"1,540,850",67% bullish,of 6 ratings,$9
CVCY,$11.03,1440105342629,100,Not yet rated,NULL,$12
CNTY,$6.16,1440105342665,"9,410",80% bullish,of 5 ratings,$7.75
CPHD,$47.34,1440105342695,"316,134",50% bullish,of 2 ratings,$66.50
CNBKA,$40.75,1440105342724,"2,096",100% bullish,of 1 rating,N/A
CRNT,$1.42,1440105342830,"101,527",50% bullish,of 2 ratings,$2
CERN,$63.2624,1440105342956,"1,178,568",67% bullish,of 3 ratings,$79
CERE,$1.221,1440105343012,"313,038",88% bullish,of 8 ratings,N/A
CERU,$3.36,1440105343059,"14,863",75% bullish,of 4 ratings,$15
KOOL,$0.72,1440105343116,"8,527",100% bullish,of 5 ratings,$7
CERS,$4.8,1440105343298,"390,317",75% bullish,of 4 ratings,$7
CYOU,$20.05,1440105343324,"256,822",50% bullish,of 6 ratings,$24
CEVA,$18.6,1440105343350,"68,073",100% bearish,of 1 rating,$25
HOTRW,$0.14,1440105343515,"6,599",Not yet rated,NULL,N/A
CTHR,$1.18,1440105343541,"126,406",50% bullish,of 2 ratings,$2.50
HOTR,$1.3,1440105343574,"183,716",100% bullish,of 2 ratings,$5
GTLS,$22.59,1440105343673,"219,052",50% bullish,of 4 ratings,$40
CHFN,$12.45,1440105343946,"20,947",Not yet rated,NULL,$14
CHTR,$182.74,1440105344015,"762,687",100% bearish,of 2 ratings,$196
CHEK,$3.08,1440105344100,57,Not yet rated,NULL,$7.75
CHEKW,NULL,1440105344125,0,Not yet rated,NULL,N/A
CHKP,$79.89,1440105344174,"729,666",50% bullish,of 4 ratings,$92
CEMI,$4.38,1440105344354,"10,258",50% bullish,of 2 ratings,$7.50
CCXI,$6.745,1440105344380,"74,158",67% bullish,of 3 ratings,$14
CHFC,$31.95,1440105344410,"56,570",100% bearish,of 1 rating,$36
CHMG,$26.5,1440105344438,"4,212",Not yet rated,NULL,$30
CHEV,$14.6,1440105344465,728,Not yet rated,NULL,N/A
CHMA,$25.2,1440105344597,"78,673",Not yet rated,NULL,$40
CHKE,$26.15,1440105344633,"13,175",100% bearish,of 1 rating,$32.50
CBNK,$16.34,1440105344662,720,100% bearish,of 1 rating,N/A
PLCE,$59.64,1440105344799,"224,773",100% bearish,of 1 rating,$71
CMRX,$46.91,1440105344873,"215,604",50% bullish,of 2 ratings,$57
CADC,NULL,1440105344974,0,78% bullish,of 9 ratings,N/A
CAAS,$6.65,1440105345105,"18,437",93% bullish,of 14 ratings,$11.50
CBAK,$2,1440105345137,"59,141",67% bullish,of 9 ratings,N/A
CBPO,$102.9333,1440105345176,"282,139",75% bullish,of 8 ratings,$140.50
CALI,$0.91,1440105345232,"7,892",67% bullish,of 3 ratings,N/A
CCCL,$0.87,1440105345269,"7,562",100% bullish,of 6 ratings,N/A
CHOP,$1.25,1440105345411,"8,718",50% bullish,of 2 ratings,N/A
JRJC,$4.11,1440105345441,"46,180",82% bullish,of 11 ratings,N/A
CCCR,$0.8,1440105345467,"17,857",67% bearish,of 3 ratings,N/A
HGSH,$1.89,1440105345675,"3,159",67% bullish,of 3 ratings,N/A
CHLN,$1.93,1440105345701,"19,360",67% bullish,of 3 ratings,N/A
CJJD,$2.01,1440105345727,"13,163",100% bullish,of 1 rating,N/A
HTHT,$25.62,1440105345760,"46,642",50% bullish,of 2 ratings,$28
CNIT,$1.56,1440105345861,"118,016",67% bullish,of 6 ratings,N/A
CHNR,$2.01,1440105346010,"1,300",100% bearish,of 1 rating,N/A
CREG,$0.78,1440105346081,"12,427",100% bullish,of 3 ratings,N/A
CSUN,$1.44,1440105346225,"12,419",80% bullish,of 5 ratings,N/A
CNTF,$0.89,1440105346260,"181,262",Not yet rated,NULL,N/A
CPGI,$6.75,1440105346282,440,Not yet rated,NULL,N/A
CNYD,NULL,1440105346360,0,67% bullish,of 3 ratings,N/A
CXDC,$6.28,1440105346418,"45,411",67% bullish,of 3 ratings,N/A
CCIH,$8.51,1440105346446,"142,907",67% bullish,of 6 ratings,$12.65
IMOS,$15.3995,1440105346590,"160,755",60% bullish,of 5 ratings,$21.50
CNET,$0.84,1440105346688,"54,128",50% bullish,of 2 ratings,N/A
CHSCM,$26.05,1440105346754,"32,462",Not yet rated,NULL,N/A
CHSCL,$27.1,1440105346779,"29,317",Not yet rated,NULL,N/A
CHSCN,$27.22,1440105346824,"5,048",Not yet rated,NULL,N/A
CHSCO,$28.4,1440105346956,"3,399",Not yet rated,NULL,N/A
CHUY,$31.78,1440105347091,"164,449",50% bullish,of 2 ratings,$34
CHSCP,$30.32,1440105347117,"4,543",Not yet rated,NULL,N/A
CHDN,$133.62,1440105347174,"59,507",Not yet rated,NULL,$165
CIFC,$7.01,1440105347278,"3,804",Not yet rated,NULL,N/A
CMCT,$15.03,1440105347307,700,100% bearish,of 1 rating,N/A
CDTX,$14.09,1440105347413,"30,418",Not yet rated,NULL,$22
CINF,$55.5633,1440105347752,"458,818",50% bullish,of 4 ratings,$50.50
CMPR,$67.65,1440105347786,"315,785",50% bullish,of 2 ratings,$72.50
CTAS,$86.5896,1440105347888,"364,258",100% bearish,of 1 rating,$91
CRUS,$28,1440105347937,"963,207",75% bullish,of 12 ratings,$44.50
CIDM,$0.65,1440105347963,"56,222",50% bullish,of 2 ratings,$2.10
CPHR,$6.6,1440105347994,"7,165",100% bearish,of 1 rating,$16
CSCO,$27.0401,1440105348097,"23,805,845",84% bullish,of 208 ratings,$32
CTRN,$28.24,1440105348126,"171,968",100% bearish,of 1 rating,$30.50
CZNC,$19.78,1440105348173,"22,384",Not yet rated,NULL,N/A
CZFC,$12.75,1440105348323,784,Not yet rated,NULL,N/A
CZWI,$9.02,1440105348349,9,Not yet rated,NULL,N/A
CIZN,NULL,1440105348494,0,Not yet rated,NULL,N/A
CTXS,$75.86,1440105348526,"791,482",86% bullish,of 7 ratings,$80
CIVB,$10.27,1440105348622,"4,473",Not yet rated,NULL,$11
CHCO,$47.54,1440105348659,"45,942",Not yet rated,NULL,$46
CIVBP,NULL,1440105348685,0,Not yet rated,NULL,N/A
CLNE,$4.17,1440105348847,"812,650",80% bullish,of 15 ratings,$9
CDTI,$1.555,1440105348950,"110,874",75% bullish,of 4 ratings,$3.20
CLNT,$1.89,1440105348979,"10,592",75% bullish,of 8 ratings,N/A
CBLI,$4.05,1440105349113,"54,625",60% bullish,of 5 ratings,N/A
CLRO,$12.02,1440105349141,"7,383",50% bullish,of 2 ratings,$14.25
CLIR,$5.12,1440105349163,"23,147",100% bullish,of 3 ratings,N/A
CSBK,$13.67,1440105349197,"58,710",Not yet rated,NULL,N/A
CLFD,$17.26,1440105349219,"65,087",67% bullish,of 3 ratings,$18
CLVS,$73.23,1440105349420,"386,921",60% bullish,of 5 ratings,$101.50
CISG,$8.38,1440105349579,"120,394",100% bullish,of 5 ratings,$10
CCNE,$17.19,1440105349609,"14,046",50% bullish,of 2 ratings,$21.50
CME,$96.0485,1440105349631,"1,224,788",67% bullish,of 3 ratings,$102
CNV,$4.62,1440105349653,"76,940",50% bullish,of 2 ratings,$7.15
CMFN,$11.5,1440105349685,"12,037",100% bearish,of 1 rating,$15.50
CDXS,$3.88,1440105349993,"53,637",64% bullish,of 11 ratings,$6
COBZ,$12.97,1440105350019,"89,863",100% bullish,of 1 rating,$14
JVA,$4.66,1440105350049,"20,687",83% bullish,of 6 ratings,$7
COKE,$158.62,1440105350083,"25,680",79% bullish,of 19 ratings,N/A
CWAY,$11.3,1440105350105,"5,624",Not yet rated,NULL,N/A
CVLY,$20.55,1440105350177,124,Not yet rated,NULL,N/A
CDRB,$12.3,1440105350282,"7,831",67% bullish,of 3 ratings,N/A
CCOI,$28.62,1440105350311,"286,668",50% bullish,of 4 ratings,$35
CGNX,$36.2656,1440105350462,"461,320",50% bullish,of 2 ratings,$47
CGNT,$1.65,1440105350488,"14,086",100% bullish,of 2 ratings,$2
CTSH,$65.7,1440105350642,"2,872,116",90% bullish,of 10 ratings,$74.50
COHR,$57.2,1440105350741,"77,194",50% bullish,of 2 ratings,$72
CHRS,$29.51,1440105350796,"124,539",67% bearish,of 3 ratings,$37
COHU,$9.67,1440105350822,"96,394",100% bearish,of 1 rating,$14.25
CLCT,$18.91,1440105350893,"10,975",100% bearish,of 1 rating,N/A
CIGI,$46.46,1440105350978,"8,982",100% bearish,of 1 rating,$52
COLL,$15.29,1440105351026,"52,811",100% bearish,of 1 rating,$26
CLRX,$0.481,1440105351054,"26,277",50% bullish,of 2 ratings,N/A
CLCD,$7.52,1440105351399,"7,950",100% bearish,of 1 rating,$20.50
COLB,$31.56,1440105351430,"226,836",Not yet rated,NULL,$36
CMCO,$19.72,1440105351536,"195,006",60% bullish,of 5 ratings,$28
CBAN,$8.78,1440105351562,"1,505",Not yet rated,NULL,N/A
CBMX,$1.14,1440105351588,"8,880",83% bullish,of 6 ratings,$3.15
COLM,$64.6,1440105351624,"114,433",100% bearish,of 1 rating,$71
CMCSA,$58.352,1440105351854,"12,030,859",66% bullish,of 35 ratings,$69.50
CMCSK,$59.12,1440105351887,"2,558,741",Not yet rated,NULL,$84
CBSH,$46.155,1440105351918,"300,684",50% bullish,of 2 ratings,$46
CBSHP,$25.24,1440105351993,"28,434",100% bearish,of 1 rating,N/A
CVGI,$4.61,1440105352025,"82,132",50% bullish,of 2 ratings,$6
CUBN,$13.8,1440105352088,300,Not yet rated,NULL,N/A
COMM,$30.8281,1440105352119,"680,083",67% bearish,of 3 ratings,$35
CSAL,$21.7674,1440105352193,"475,135",75% bullish,of 4 ratings,$30
ESXB,$5.1,1440105352326,"36,604",Not yet rated,NULL,N/A
JCS,$9.13,1440105352460,"7,362",67% bullish,of 3 ratings,N/A
CYHHZ,$0.0117,1440105352641,"23,533",100% bullish,of 1 rating,N/A
CTBI,$34.84,1440105352668,"28,760",Not yet rated,NULL,$36
CIZ,$34.0899,1440105352690,"5,360",100% bearish,of 1 rating,N/A
COB,$10.5,1440105352724,"12,779",100% bullish,of 1 rating,$11.75
CWBC,$6.75,1440105352746,"1,128",Not yet rated,NULL,N/A
CID,$34.7,1440105352824,"10,800",Not yet rated,NULL,N/A
CSA,NULL,1440105352983,0,Not yet rated,NULL,N/A
CVLT,$36.5656,1440105353012,"251,995",75% bullish,of 4 ratings,$44.50
CDC,$35.99,1440105353084,"5,688",Not yet rated,NULL,N/A
CFO,$36.78,1440105353111,"13,164",100% bearish,of 1 rating,N/A
CFA,$36.66,1440105353248,500,100% bearish,of 1 rating,N/A
CIL,$34.44,1440105353275,"1,500",Not yet rated,NULL,N/A
CSF,$37.32,1440105353408,"83,791",100% bearish,of 1 rating,N/A
CDL,$35.08,1440105353473,"1,800",Not yet rated,NULL,N/A
CTG,$6.68,1440105353666,"14,630",100% bearish,of 1 rating,$8.50
CSB,$34.01,1440105353692,"3,520",Not yet rated,NULL,N/A
SCOR,$59.7,1440105353725,"488,461",100% bearish,of 1 rating,$66
CPSI,$45.36,1440105353747,"36,423",100% bearish,of 1 rating,$45.50
CGEN,$5.14,1440105353769,"184,185",50% bullish,of 2 ratings,$11
CHCI,$0.6,1440105353904,"12,603",50% bullish,of 2 ratings,N/A
CNSI,$18.72,1440105353939,"51,440",100% bearish,of 2 ratings,$29
CMTL,$26.68,1440105353961,"39,605",100% bearish,of 2 ratings,$37
CNAT,$4.18,1440105354137,"58,563",83% bullish,of 6 ratings,$13
CXRX,$75.52,1440105354326,"9,144",Not yet rated,NULL,$90
CNCE,$15.12,1440105354373,"170,293",75% bullish,of 4 ratings,$22
CCUR,$5.14,1440105354400,"13,063",75% bullish,of 4 ratings,N/A
CDORO,NULL,1440105354530,0,100% bearish,of 1 rating,N/A
CDOR,$1.425,1440105354662,"5,212",100% bullish,of 1 rating,N/A
CNFR,$10.4,1440105354950,"21,276",Not yet rated,NULL,N/A
CTWS,$34.3,1440105354981,"20,340",100% bearish,of 1 rating,$44
CNXR,$6.18,1440105355034,"36,453",100% bearish,of 1 rating,$12
CNMD,$55.72,1440105355061,"57,322",Not yet rated,NULL,$59
CFMS,$21.87,1440105355095,"107,886",Not yet rated,NULL,$27
CNOB,$19.91,1440105355130,"70,206",100% bullish,of 1 rating,$23.50
CONN,$31.22,1440105355192,"267,413",67% bullish,of 3 ratings,$48.50
CDORP,$7.1195,1440105355252,"2,036",100% bearish,of 1 rating,N/A
CNSL,$19.9,1440105355526,"182,546",100% bearish,of 1 rating,$23
CWCO,$11.02,1440105355551,"50,244",67% bullish,of 3 ratings,$14.50
CTCT,$23.77,1440105355756,"235,506",67% bullish,of 3 ratings,$37
CFRX,$4.96,1440105355825,"35,626",Not yet rated,NULL,$14
CFRXW,$1.9287,1440105355855,900,100% bearish,of 1 rating,N/A
CFRXZ,$0.54,1440105355883,500,Not yet rated,NULL,N/A
CPSS,$5.54,1440105355959,"35,624",100% bullish,of 1 rating,$10
CORT,$4.74,1440105356017,"199,811",67% bullish,of 3 ratings,$12
CPRT,$35.3158,1440105356044,"188,735",67% bearish,of 3 ratings,$40
CTRL,$7.78,1440105356089,"154,139",50% bullish,of 2 ratings,$11
CTRV,$3.93,1440105356173,"34,975",Not yet rated,NULL,$6.40
BVA,NULL,1440105356373,0,50% bullish,of 2 ratings,N/A
CORE,$62.5,1440105356401,"73,046",100% bearish,of 1 rating,$72
CORI,$11.02,1440105356476,"39,528",100% bearish,of 1 rating,$18
CRBP,$2.04,1440105356534,"1,506,854",100% bullish,of 2 ratings,$6.25
CSOD,$37.4,1440105356562,"414,615",50% bullish,of 2 ratings,$42
COSI,$1.13,1440105356691,"201,450",100% bullish,of 1 rating,N/A
COST,$143.765,1440105356735,"1,250,872",83% bullish,of 24 ratings,$154.50
CRVL,$32.45,1440105356762,"11,177",100% bearish,of 1 rating,N/A
CPAH,$0.4673,1440105356894,"1,750",50% bullish,of 2 ratings,N/A
CSGP,$188.1,1440105356960,"83,355",50% bullish,of 2 ratings,$235
CVTI,$23.58,1440105356989,"89,892",67% bearish,of 3 ratings,$39
COVS,$2.63,1440105357059,"119,635",67% bullish,of 3 ratings,N/A
ICBK,$18.301,1440105357085,507,Not yet rated,NULL,$21
COWNL,$27.4,1440105357220,"4,400",Not yet rated,NULL,N/A
COWN,$5.18,1440105357277,"600,598",75% bullish,of 4 ratings,$7
CPSH,$2.3,1440105357310,"4,400",Not yet rated,NULL,N/A
CRAI,$22.19,1440105357545,"22,088",Not yet rated,NULL,$36
BREW,$7.69,1440105357589,"41,930",67% bullish,of 6 ratings,$15
CBRL,$146.4524,1440105357641,"156,289",50% bullish,of 2 ratings,$155
CACC,$191.6717,1440105357675,"86,334",50% bullish,of 2 ratings,$158.50
CRAY,$21.13,1440105357719,"196,734",83% bullish,of 6 ratings,$38.50
GLDI,$11.07,1440105357745,"98,464",100% bearish,of 1 rating,N/A
SLVO,$10.5,1440105357896,"6,017",100% bearish,of 1 rating,N/A
CRESY,$10.92,1440105358031,"85,327",100% bearish,of 1 rating,$19
CREE,$25.36,1440105358065,"966,686",65% bullish,of 17 ratings,$28.50
CROX,$14.37,1440105358106,"640,439",63% bullish,of 8 ratings,$16.50
CRTO,$43.67,1440105358161,"587,307",67% bullish,of 6 ratings,$64
CCRN,$14.7,1440105358298,"170,594",100% bearish,of 1 rating,$14.25
CYRX,$3.07,1440105358538,"11,923",Not yet rated,NULL,$9
CSGS,$31.44,1440105358566,"91,130",Not yet rated,NULL,$40
CYRXW,$0.93,1440105358588,"15,900",Not yet rated,NULL,N/A
CRWS,$8.05,1440105358627,705,Not yet rated,NULL,$10
CCLP,$14.5696,1440105358723,"32,187",67% bearish,of 3 ratings,$21
CSPI,$6.17,1440105358745,"1,569",67% bullish,of 3 ratings,N/A
CRDS,$1.01,1440105358827,"61,072",50% bullish,of 4 ratings,$4.50
CRWN,$4.52,1440105358983,"141,333",75% bullish,of 4 ratings,N/A
CTCM,$1.73,1440105359072,"224,496",80% bearish,of 5 ratings,$3.90
CTIB,$3.54,1440105359135,"2,483",100% bearish,of 1 rating,N/A
CTIC,$1.61,1440105359164,"1,253,588",84% bullish,of 76 ratings,$5.75
CTRP,$64.61,1440105359241,"2,497,691",75% bullish,of 8 ratings,$92
CUI,$5.2831,1440105359343,"67,786",50% bullish,of 2 ratings,$10
CPIX,$5.67,1440105359369,"13,064",Not yet rated,NULL,N/A
CUNB,$21.92,1440105359395,"17,596",Not yet rated,NULL,$24.50
CRIS,$2.52,1440105359680,"245,111",100% bullish,of 8 ratings,$6
CMLS,$1.15,1440105359708,"878,623",50% bullish,of 4 ratings,$6
CVBF,$16.74,1440105359735,"440,458",Not yet rated,NULL,$18
CYAN,$7.12,1440105359766,"21,345",100% bearish,of 1 rating,N/A
CUTR,$14.15,1440105359844,"31,292",67% bearish,of 3 ratings,$18
CVV,$11.67,1440105359910,"44,990",100% bullish,of 5 ratings,N/A
CYBX,$64.74,1440105359991,"1,059,557",50% bullish,of 4 ratings,$70
CYBR,$54.75,1440105360051,"1,882,819",86% bullish,of 7 ratings,$66
CYCCP,NULL,1440105360189,0,100% bearish,of 1 rating,N/A
CYCC,$0.57,1440105360216,"36,712",73% bullish,of 11 ratings,N/A
CYBE,$5.92,1440105360290,"11,974",100% bearish,of 1 rating,N/A
CBAY,$2.71,1440105360350,"62,973",100% bullish,of 1 rating,$4
CYNO,$32.51,1440105360541,"167,917",67% bearish,of 3 ratings,$45.50
CY,$9.4389,1440105360567,"4,988,813",80% bullish,of 10 ratings,$15.50
CYRN,$1.67,1440105360715,"72,800",67% bullish,of 3 ratings,$4
CYNA,$16.18,1440105360744,"22,884",100% bullish,of 1 rating,$31.50
CONE,$33.3,1440105360765,"390,995",67% bearish,of 3 ratings,$35
CYTK,$6.39,1440105360814,"207,724",71% bullish,of 14 ratings,$13.50
CYTX,$0.3826,1440105360901,"590,896",83% bullish,of 12 ratings,$5.50
CYTR,$2.2,1440105361028,"384,869",67% bullish,of 6 ratings,$10
CTSO,$7.02,1440105361057,"54,995",Not yet rated,NULL,$15.625
DAEG,$0.3301,1440105361128,"16,273",100% bearish,of 1 rating,N/A
TVIX,$7.05,1440105361187,"10,393,990",81% bullish,of 16 ratings,N/A
TVIZ,$13.88,1440105361219,600,100% bearish,of 1 rating,N/A
XIV,$42.15,1440105361321,"14,417,861",75% bearish,of 4 ratings,N/A
ZIV,$47.64,1440105361386,"80,517",Not yet rated,NULL,N/A
DJCO,$202,1440105361488,"1,645",Not yet rated,NULL,N/A
DAKT,$11.71,1440105361573,"168,774",50% bullish,of 2 ratings,$14
DARA,$0.89,1440105361629,"19,622",83% bullish,of 6 ratings,$1.50
DAIO,$2.63,1440105361731,"22,414",Not yet rated,NULL,N/A
DRAM,$1.44,1440105361791,"7,166",78% bullish,of 9 ratings,N/A
DWCH,$5.15,1440105361922,"38,439",75% bullish,of 4 ratings,$8.25
DTLK,$5.35,1440105361955,"91,666",100% bearish,of 1 rating,$9
PLAY,$34.81,1440105362165,"196,917",100% bullish,of 5 ratings,$42
DTEA,$12.96,1440105362196,"97,594",100% bearish,of 2 ratings,$24
DWSN,$4.22,1440105362249,"12,029",67% bullish,of 3 ratings,$6
DBVT,$40.9791,1440105362299,"53,511",100% bearish,of 1 rating,$53
DHRM,$1.79,1440105362336,"8,613",Not yet rated,NULL,N/A
TRAK,$62.96,1440105362367,"1,075,128",50% bullish,of 2 ratings,$62.50
DFRG,$14.72,1440105362388,"86,691",100% bearish,of 1 rating,$20
TACO,$13.2412,1440105362594,"127,051",100% bullish,of 3 ratings,$20
TACOW,$4.01,1440105362738,"8,233",100% bullish,of 1 rating,N/A
DGAS,$20.23,1440105362764,"9,992",67% bearish,of 3 ratings,N/A
DCTH,$0.5015,1440105362787,"232,299",78% bullish,of 9 ratings,N/A
DELT,$2.7,1440105362817,"11,747",Not yet rated,NULL,N/A
DENN,$12.03,1440105362952,"366,909",100% bullish,of 3 ratings,$15
DELTW,NULL,1440105363015,0,Not yet rated,NULL,N/A
XRAY,$55.27,1440105363042,"376,760",100% bullish,of 1 rating,$58
DEPO,$29.82,1440105363175,"723,152",60% bullish,of 5 ratings,$29
DSCI,$6.4,1440105363203,"36,888",50% bullish,of 2 ratings,$16
DERM,$24.05,1440105363232,"75,144",100% bearish,of 1 rating,$33.50
DXLG,$4.59,1440105363257,"40,296",100% bearish,of 1 rating,$8
DSWL,NULL,1440105363424,0,100% bullish,of 1 rating,N/A
DEST,$11.96,1440105363451,"41,077",50% bullish,of 2 ratings,N/A
DXM,$0.3088,1440105363615,"129,135",50% bullish,of 2 ratings,N/A
DXCM,$90.31,1440105363668,"595,151",57% bullish,of 7 ratings,$98
DHXM,NULL,1440105363805,0,Not yet rated,NULL,N/A
DMND,$30.68,1440105363947,"202,359",75% bullish,of 12 ratings,$32
DHIL,$190.43,1440105363976,"3,409",Not yet rated,NULL,N/A
DCIX,$1.75,1440105363997,"37,391",50% bullish,of 4 ratings,$3.50
DRNA,$10,1440105364027,"121,271",67% bearish,of 3 ratings,$25
FANG,$70.2216,1440105364058,"587,489",50% bullish,of 2 ratings,$86
DMRC,$35.27,1440105364194,"78,056",100% bearish,of 1 rating,$44
DGII,$9.99,1440105364325,"61,325",100% bearish,of 1 rating,$10
DRAD,$3.91,1440105364350,"14,527",100% bullish,of 1 rating,$5.25
DGLY,$7.26,1440105364379,"133,161",50% bullish,of 6 ratings,$20
DCOM,$16.91,1440105364428,"78,113",100% bearish,of 2 ratings,$16.50
APPS,$2.29,1440105364622,"119,151",100% bearish,of 1 rating,$10.25
DIOD,$19.4,1440105364696,"192,513",75% bearish,of 4 ratings,$24
DPRX,$12.25,1440105364830,"90,004",100% bullish,of 2 ratings,$27.75
DISCB,$30.53,1440105364866,75,100% bearish,of 1 rating,$35
DISCA,$27.3167,1440105364907,"4,421,785",67% bullish,of 3 ratings,$34
DISCK,$26.2668,1440105364933,"4,365,217",100% bearish,of 1 rating,$32
DSCO,$0.44,1440105364965,"196,060",83% bullish,of 6 ratings,$2.75
DISH,$63.27,1440105364986,"1,257,719",69% bullish,of 13 ratings,$73
DVCR,$11.2,1440105365137,"7,167",100% bullish,of 1 rating,N/A
BAGR,$3.06,1440105365165,"8,767",100% bearish,of 1 rating,$6
DNBF,$26.99,1440105365344,"1,460",Not yet rated,NULL,$27.50
DLTR,$79.36,1440105365375,"1,508,298",82% bullish,of 11 ratings,$88
DLHC,$2.53,1440105365409,"1,422",100% bearish,of 1 rating,N/A
DGICA,$14.32,1440105365509,"9,288",100% bearish,of 1 rating,$17
DGICB,NULL,1440105365535,0,100% bearish,of 1 rating,N/A
DMLP,$13.97,1440105365572,"158,758",100% bearish,of 1 rating,N/A
DRWI,$0.25,1440105365837,"431,713",60% bullish,of 5 ratings,$.45
DRWIW,$0.068,1440105365879,400,Not yet rated,NULL,N/A
DWA,$18.1678,1440105365910,"637,215",63% bullish,of 8 ratings,$26
DORM,$50.36,1440105365943,"153,594",100% bearish,of 1 rating,$56
DRYS,$0.3589,1440105365965,"2,838,037",77% bullish,of 31 ratings,$.60
HILL,$9.68,1440105366007,"5,414,103",60% bearish,of 5 ratings,$9
DSPG,$8.66,1440105366047,"67,092",100% bearish,of 1 rating,$13.50
DSKX,$3.18,1440105366104,"143,353",100% bullish,of 1 rating,N/A
CADT,NULL,1440105366303,0,Not yet rated,NULL,N/A
CADTR,NULL,1440105366374,0,Not yet rated,NULL,N/A
CADTW,NULL,1440105366546,0,Not yet rated,NULL,N/A
CADTU,NULL,1440105366574,0,Not yet rated,NULL,N/A
DTSI,$26.68,1440105366600,"63,963",100% bearish,of 2 ratings,$39.50
DNKN,$50.024,1440105366627,"1,265,438",67% bullish,of 15 ratings,$56.50
DYSL,$1.57,1440105366663,"406,978",100% bullish,of 2 ratings,N/A
DYAX,$21.96,1440105366756,"489,694",89% bullish,of 9 ratings,$30
BOOM,$10.19,1440105366785,"44,266",67% bullish,of 3 ratings,$12
DRRX,$2.01,1440105366813,"304,944",50% bullish,of 6 ratings,$3
DXPE,$28.36,1440105366982,"147,739",50% bullish,of 2 ratings,N/A
DYNT,$2.96,1440105367129,"10,842",75% bullish,of 4 ratings,N/A
DVAX,$27.28,1440105367186,"310,526",70% bullish,of 10 ratings,$40
ETFC,$26.4568,1440105367216,"1,675,705",57% bullish,of 14 ratings,$33
EGBN,$43.13,1440105367275,"57,335",Not yet rated,NULL,$48
EGLE,$6.36,1440105367325,"26,497",60% bullish,of 5 ratings,N/A
EBMT,$11.46,1440105367357,"1,318",Not yet rated,NULL,$13.50
EGRX,$64.87,1440105367610,"241,523",67% bullish,of 3 ratings,$97
EROC,$1.13,1440105367638,"406,815",50% bullish,of 2 ratings,$3
EWBC,$42.3949,1440105367818,"1,142,705",100% bearish,of 1 rating,$50
EACQU,$10.2,1440105367845,945,Not yet rated,NULL,N/A
EVBS,$6.45,1440105367981,"1,970",Not yet rated,NULL,$7
EBAY,$26.52,1440105368014,"9,793,490",81% bullish,of 117 ratings,$48
EML,$16.82,1440105368041,"56,060",Not yet rated,NULL,N/A
ELNK,$8.57,1440105368067,"545,256",60% bullish,of 5 ratings,$9.50
EBIX,$29.1,1440105368124,"311,086",69% bullish,of 13 ratings,$40
ELON,$0.54,1440105368368,"72,572",50% bullish,of 2 ratings,N/A
ECTE,$1.53,1440105368400,"11,700",75% bullish,of 4 ratings,N/A
ECACU,$10.09,1440105368450,"13,600",Not yet rated,NULL,N/A
ECHO,$25.35,1440105368486,"380,677",67% bearish,of 3 ratings,$35.50
SATS,$45.4408,1440105368508,"88,882",50% bullish,of 2 ratings,$60
EEI,$11.27,1440105368543,"8,434",67% bearish,of 3 ratings,N/A
ESES,$3.4,1440105368594,"9,262",100% bearish,of 1 rating,$7
EDAP,$3.45,1440105368642,"46,008",60% bullish,of 5 ratings,$4.50
EDGW,$7.11,1440105368860,"11,900",100% bearish,of 1 rating,N/A
EFUT,$4.3,1440105368888,"4,035",Not yet rated,NULL,N/A
EDUC,$4.73,1440105368916,"6,158",100% bearish,of 1 rating,N/A
EGAN,$3.49,1440105369046,"315,325",50% bullish,of 2 ratings,$6.25
EGLT,$11.37,1440105369079,"162,920",50% bullish,of 2 ratings,$21
EMITF,$1.3,1440105369181,"14,134",75% bullish,of 4 ratings,N/A
EHTH,$13.96,1440105369207,"91,133",50% bullish,of 4 ratings,$16.50
LOCO,$12.48,1440105369252,"1,609,042",69% bullish,of 13 ratings,$20
ESLT,$81.3,1440105369284,"4,851",100% bullish,of 2 ratings,N/A
ERI,$9.36,1440105369388,"86,748",100% bearish,of 1 rating,$10
ESIO,$4.6,1440105369424,"68,376",50% bullish,of 2 ratings,$10
ELRC,$10.23,1440105369495,"27,369",100% bearish,of 1 rating,N/A
EA,$67.71,1440105369524,"2,981,468",77% bullish,of 35 ratings,$80
ELSE,$4.09,1440105369747,487,60% bullish,of 5 ratings,N/A
EFII,$44.29,1440105369772,"150,282",80% bullish,of 5 ratings,$55
ELEC,NULL,1440105369818,0,Not yet rated,NULL,N/A
EBIO,$3.16,1440105369954,"592,202",100% bearish,of 2 ratings,$8.35
ELECW,NULL,1440105369981,0,Not yet rated,NULL,N/A
RDEN,$10.46,1440105370061,"117,020",100% bearish,of 4 ratings,$15
ELECU,NULL,1440105370133,0,Not yet rated,NULL,N/A
LONG,$17.09,1440105370165,"26,510",67% bullish,of 3 ratings,$15.75
ESBK,$19.48,1440105370187,"3,100",Not yet rated,NULL,N/A
CAPX,NULL,1440105370266,0,Not yet rated,NULL,N/A
ELTK,$1.12,1440105370400,"33,348",67% bearish,of 3 ratings,N/A
EMCI,$23.44,1440105370427,"15,998",Not yet rated,NULL,N/A
EMCF,NULL,1440105370561,0,100% bearish,of 1 rating,N/A
EMKR,$6.99,1440105370587,"90,614",75% bullish,of 4 ratings,$8.50
EMMS,$1.3,1440105370620,"40,242",67% bullish,of 6 ratings,N/A
EMMSP,$3.38,1440105370746,300,100% bearish,of 1 rating,N/A
NYNY,$4.01,1440105370850,"42,347",50% bullish,of 2 ratings,N/A
ERS,$2.84,1440105370877,"1,551",Not yet rated,NULL,N/A
WIRE,$32.64,1440105371015,"56,631",100% bearish,of 1 rating,$37
ECPG,$38.76,1440105371037,"129,619",100% bullish,of 2 ratings,$52
ENTA,$39.25,1440105371073,"167,453",50% bullish,of 2 ratings,$42
ECYT,$4.98,1440105371095,"258,115",83% bullish,of 6 ratings,$12
ENDP,$80.8103,1440105371224,"1,469,906",50% bullish,of 6 ratings,$104
EIGI,$15.49,1440105371257,"482,156",67% bearish,of 3 ratings,$20
WATT,$7.06,1440105371390,"73,164",50% bullish,of 2 ratings,$13
ELGX,$13.06,1440105371420,"562,142",75% bullish,of 4 ratings,$17
ERII,$2.84,1440105371522,"54,493",80% bullish,of 5 ratings,$2.50
EFOI,$17.25,1440105371555,"611,410",50% bullish,of 2 ratings,$20.50
ENG,$1.02,1440105371744,"22,928",100% bullish,of 3 ratings,N/A
ENOC,$8.05,1440105371807,"202,614",75% bullish,of 4 ratings,$18
ESGR,$151.75,1440105371837,"37,948",100% bearish,of 1 rating,$185
ENFC,$18.17,1440105371863,"3,116",Not yet rated,NULL,N/A
ENPH,$4.51,1440105371889,"477,754",75% bullish,of 4 ratings,$11
EXXI,$1.51,1440105371941,"1,088,540",86% bullish,of 7 ratings,$3.50
ENTL,$21.72,1440105372075,"70,481",Not yet rated,NULL,$28
ETRM,$0.2459,1440105372342,"337,995",69% bearish,of 35 ratings,$1.625
ENTG,$13.82,1440105372374,"286,394",100% bearish,of 1 rating,$18
EBTC,$20.41,1440105372395,"5,710",Not yet rated,NULL,N/A
EFSC,$24.55,1440105372425,"31,174",Not yet rated,NULL,$27
EGT,$2.03,1440105372471,"6,825",100% bullish,of 1 rating,N/A
ENVI,$1.78,1440105372674,"5,888",67% bullish,of 3 ratings,N/A
ENZN,$1.07,1440105372700,"307,206",100% bullish,of 9 ratings,N/A
EPIQ,$13.82,1440105372733,"69,039",100% bearish,of 1 rating,$18
EPZM,$15.75,1440105372832,"261,354",60% bullish,of 5 ratings,$34
ENZY,$8.95,1440105372862,"11,550",67% bullish,of 3 ratings,$9.50
EPRS,$4.77,1440105372898,"100,131",82% bullish,of 11 ratings,$15
PLUS,$79.97,1440105372994,"174,413",50% bullish,of 2 ratings,$88
EQIX,$279.9264,1440105373025,"270,771",67% bullish,of 3 ratings,$312.50
EQFN,$8.39,1440105373082,"2,618",Not yet rated,NULL,N/A
EAC,$3.7,1440105373125,"19,830",100% bearish,of 1 rating,$8
ERIC,$9.84,1440105373219,"1,104,718",63% bullish,of 8 ratings,$13.30
ERIE,$86.5027,1440105373418,"17,842",Not yet rated,NULL,$73
ESPR,$52.96,1440105373497,"1,409,620",67% bearish,of 9 ratings,$123
ESCA,$18.29,1440105373556,"14,908",100% bearish,of 1 rating,$22
ESMC,$1.34,1440105373586,137,Not yet rated,NULL,N/A
ESCR,$0.18,1440105373608,"54,238",50% bullish,of 2 ratings,N/A
ESCRP,NULL,1440105373640,0,100% bearish,of 1 rating,N/A
EPIX,NULL,1440105373776,0,Not yet rated,NULL,N/A
ESSA,$12.86,1440105373798,"4,519",100% bearish,of 1 rating,N/A
ESND,$35.48,1440105373837,"81,179",50% bullish,of 2 ratings,$40
ESSX,$0.5498,1440105373932,"47,963",50% bullish,of 2 ratings,N/A
ETSY,$14.25,1440105373961,"532,337",80% bullish,of 5 ratings,$16
EEFT,$66.89,1440105374095,"167,555",100% bearish,of 1 rating,$67.50
CLWT,NULL,1440105374165,0,100% bearish,of 1 rating,N/A
EVEP,$7.6,1440105374235,"243,157",50% bullish,of 2 ratings,$15
EVK,$3.7,1440105374301,"2,512",75% bearish,of 4 ratings,N/A
ESEA,$6.12,1440105374366,"2,347",100% bullish,of 1 rating,$15
EVLV,$2.17,1440105374392,"120,851",60% bullish,of 5 ratings,$6.50
EVOL,$6.07,1440105374570,"18,343",75% bullish,of 4 ratings,$10
EXA,$10.68,1440105374602,"10,052",100% bearish,of 1 rating,$13
EVOK,$4.25,1440105374634,"199,106",100% bearish,of 1 rating,$13.75
EXAC,$18.6,1440105374702,"24,056",100% bearish,of 1 rating,$22.50
EXAS,$21.16,1440105374731,"754,166",78% bullish,of 9 ratings,$31
EXEL,$5.4,1440105374871,"3,356,565",81% bullish,of 16 ratings,$6
EXFO,$2.84,1440105374900,"3,100",67% bearish,of 3 ratings,$3.95
EXLS,$37.36,1440105375094,"91,475",100% bullish,of 1 rating,$41
EXPE,$118.6858,1440105375157,"645,904",64% bullish,of 11 ratings,$130
EXPO,$42.87,1440105375198,"47,407",100% bearish,of 1 rating,$45.50
EXPD,$49.4941,1440105375228,"1,720,185",80% bullish,of 5 ratings,$50.50
EXLP,$18.9217,1440105375290,"83,485",100% bearish,of 1 rating,$27
ESRX,$88.1194,1440105375329,"2,752,196",67% bearish,of 6 ratings,$101
EYEG,$4.11,1440105375564,"24,085",Not yet rated,NULL,N/A
EYEGW,NULL,1440105375612,0,Not yet rated,NULL,N/A
FB,$90.3,1440105375747,"26,608,717",73% bullish,of 1065 ratings,$111
EXTR,$2.86,1440105375776,"622,858",80% bullish,of 5 ratings,$3
EZCH,$21.3,1440105375802,"64,148",75% bullish,of 8 ratings,$19.50
FFIV,$126.56,1440105375845,"740,716",63% bullish,of 8 ratings,$132
FCS,$13.2684,1440105376058,"968,251",67% bearish,of 3 ratings,$17
EZPW,$6.05,1440105376242,"171,879",50% bullish,of 4 ratings,$7.50
DAVE,$13.96,1440105376272,"26,636",100% bearish,of 1 rating,$15.50
FRP,$16.71,1440105376347,"63,475",100% bearish,of 1 rating,$18
FALC,$1.62,1440105376406,"26,117",63% bearish,of 8 ratings,N/A
FWM,$2.28,1440105376436,"111,703",100% bearish,of 2 ratings,$3.20
FFKT,$26.64,1440105376539,"11,838",Not yet rated,NULL,$29
FARM,$22.44,1440105376677,"13,284",100% bearish,of 1 rating,$35
FMNB,$8.05,1440105376755,"5,384",Not yet rated,NULL,N/A
FAST,$39.3753,1440105376814,"1,348,656",80% bullish,of 5 ratings,$46
FARO,$39.08,1440105376850,"82,089",50% bullish,of 2 ratings,$48
FATE,$5.82,1440105376873,"153,364",50% bullish,of 2 ratings,$11
FBRC,$22.58,1440105376950,"10,533",100% bearish,of 1 rating,$29
FDML,$9.04,1440105377006,"202,479",50% bullish,of 4 ratings,$14
FBSS,$15.451,1440105377079,163,Not yet rated,NULL,N/A
FNHC,$22.24,1440105377271,"56,253",100% bearish,of 1 rating,$35
FEIC,$79.4805,1440105377403,"292,019",50% bullish,of 2 ratings,$95.50
FHCO,$1.4,1440105377513,"16,735",50% bullish,of 4 ratings,N/A
FGEN,$23.85,1440105377538,"230,336",100% bearish,of 1 rating,$39
ONEQ,$192.27,1440105377566,"23,082",100% bullish,of 1 rating,N/A
FENX,$9.72,1440105377594,"157,342",100% bullish,of 1 rating,$14.25
FCSC,$5.71,1440105377615,"175,583",100% bearish,of 1 rating,$8.125
FRGI,$53.21,1440105377784,"126,042",50% bullish,of 2 ratings,$70
LION,$19.37,1440105377834,"55,996",100% bullish,of 1 rating,$20
FDUS,$14.87,1440105377883,"24,270",100% bullish,of 1 rating,$18
FSAM,$8.85,1440105377925,"7,534",100% bearish,of 1 rating,$11
FSFR,$9.05,1440105377990,"83,553",100% bearish,of 1 rating,$11.50
FSC,$6.58,1440105378022,"821,342",75% bullish,of 4 ratings,$8
FSCFL,$24.8,1440105378044,"9,505",Not yet rated,NULL,N/A
FITB,$20.4575,1440105378185,"4,305,346",54% bullish,of 13 ratings,$22
FITBI,$27.71,1440105378375,"66,474",Not yet rated,NULL,N/A
FNJN,$1.72,1440105378504,"14,525",100% bearish,of 1 rating,$5
FNSR,$15.59,1440105378536,"1,087,670",71% bullish,of 7 ratings,$24.50
FNGN,$33.42,1440105378564,"364,207",67% bullish,of 3 ratings,$47
FISI,$24.74,1440105378586,"47,724",100% bullish,of 2 ratings,$24.50
FNTCU,NULL,1440105378616,0,Not yet rated,NULL,N/A
FNTC,$9.82,1440105378637,200,Not yet rated,NULL,N/A
FEYE,$39.6,1440105378818,"3,989,079",87% bullish,of 15 ratings,$55.50
FNTCW,NULL,1440105378847,0,Not yet rated,NULL,N/A
FRBA,$5.99,1440105378950,548,Not yet rated,NULL,$8
FBNC,$16.76,1440105379043,"25,768",100% bullish,of 1 rating,$20
FCVA,$4.71,1440105379076,"1,780",Not yet rated,NULL,N/A
FBIZ,$43.81,1440105379098,"12,208",100% bearish,of 2 ratings,$52
BUSE,$6.35,1440105379132,"81,508",Not yet rated,NULL,$6.875
FNLC,$18.47,1440105379227,"12,636",100% bullish,of 1 rating,N/A
FCNCA,$241.86,1440105379470,"8,528",Not yet rated,NULL,N/A
FCFS,$38.23,1440105379503,"89,850",100% bearish,of 2 ratings,$48
FCAP,$26.74,1440105379524,"1,730",Not yet rated,NULL,N/A
FCBC,$17.62,1440105379555,"17,926",Not yet rated,NULL,$18
FBNK,$16.5,1440105379603,"22,336",100% bearish,of 1 rating,$17.50
FCLF,$9.21,1440105379732,14,Not yet rated,NULL,N/A
FCFP,$6.824,1440105379758,"1,500",Not yet rated,NULL,N/A
FCCO,$12,1440105379840,"5,554",Not yet rated,NULL,$13.25
FFBC,$18.94,1440105379945,"134,812",67% bearish,of 3 ratings,$20.25
FFNM,$6.26,1440105379978,"1,500",Not yet rated,NULL,N/A
FFIN,$31.12,1440105380007,"196,299",50% bullish,of 2 ratings,$31.75
FDEF,$37.48,1440105380037,"48,287",Not yet rated,NULL,$38
FFBCW,NULL,1440105380058,0,100% bearish,of 1 rating,N/A
THFF,$33.09,1440105380188,"12,643",Not yet rated,NULL,$35
FFNW,$12.38,1440105380463,"65,920",Not yet rated,NULL,$14
INBK,$32.17,1440105380491,"10,446",50% bullish,of 2 ratings,$37
FFWM,$21.4,1440105380513,"15,147",Not yet rated,NULL,$24
FRME,$25.29,1440105380546,"143,735",Not yet rated,NULL,$26.50
FIBK,$27.16,1440105380576,"53,632",Not yet rated,NULL,$32
FMBH,$22.35,1440105380643,300,Not yet rated,NULL,N/A
FNFG,$9.44,1440105381016,"1,387,013",80% bullish,of 5 ratings,$9
FNBC,$34.65,1440105381045,"75,402",Not yet rated,NULL,$41.50
FNWB,$12.06,1440105381072,"10,056",Not yet rated,NULL,N/A
FSFG,$31.12,1440105381094,200,Not yet rated,NULL,N/A
FMBI,$17.88,1440105381139,"215,096",Not yet rated,NULL,$20
FSLR,$47.88,1440105381160,"1,276,219",74% bullish,of 39 ratings,$65
FSBK,$7.87,1440105381235,"4,797",100% bullish,of 1 rating,N/A
FSGI,$2.47,1440105381264,"7,979",Not yet rated,NULL,N/A
BICK,$20.17,1440105381458,500,100% bullish,of 1 rating,N/A
FBZ,NULL,1440105381648,0,Not yet rated,NULL,N/A
FCA,$20.8501,1440105381739,"6,450",Not yet rated,NULL,N/A
FCAN,$24.98,1440105381766,"4,035",Not yet rated,NULL,N/A
FTCS,$37.69,1440105381822,"34,704",Not yet rated,NULL,N/A
FEMB,$42.01,1440105381895,200,Not yet rated,NULL,N/A
FV,$23.83,1440105381924,"1,714,940",Not yet rated,NULL,N/A
IFV,$18.05,1440105381951,"1,544,160",100% bearish,of 1 rating,N/A
FTSM,$59.93,1440105381982,"14,239",100% bearish,of 1 rating,N/A
TDIV,$25.11,1440105382088,"140,254",100% bearish,of 1 rating,N/A
MDIV,$19.6,1440105382192,"144,745",Not yet rated,NULL,N/A
FEUZ,$31.41,1440105382285,"1,033",Not yet rated,NULL,N/A
FGM,$35.6,1440105382414,"26,448",Not yet rated,NULL,N/A
HYLS,$49.7,1440105382477,"31,564",100% bearish,of 1 rating,N/A
FTGC,$22.52,1440105382503,"70,217",Not yet rated,NULL,N/A
FTHI,$20.08,1440105382643,"5,692",Not yet rated,NULL,N/A
FPXI,$27.86,1440105382745,"5,469",Not yet rated,NULL,N/A
YDIV,$16.82,1440105382802,"6,339",Not yet rated,NULL,N/A
CU,$13.03,1440105382833,"7,710",100% bearish,of 1 rating,N/A
SKYY,$29.59,1440105382898,"44,866",100% bullish,of 1 rating,N/A
FHK,$33.85,1440105382928,"73,717",Not yet rated,NULL,N/A
FTLB,$19.8422,1440105382995,300,100% bearish,of 1 rating,N/A
FJP,$47.93,1440105383025,"72,023",Not yet rated,NULL,N/A
LMBS,$50.48,1440105383197,"9,704",Not yet rated,NULL,N/A
PLTM,$6.67,1440105383223,"5,232",100% bearish,of 1 rating,N/A
FMB,$51.15,1440105383425,"4,919",Not yet rated,NULL,N/A
QABA,$38.195,1440105383507,"32,518",100% bearish,of 1 rating,N/A
CIBR,$18.55,1440105383587,"102,881",Not yet rated,NULL,N/A
FONE,$35.26,1440105383608,"1,949",Not yet rated,NULL,N/A
CARZ,$35.7,1440105383645,"4,262",100% bearish,of 1 rating,N/A
QCLN,$15.08,1440105383690,"21,363",Not yet rated,NULL,N/A
RDVY,$21.9399,1440105383741,"2,352",Not yet rated,NULL,N/A
QQXT,$41.52,1440105383828,"7,664",Not yet rated,NULL,N/A
GRID,$33.6,1440105383898,"1,757",100% bearish,of 1 rating,N/A
QTEC,$40.54,1440105384027,"120,207",Not yet rated,NULL,N/A
AIRR,$16.43,1440105384053,"6,709",100% bearish,of 1 rating,N/A
QQEW,$42.63,1440105384075,"124,537",Not yet rated,NULL,N/A
FTSL,$48.98,1440105384218,"33,367",100% bearish,of 1 rating,N/A
QINC,$21.1,1440105384271,408,Not yet rated,NULL,N/A
FKO,NULL,1440105384350,0,Not yet rated,NULL,N/A
FDIV,$48.18,1440105384404,439,100% bearish,of 1 rating,N/A
FSZ,$39.6,1440105384429,"26,370",Not yet rated,NULL,N/A
FTW,$30.705,1440105384573,646,Not yet rated,NULL,N/A
FUNC,$8.26,1440105384655,"5,526",Not yet rated,NULL,N/A
SVVC,$10.54,1440105384691,"12,277",100% bullish,of 1 rating,$26
TUSA,$25.5,1440105384757,186,Not yet rated,NULL,N/A
FMER,$17.8279,1440105384789,"829,568",50% bullish,of 2 ratings,$20
FKU,$42.78,1440105384817,"29,452",Not yet rated,NULL,N/A
FSV,$32.28,1440105384950,"8,121",Not yet rated,NULL,$33.60
FISV,$88.42,1440105385001,"753,536",100% bearish,of 3 ratings,$90
FIVE,$36.02,1440105385259,"209,732",75% bearish,of 4 ratings,$44
FPRX,$17.96,1440105385285,"302,415",50% bullish,of 2 ratings,$35
FLML,$21.0982,1440105385358,"171,930",50% bullish,of 2 ratings,$30
FLXN,$24.08,1440105385440,"80,746",100% bearish,of 1 rating,$40
FIVN,$4.1,1440105385503,"309,909",100% bullish,of 1 rating,$8.50
MBSD,$24.932,1440105385534,805,Not yet rated,NULL,N/A
SKOR,$50.5,1440105385571,300,Not yet rated,NULL,N/A
FLKS,$13.81,1440105385629,"56,655",50% bullish,of 2 ratings,$27
FLEX,$10.8191,1440105385827,"1,634,404",63% bullish,of 8 ratings,$12
FLXS,$32.205,1440105385853,"38,291",100% bearish,of 2 ratings,N/A
FLIR,$29.5964,1440105386105,"578,364",100% bearish,of 1 rating,$38.50
FLDM,$12.52,1440105386130,"450,716",67% bearish,of 3 ratings,$21.50
FFIC,$20.25,1440105386157,"37,126",Not yet rated,NULL,$21
FOGO,$18.83,1440105386193,"99,390",50% bullish,of 2 ratings,$25.50
FORM,$6.04,1440105386287,"186,304",67% bullish,of 3 ratings,$10.50
FONR,$9.76,1440105386316,"23,996",100% bullish,of 1 rating,N/A
FOMX,$9.82,1440105386343,"344,356",50% bullish,of 2 ratings,$23.50
FES,$0.92,1440105386478,"1,286",50% bullish,of 2 ratings,$1
FORTY,$31.81,1440105386550,247,Not yet rated,NULL,N/A
FORR,$32.33,1440105386577,"25,038",Not yet rated,NULL,N/A
FTNT,$44.6046,1440105386726,"1,357,926",80% bullish,of 10 ratings,$52
FWRD,$47.07,1440105386888,"249,603",100% bearish,of 1 rating,$50
FORD,$1.01,1440105386941,"214,000",50% bullish,of 2 ratings,N/A
FBIO,$2.77,1440105386989,"101,628",83% bullish,of 6 ratings,N/A
FOSL,$60.5927,1440105387119,"675,701",50% bullish,of 4 ratings,$70
FWP,$25.18,1440105387148,"13,443",100% bearish,of 1 rating,$45
FXCB,$17.1,1440105387218,"49,277",Not yet rated,NULL,$19
FMI,$20.02,1440105387284,"191,431",100% bearish,of 2 ratings,$27.50
FOXF,$15.27,1440105387311,"38,116",100% bearish,of 1 rating,$19
FELE,$29.19,1440105387444,"191,115",50% bullish,of 4 ratings,$33
FRAN,$10.21,1440105387478,"397,869",50% bullish,of 4 ratings,$15
FREE,$0.506,1440105387578,"2,225,821",92% bullish,of 12 ratings,N/A
FRED,$14.48,1440105387607,"141,529",50% bullish,of 2 ratings,$16.50
RAIL,$20.38,1440105387638,"64,968",100% bearish,of 1 rating,$24.50
FEIM,$11.13,1440105387745,"4,935",100% bearish,of 1 rating,N/A
FRPT,$13.32,1440105387925,"258,261",67% bearish,of 3 ratings,$23.50
FTR,$5.2594,1440105388259,"12,881,236",78% bullish,of 27 ratings,$6.25
FRPH,$31.11,1440105388286,"3,009",100% bearish,of 1 rating,N/A
FSBW,$23.24,1440105388307,115,Not yet rated,NULL,N/A
FTD,$29.74,1440105388342,"70,568",100% bearish,of 1 rating,$40
FTRPR,$103.83,1440105388363,"107,538",100% bearish,of 1 rating,N/A
FSYS,$6.46,1440105388394,"40,555",67% bullish,of 3 ratings,$10
FTEK,$2.21,1440105388533,"26,203",75% bullish,of 4 ratings,N/A
FCEL,$0.78,1440105388562,"832,508",88% bullish,of 40 ratings,$2.65
FULT,$12.5385,1440105388774,"747,543",100% bearish,of 1 rating,$13
FULLL,$25.31,1440105388809,"3,250",Not yet rated,NULL,N/A
FULL,$3.17,1440105388831,"20,379",67% bearish,of 3 ratings,$4.25
FSNN,$2.51,1440105388909,"2,400",67% bullish,of 3 ratings,$6
FLL,$1.5,1440105388936,"126,992",75% bullish,of 4 ratings,$2.825
FFHL,NULL,1440105389067,0,50% bullish,of 4 ratings,N/A
FXEN,$0.98,1440105389118,"63,000",75% bullish,of 4 ratings,$1.10
FXENP,$16.2788,1440105389213,"1,100",100% bearish,of 1 rating,N/A
WILC,$5.1,1440105389250,"5,570",100% bullish,of 2 ratings,N/A
GK,$71.15,1440105389310,"47,215",Not yet rated,NULL,$78
GAIA,$5.88,1440105389340,"13,656",50% bullish,of 2 ratings,$8.50
GLPG,$64.05,1440105389401,"25,156",100% bullish,of 1 rating,$75
GALTU,NULL,1440105389470,0,100% bearish,of 1 rating,N/A
GALT,$1.97,1440105389606,"89,070",80% bullish,of 5 ratings,N/A
GALTW,$0.65,1440105389656,300,100% bullish,of 1 rating,N/A
GLMD,$8.5,1440105389846,"4,179",67% bullish,of 3 ratings,$20.50
GALE,$1.36,1440105389978,"1,011,085",89% bullish,of 47 ratings,$4
GRMN,$38.9953,1440105390009,"641,838",50% bullish,of 6 ratings,$48
GLPI,$32.4635,1440105390031,"342,535",100% bearish,of 1 rating,$37.50
GGACR,NULL,1440105390060,0,100% bullish,of 1 rating,N/A
GPIC,$10.8,1440105390241,714,100% bearish,of 1 rating,N/A
GGACW,$0.12,1440105390270,510,Not yet rated,NULL,N/A
GGACU,NULL,1440105390292,0,Not yet rated,NULL,N/A
GGAC,$9.82,1440105390426,200,100% bearish,of 1 rating,N/A
GNCMA,$16.56,1440105390460,"119,546",100% bearish,of 1 rating,$12
GARS,$14.78,1440105390489,"14,787",Not yet rated,NULL,$16
GENC,$9.51,1440105390558,725,100% bearish,of 1 rating,N/A
GFN,$3.77,1440105390662,"21,901",100% bearish,of 2 ratings,$8
GFNSL,$25.5,1440105390855,"3,100",Not yet rated,NULL,N/A
GFNCP,$95,1440105390888,400,Not yet rated,NULL,N/A
GNTX,$15.2582,1440105390947,"1,174,708",Not yet rated,NULL,$20
GNMK,$9.02,1440105390984,"174,311",67% bullish,of 6 ratings,$14
GENE,$2.57,1440105391016,"175,619",100% bullish,of 12 ratings,N/A
GHDX,$24.84,1440105391082,"183,062",50% bullish,of 2 ratings,$30
GNCA,$12.14,1440105391114,"158,084",100% bearish,of 1 rating,$20
THRM,$44.79,1440105391212,"200,987",75% bearish,of 4 ratings,$55.50
GTWN,$18.57,1440105391634,2,Not yet rated,NULL,N/A
GEOS,$14.95,1440105391692,"121,745",100% bearish,of 3 ratings,$25.50
GERN,$2.98,1440105391721,"1,358,991",88% bullish,of 16 ratings,$5.25
GNVC,$2.4,1440105391751,"4,629",90% bullish,of 10 ratings,$8.50
GEVO,$2.29,1440105391855,"283,989",75% bullish,of 12 ratings,$5
GABC,$29.19,1440105391889,"17,674",Not yet rated,NULL,$31.50
ROCK,$17.94,1440105391984,"58,275",80% bullish,of 5 ratings,$24
GIGM,$0.62,1440105392016,"45,987",100% bullish,of 2 ratings,N/A
GIII,$67.19,1440105392045,"128,971",67% bullish,of 3 ratings,$75
GILD,$112.05,1440105392134,"5,886,906",91% bullish,of 86 ratings,$129
GLAD,$8.37,1440105392335,"58,676",50% bullish,of 2 ratings,$8.75
GILT,$4.49,1440105392368,"11,206",50% bullish,of 2 ratings,N/A
GIGA,$1.49,1440105392389,"211,152",100% bearish,of 1 rating,N/A
GBCI,$26.55,1440105392430,"250,906",50% bullish,of 2 ratings,$31
GLADO,$25.45,1440105392467,"2,866",Not yet rated,NULL,N/A
GOOD,$15.6,1440105392736,"30,161",Not yet rated,NULL,$19
GOODN,$25.65,1440105392801,500,Not yet rated,NULL,N/A
GOODO,$25.02,1440105392831,350,Not yet rated,NULL,N/A
GAIN,$7.64,1440105392858,"135,117",100% bullish,of 2 ratings,$8.25
GOODP,NULL,1440105392894,0,Not yet rated,NULL,N/A
GAINP,$25.98,1440105392927,"2,422",Not yet rated,NULL,N/A
GAINN,$25.36,1440105392990,"61,611",Not yet rated,NULL,N/A
GAINO,$25.7499,1440105393020,200,Not yet rated,NULL,N/A
GBT,$44.99,1440105393303,"124,108",100% bearish,of 1 rating,N/A
LAND,$9.57,1440105393385,"13,313",50% bullish,of 2 ratings,$13.75
GPACU,$10.1,1440105393556,"1,650",Not yet rated,NULL,N/A
GDEF,NULL,1440105393585,0,Not yet rated,NULL,N/A
GBLI,$26.12,1440105393658,"12,769",Not yet rated,NULL,N/A
GLBZ,NULL,1440105393713,0,Not yet rated,NULL,N/A
ENT,$11.52,1440105393743,"417,876",100% bearish,of 1 rating,$18
GSOL,$8.31,1440105393769,"12,884",100% bearish,of 1 rating,N/A
ACTX,$13.74,1440105393843,"4,351",100% bullish,of 1 rating,N/A
SOCL,$17.79,1440105393991,"50,191",100% bullish,of 2 ratings,N/A
QQQC,$20.02,1440105394043,"8,973",100% bearish,of 1 rating,N/A
ALTY,NULL,1440105394071,0,Not yet rated,NULL,N/A
SRET,$13.8,1440105394100,"1,901",Not yet rated,NULL,N/A
YLCO,$12,1440105394252,700,Not yet rated,NULL,N/A
GAI,$5.4,1440105394347,"1,962",50% bullish,of 2 ratings,N/A
GSM,$13.44,1440105394914,"296,210",50% bullish,of 2 ratings,$24.50
GBIM,$2.24,1440105394943,"15,779",50% bullish,of 2 ratings,N/A
GLRI,$1.14,1440105394965,"5,485",100% bearish,of 1 rating,$6
GLUU,$4.54,1440105394999,"2,363,478",92% bullish,of 26 ratings,$9
GLBS,$1.14,1440105395021,"7,026",67% bullish,of 3 ratings,N/A
GOGO,$15.83,1440105395046,"689,672",80% bullish,of 5 ratings,$25
GLYC,$7.26,1440105395154,"3,362",50% bullish,of 2 ratings,$14
GMLP,$19.43,1440105395237,"170,590",50% bullish,of 4 ratings,$32.50
GDEN,$8.65,1440105395370,"7,495",50% bullish,of 2 ratings,N/A
GOGL,$3.2,1440105395407,"312,040",75% bullish,of 4 ratings,$5
GLDC,$4.05,1440105395429,624,50% bullish,of 2 ratings,N/A
GLNG,$36.8,1440105395508,"476,407",83% bullish,of 6 ratings,$58
GBDC,$16.48,1440105395541,"48,813",Not yet rated,NULL,$17.75
GTIM,$6.12,1440105395646,"92,239",Not yet rated,NULL,$11.50
GOOG,$646.97,1440105395814,"1,316,269",89% bullish,of 65 ratings,$825
GPIA,NULL,1440105395881,0,Not yet rated,NULL,N/A
GOOGL,$679.48,1440105395913,"1,276,970",88% bullish,of 1079 ratings,$749
GPRO,$50.58,1440105395935,"5,917,495",78% bullish,of 58 ratings,$72
GPIAU,$10,1440105396014,"10,100",Not yet rated,NULL,N/A
GMAN,$4.42,1440105396072,"49,810",60% bullish,of 5 ratings,$8
GPIAW,NULL,1440105396174,0,Not yet rated,NULL,N/A
GBSN,$2.0676,1440105396307,"115,082",100% bearish,of 1 rating,$8.25
GRVY,$3.47,1440105396363,"1,240",50% bullish,of 2 ratings,N/A
LOPE,$36.97,1440105396442,"266,204",100% bearish,of 2 ratings,$50
GLDD,$5.4,1440105396494,"188,410",100% bearish,of 4 ratings,$7.75
GSBC,$40.32,1440105396535,"29,380",100% bullish,of 1 rating,$44
GBSNU,$17.06,1440105396572,"3,901",Not yet rated,NULL,N/A
GRBK,$13.47,1440105396736,"195,126",77% bullish,of 13 ratings,N/A
GNBC,$12.22,1440105396762,"22,303",100% bearish,of 1 rating,$17
GPP,$14.75,1440105396784,"53,303",Not yet rated,NULL,$20.50
GPRE,$19.5377,1440105396932,"577,642",67% bullish,of 6 ratings,$28.50
GLRE,$25.67,1440105396963,"133,981",100% bullish,of 1 rating,$41
GCBC,NULL,1440105396993,0,100% bullish,of 1 rating,N/A
GRIF,$30.44,1440105397094,7,100% bearish,of 1 rating,N/A
GRPN,$4.07,1440105397191,"5,239,876",61% bullish,of 71 ratings,$6.75
GRFS,$30.73,1440105397244,"101,754",50% bullish,of 2 ratings,$35
OMAB,$40.18,1440105397503,"22,411",100% bullish,of 1 rating,$44
GSIG,$13.1,1440105397538,"35,709",100% bearish,of 2 ratings,N/A
GGAL,$18.98,1440105397573,"205,771",80% bullish,of 5 ratings,$40
GSIT,$4.81,1440105397635,"6,814",100% bearish,of 1 rating,N/A
GTXI,$0.91,1440105397662,"58,763",100% bullish,of 5 ratings,$.75
GSVC,$9.1,1440105397694,"43,766",50% bullish,of 2 ratings,$14.50
GFED,$14.84,1440105397716,"1,027",Not yet rated,NULL,$17
GBNK,$15.8,1440105397862,"30,175",100% bearish,of 1 rating,$18
GULTU,$0.31,1440105397995,"4,016,655",100% bearish,of 1 rating,N/A
GUID,$7.67,1440105398024,"126,345",100% bearish,of 3 ratings,$10
GIFI,$12.13,1440105398054,"40,944",100% bearish,of 1 rating,$16
GPOR,$33.7559,1440105398127,"829,133",75% bullish,of 4 ratings,$55
GURE,$1.75,1440105398187,"58,288",88% bullish,of 8 ratings,N/A
GWPH,$102.98,1440105398316,"319,297",78% bullish,of 9 ratings,$148.50
GWGH,$7.38,1440105398417,550,100% bearish,of 1 rating,$15.05
HEES,$16.34,1440105398467,"259,260",67% bearish,of 3 ratings,$31
GYRO,$2.9,1440105398571,"24,426",100% bearish,of 1 rating,N/A
HLG,$9.7,1440105398603,"2,200",100% bearish,of 1 rating,N/A
HNRG,$7.18,1440105398632,"144,854",100% bearish,of 1 rating,$10
HALL,$11.48,1440105398703,"16,882",Not yet rated,NULL,N/A
HALO,$17.197,1440105398766,"1,028,439",67% bullish,of 3 ratings,$22.50
HBK,$13.71,1440105398896,"2,158",50% bullish,of 2 ratings,N/A
HMPR,$1.89,1440105398945,"217,979",100% bullish,of 1 rating,N/A
HBHC,$27.1567,1440105399030,"268,975",50% bullish,of 2 ratings,$30
HBHCL,$24.6,1440105399078,"19,538",Not yet rated,NULL,N/A
HNH,$28.44,1440105399177,"10,319",100% bullish,of 1 rating,N/A
HAFC,$24.77,1440105399224,"74,354",100% bullish,of 2 ratings,$28.50
HNSN,$0.51,1440105399326,"39,987",88% bullish,of 8 ratings,$.40
HQCL,$9.32,1440105399380,"19,256",67% bullish,of 3 ratings,N/A
HDNG,$10.18,1440105399410,"6,941",50% bullish,of 4 ratings,N/A
HRMN,NULL,1440105399470,0,Not yet rated,NULL,N/A
HLIT,$5.66,1440105399602,"195,878",100% bearish,of 1 rating,$6.50
HRMNU,NULL,1440105399630,0,Not yet rated,NULL,N/A
HRMNW,NULL,1440105399659,0,Not yet rated,NULL,N/A
TINY,$2.42,1440105399797,"37,566",50% bullish,of 2 ratings,$5.26
HART,$0.65,1440105399902,"111,211",100% bearish,of 1 rating,N/A
HBIO,$4.26,1440105399992,"43,307",Not yet rated,NULL,$10
HCAP,$12.15,1440105400154,"6,268",50% bullish,of 2 ratings,$15
HAS,$77.8507,1440105400267,"513,500",63% bullish,of 8 ratings,$84.50
HWKN,$36.31,1440105400343,"14,672",Not yet rated,NULL,N/A
HA,$24.58,1440105400375,"467,940",67% bullish,of 9 ratings,$27
HCAPL,$25.42,1440105400403,"1,514",Not yet rated,NULL,N/A
HCOM,$22.62,1440105400438,"17,388",100% bearish,of 1 rating,$28
HWBK,$13.57,1440105400471,652,100% bearish,of 1 rating,N/A
HDS,$33.75,1440105400541,"965,657",100% bearish,of 2 ratings,$39.50
HAYN,$38.36,1440105400568,"47,519",100% bearish,of 1 rating,$59
HIIQ,$4.58,1440105400737,"41,847",50% bullish,of 2 ratings,$7
HCSG,$33.8,1440105400827,"138,955",50% bullish,of 4 ratings,$35
HQY,$30.67,1440105400873,"206,220",67% bullish,of 3 ratings,$31
HSTM,$24.91,1440105400899,"107,180",50% bullish,of 2 ratings,$33.75
HTLD,$20.3,1440105401101,"322,151",Not yet rated,NULL,$22.50
HWAY,$12.39,1440105401128,"220,530",100% bearish,of 1 rating,$15
HTLF,$36.18,1440105401150,"36,806",100% bullish,of 1 rating,$39.50
HELE,$89.25,1440105401286,"150,137",67% bearish,of 3 ratings,$100
HTBX,$5.34,1440105401317,"24,362",50% bullish,of 2 ratings,$15.50
HTWR,$84.43,1440105401346,"166,793",50% bullish,of 2 ratings,$103
HMNY,$2.2739,1440105401368,"2,100",100% bearish,of 1 rating,N/A
HSII,$20.23,1440105401389,"61,570",100% bullish,of 3 ratings,$25
HNNA,$23.04,1440105401538,"10,548",Not yet rated,NULL,N/A
HMTV,$12.73,1440105401565,"11,435",100% bearish,of 1 rating,$16
HSIC,$144.13,1440105401797,"261,494",83% bullish,of 6 ratings,$146
HCACU,$10.02,1440105401897,400,Not yet rated,NULL,N/A
HTBK,$10.68,1440105401991,"51,353",Not yet rated,NULL,$12
HERO,$0.0683,1440105402021,"1,040,833",81% bullish,of 16 ratings,$.75
HEOP,$7.76,1440105402043,"18,102",Not yet rated,NULL,$8.50
HCCI,$11.76,1440105402078,"15,454",100% bearish,of 1 rating,$16.50
MLHR,$28.4666,1440105402121,"184,126",50% bullish,of 2 ratings,$33.50
HFWA,$17.78,1440105402208,"30,026",100% bullish,of 1 rating,$20
HRTX,$33.01,1440105402506,"414,827",67% bullish,of 6 ratings,$41
HSKA,$33.5,1440105402531,"28,055",100% bearish,of 1 rating,$38
HFFC,$16.2,1440105402558,"2,830",Not yet rated,NULL,N/A
HPJ,$2.64,1440105402580,"16,249",75% bullish,of 4 ratings,$12.43
HIHO,$4.1,1440105402610,"11,775",Not yet rated,NULL,N/A
HIBB,$39.06,1440105402747,"218,291",100% bearish,of 1 rating,$48.50
HIFS,$118.9,1440105402906,"17,622",Not yet rated,NULL,N/A
HIMX,$6.539,1440105402938,"1,802,263",86% bullish,of 21 ratings,$8.50
HSGX,$6.17,1440105402968,"4,080",100% bearish,of 1 rating,$17
HMNF,$11.18,1440105403036,318,Not yet rated,NULL,N/A
HMSY,$9.24,1440105403100,"976,155",67% bullish,of 3 ratings,$19.35
HOLI,$17.3924,1440105403126,"339,003",50% bullish,of 4 ratings,$27
HOLX,$40.8651,1440105403167,"1,062,578",67% bullish,of 3 ratings,$42
HBCP,$24.34,1440105403194,"3,245",Not yet rated,NULL,$29
HOMB,$39.44,1440105403358,"98,657",Not yet rated,NULL,$41
HFBL,$22,1440105403559,"13,261",Not yet rated,NULL,N/A
HMIN,$29.36,1440105403600,"77,258",100% bearish,of 2 ratings,$35
AWAY,$29.98,1440105403628,"626,546",67% bullish,of 3 ratings,$36
HMST,$21.07,1440105403654,"72,999",100% bullish,of 2 ratings,$27
HKTV,$4.98,1440105403705,"15,710",100% bearish,of 1 rating,N/A
CETC,$0.81,1440105403843,"82,741",86% bullish,of 7 ratings,N/A
HOFT,$24.28,1440105403888,"28,416",100% bearish,of 1 rating,N/A
HTBI,$18.38,1440105403929,"52,395",67% bullish,of 3 ratings,$18.625
HBNC,$24.32,1440105404023,"28,049",100% bullish,of 1 rating,$27
HFBC,$11.55,1440105404077,"3,834",Not yet rated,NULL,N/A
HZNP,$29.553,1440105404126,"1,361,631",85% bullish,of 20 ratings,$40
ZINC,$7.39,1440105404206,"655,982",100% bearish,of 1 rating,$17
HRZN,$10.9,1440105404234,"44,306",100% bearish,of 1 rating,$14.25
HDP,$25.49,1440105404307,"275,441",67% bearish,of 3 ratings,$30.50
HMHC,$22.32,1440105404450,"428,140",Not yet rated,NULL,$27
HWCC,$7.25,1440105404586,"80,728",100% bearish,of 1 rating,$9
HBMD,NULL,1440105404615,0,100% bearish,of 1 rating,N/A
HOVNP,NULL,1440105404647,0,100% bearish,of 1 rating,N/A
HSNI,$61.5626,1440105404693,"177,608",Not yet rated,NULL,$80
HTGM,$5.64,1440105404776,"11,123",100% bearish,of 1 rating,$19.50
HCBK,$9.8388,1440105404826,"1,442,394",83% bullish,of 6 ratings,$8.61
HUBG,$39.66,1440105404852,"169,696",100% bearish,of 1 rating,$43
HDSN,$2.86,1440105404990,"62,184",100% bullish,of 1 rating,$6.25
HBAN,$11.3186,1440105405040,"4,405,814",76% bullish,of 17 ratings,$12.50
HSON,$2.81,1440105405066,"15,842",100% bearish,of 1 rating,$5
HBANP,$1358,1440105405136,114,100% bearish,of 1 rating,N/A
HURC,$30.03,1440105405166,"15,021",100% bearish,of 1 rating,N/A
HURN,$74.18,1440105405267,"75,749",50% bullish,of 2 ratings,$80
HTCH,$1.61,1440105405294,"35,606",100% bearish,of 1 rating,$3.50
HBP,$3.2,1440105405423,"4,378",100% bullish,of 1 rating,N/A
HDRA,$9.69,1440105405894,200,Not yet rated,NULL,N/A
HDRAU,$10.11,1440105405959,"6,550",Not yet rated,NULL,N/A
IDSY,$3.8,1440105405991,"15,242",100% bearish,of 1 rating,$7
HDRAR,$0.3701,1440105406013,"1,700",Not yet rated,NULL,N/A
HYGS,$7.54,1440105406097,"28,232",50% bullish,of 2 ratings,$13
HDRAW,NULL,1440105406152,0,Not yet rated,NULL,N/A
IACI,$72.215,1440105406201,"640,774",75% bullish,of 4 ratings,$90
IBKC,$61.26,1440105406339,"114,747",100% bullish,of 1 rating,$70
IKGH,$1.74,1440105406469,"6,100",75% bullish,of 4 ratings,N/A
IEP,$68.8,1440105406498,"137,984",75% bullish,of 4 ratings,$99
ICFI,$36.28,1440105406529,"65,941",50% bullish,of 2 ratings,$48.50
ICAD,$3.53,1440105406551,"28,635",50% bullish,of 2 ratings,$7.25
ICLR,$79.5437,1440105406583,"286,389",100% bearish,of 3 ratings,$85
ICUI,$117.64,1440105406723,"110,983",Not yet rated,NULL,$122
ICON,$12.7,1440105406789,"926,807",50% bullish,of 2 ratings,$18.50
IPWR,$7.5,1440105406872,"10,840",100% bullish,of 1 rating,$15
INVE,$4.61,1440105406925,"58,527",75% bullish,of 4 ratings,$4
IDRA,$2.43,1440105406950,"1,775,120",89% bullish,of 9 ratings,$6.50
IDXX,$75.8209,1440105406979,"331,801",100% bearish,of 1 rating,$77
DSKY,$12.0911,1440105407128,"410,316",67% bullish,of 6 ratings,$11.50
RXDX,$12.24,1440105407257,"124,632",100% bullish,of 1 rating,$20
IROQ,$16.5101,1440105407313,400,100% bullish,of 1 rating,N/A
IRG,$4.79,1440105407416,"27,844",100% bearish,of 1 rating,$4.50
IIVI,$17.82,1440105407446,"196,720",100% bearish,of 1 rating,$22
KANG,$15.49,1440105407471,"366,562",50% bullish,of 2 ratings,$22.55
IKAN,$2.73,1440105407504,"42,030",83% bullish,of 6 ratings,$5
IKNX,NULL,1440105407527,0,100% bearish,of 1 rating,N/A
ILMN,$200.43,1440105407692,"605,831",80% bullish,of 5 ratings,$240
ISNS,$3.99,1440105407718,"79,779",50% bullish,of 2 ratings,N/A
ICCC,$8.32,1440105407987,"10,659",100% bullish,of 1 rating,N/A
IMMR,$11.28,1440105408014,"200,468",80% bullish,of 5 ratings,$15.50
IMDZ,$15.38,1440105408036,"96,468",100% bearish,of 1 rating,$33
IMNP,$1.45,1440105408166,"97,376",50% bullish,of 2 ratings,$6
IMMU,$1.76,1440105408253,"583,704",86% bullish,of 7 ratings,$2
IMMY,$7.3,1440105408297,"15,112",100% bearish,of 1 rating,$11
IMGN,$12.47,1440105408325,"752,031",75% bullish,of 4 ratings,$17.50
INCR,$43.21,1440105408398,"242,615",50% bullish,of 2 ratings,$53
SAAS,$7.51,1440105408457,"319,953",50% bullish,of 2 ratings,$15
IPXL,$43.89,1440105408587,"560,547",67% bullish,of 3 ratings,$46.50
INDB,$46.91,1440105408669,"53,576",Not yet rated,NULL,$44
IBTX,$43.19,1440105408696,"33,246",100% bullish,of 2 ratings,$47.25
INCY,$107.52,1440105408718,"844,762",50% bullish,of 6 ratings,$125.50
INFN,$21.53,1440105408850,"2,419,730",71% bullish,of 7 ratings,$28
IBCP,$14.31,1440105408877,"45,363",100% bullish,of 1 rating,$14.50
IDSA,$3.68,1440105408939,"5,427",Not yet rated,NULL,N/A
INFI,$8.9,1440105409072,"674,441",50% bullish,of 4 ratings,$18
III,$4.19,1440105409136,"137,583",57% bullish,of 7 ratings,$6
IFON,$1.23,1440105409171,"156,403",75% bullish,of 4 ratings,N/A
IPCC,$80.92,1440105409198,"28,203",Not yet rated,NULL,$77.50
IMKTA,$53.66,1440105409273,"60,927",100% bearish,of 1 rating,N/A
INWK,$7.47,1440105409336,"96,590",50% bullish,of 2 ratings,$10
INNL,$11.5,1440105409364,972,100% bearish,of 1 rating,$16.50
IPHS,$48.75,1440105409442,"52,426",100% bearish,of 1 rating,$60
INOD,$2.51,1440105409506,"30,037",100% bearish,of 1 rating,N/A
IOSP,$46.91,1440105409611,"89,300",100% bearish,of 1 rating,N/A
ISSC,$2.87,1440105409740,"9,124",67% bearish,of 3 ratings,N/A
INGN,$49.42,1440105409771,"118,012",100% bearish,of 1 rating,$50.50
ITEK,$14.11,1440105409792,"407,656",100% bearish,of 3 ratings,$20
INOV,$21.1553,1440105409877,"278,495",100% bearish,of 1 rating,$33
INO,$7.03,1440105409935,"1,132,029",89% bullish,of 18 ratings,$20
NSIT,$26.23,1440105409986,"92,850",50% bullish,of 2 ratings,N/A
ISIG,$2.56,1440105410122,"16,198",100% bearish,of 1 rating,N/A
INSM,$25.26,1440105410157,"277,400",71% bullish,of 7 ratings,$31.50
PODD,$29.2,1440105410195,"477,868",50% bullish,of 2 ratings,$35
INSY,$32.67,1440105410295,"666,083",75% bullish,of 4 ratings,$48
IIIN,$17.61,1440105410424,"53,772",100% bearish,of 2 ratings,N/A
IART,$60.85,1440105410454,"196,997",100% bearish,of 1 rating,$71.50
IDTI,$17.6479,1440105410583,"2,358,291",60% bullish,of 5 ratings,$25
NTEC,$6,1440105410609,"16,497",Not yet rated,NULL,N/A
IESC,$7.29,1440105410663,"2,586",100% bearish,of 1 rating,N/A
ISSI,$22.35,1440105410799,"407,523",67% bullish,of 3 ratings,$19.75
INTC,$27.54,1440105410827,"21,472,316",82% bullish,of 238 ratings,$36
IQNT,$19.24,1440105410960,"440,465",86% bullish,of 7 ratings,$20
IPCI,$2.16,1440105410985,"33,971",67% bullish,of 6 ratings,$7.75
IPAR,$27.85,1440105411020,"49,189",67% bullish,of 3 ratings,$38
IBKR,$40.212,1440105411050,"420,731",100% bullish,of 1 rating,N/A
ICPT,$193.5,1440105411123,"265,647",70% bullish,of 10 ratings,$359.50
ININ,$39.53,1440105411183,"86,557",67% bearish,of 3 ratings,$57
ICLD,$1.84,1440105411317,"217,859",75% bullish,of 4 ratings,N/A
ICLDW,NULL,1440105411355,0,100% bearish,of 1 rating,N/A
IDCC,$48.3742,1440105411381,"177,879",80% bullish,of 5 ratings,$63
TILE,$24.57,1440105411529,"456,430",67% bearish,of 3 ratings,$27
IMI,$1.97,1440105411577,"4,590",67% bullish,of 3 ratings,$2.22
ISCA,$31.9762,1440105411706,"61,356",100% bearish,of 1 rating,N/A
IBOC,$26.1969,1440105411736,"162,190",100% bearish,of 1 rating,N/A
INAP,$8.52,1440105411767,"131,899",75% bullish,of 4 ratings,$11
IGLD,$7.37,1440105411793,"3,912",50% bullish,of 2 ratings,N/A
IIJI,$9.13,1440105411841,"1,128",50% bullish,of 2 ratings,$11.50
XENT,$28.11,1440105412087,"165,842",50% bullish,of 2 ratings,$36.50
INPH,$0.31,1440105412117,"13,418",50% bullish,of 2 ratings,N/A
PTNT,$3,1440105412144,830,Not yet rated,NULL,N/A
INTX,$2.49,1440105412294,"7,466",67% bullish,of 3 ratings,N/A
IILG,$20.78,1440105412320,"98,347",100% bearish,of 1 rating,$30.50
ISIL,$10.3388,1440105412347,"628,573",50% bullish,of 6 ratings,$15
IVAC,$4.89,1440105412474,"14,360",Not yet rated,NULL,$6.625
INTLL,$26.06,1440105412507,700,Not yet rated,NULL,N/A
INTL,$26.74,1440105412573,"52,565",67% bearish,of 3 ratings,N/A
ITCI,$28.45,1440105412648,"292,988",75% bearish,of 4 ratings,$40
ISRG,$514.1583,1440105412703,"128,914",67% bullish,of 3 ratings,$600
IIN,$6.43,1440105412793,534,100% bearish,of 1 rating,$12
INTU,$99.4,1440105412827,"976,746",100% bullish,of 7 ratings,$110.50
INVT,$0.27,1440105412928,"139,753",67% bullish,of 3 ratings,N/A
SNAK,$8.63,1440105413007,"92,959",50% bullish,of 2 ratings,$14
ISTR,$15.59,1440105413063,"2,032",100% bearish,of 1 rating,$18.50
NVIV,$10.9,1440105413168,"231,327",50% bullish,of 4 ratings,$24.50
ITIC,$71.15,1440105413197,408,100% bearish,of 2 ratings,N/A
ISBC,$11.95,1440105413228,"1,873,931",100% bullish,of 1 rating,$13.25
IPAS,$1.06,1440105413335,"16,932",67% bullish,of 3 ratings,N/A
IVTY,$13.23,1440105413361,"24,597",Not yet rated,NULL,$18
DFVL,NULL,1440105413391,0,Not yet rated,NULL,N/A
DTUL,NULL,1440105413417,0,Not yet rated,NULL,N/A
IRMD,$25.32,1440105413643,"19,514",67% bearish,of 3 ratings,$25
IPGP,$87.5895,1440105413672,"257,866",100% bearish,of 2 ratings,$109.50
IPCM,$79.07,1440105413702,"234,655",50% bullish,of 2 ratings,$80.125
IRIX,$7.15,1440105413807,"16,634",100% bearish,of 1 rating,N/A
IRBT,$29.91,1440105413938,"164,346",67% bullish,of 6 ratings,$37
IRDMB,$267.24,1440105414070,140,67% bearish,of 3 ratings,N/A
IRWD,$10.94,1440105414104,"1,011,749",100% bearish,of 1 rating,$13
IRDM,$6.68,1440105414133,"475,901",60% bullish,of 5 ratings,$11.50
GNMA,$50.13,1440105414189,"3,279",Not yet rated,NULL,N/A
COMT,$32.76,1440105414217,"15,668",100% bearish,of 1 rating,N/A
FCHI,$47.9,1440105414248,805,Not yet rated,NULL,N/A
IRCP,$33.1,1440105414269,"1,057",100% bullish,of 2 ratings,N/A
IFAS,$28.62,1440105414427,"1,200",Not yet rated,NULL,N/A
IFGL,$29.46,1440105414523,"66,032",Not yet rated,NULL,N/A
IFNA,$55.64,1440105414571,"5,600",Not yet rated,NULL,N/A
IFEU,$39.38,1440105414659,"5,350",Not yet rated,NULL,N/A
ACWI,$57.03,1440105414806,"655,716",Not yet rated,NULL,N/A
ACWX,$41.5,1440105414836,"602,690",100% bearish,of 1 rating,N/A
AAXJ,$53.83,1440105414869,"1,172,995",Not yet rated,NULL,N/A
EEMA,$50.95,1440105414944,"17,344",Not yet rated,NULL,N/A
AXJS,NULL,1440105414969,0,Not yet rated,NULL,N/A
AAIT,$30.79,1440105414996,309,100% bullish,of 1 rating,N/A
EMDI,$44.2402,1440105415127,860,Not yet rated,NULL,N/A
EEME,$38.43,1440105415153,"1,123",100% bearish,of 1 rating,N/A
EGRW,$46.62,1440105415410,"5,312",Not yet rated,NULL,N/A
EEML,$28.25,1440105415436,"1,420",Not yet rated,NULL,N/A
EMEY,$24.77,1440105415461,710,Not yet rated,NULL,N/A
EVAL,$36.192,1440105415506,"4,344",Not yet rated,NULL,N/A
IEUS,$46.1,1440105415601,"4,578",100% bearish,of 1 rating,N/A
QAT,NULL,1440105415657,0,Not yet rated,NULL,N/A
EUFN,$22.4,1440105415684,"188,824",100% bearish,of 1 rating,N/A
UAE,$18.16,1440105415761,"5,950",Not yet rated,NULL,N/A
IBB,$350.787,1440105415858,"1,181,585",63% bullish,of 8 ratings,N/A
WOOD,$50.17,1440105415905,"10,721",50% bullish,of 2 ratings,N/A
EMIF,$29.15,1440105415935,"23,320",Not yet rated,NULL,N/A
SOXX,$80.74,1440105415992,"496,464",50% bullish,of 2 ratings,N/A
ICLN,$9.69,1440105416040,"28,543",50% bullish,of 2 ratings,N/A
IGOV,$91.2106,1440105416213,"19,841",100% bearish,of 1 rating,N/A
INDY,$28.97,1440105416298,"292,624",100% bullish,of 1 rating,N/A
ISHG,$79.41,1440105416400,"2,139",100% bearish,of 1 rating,N/A
ISIS,$46.58,1440105416484,"948,073",53% bullish,of 15 ratings,$67
ISLE,$17.12,1440105416535,"219,811",50% bullish,of 4 ratings,$16
ITRI,$32.26,1440105416570,"203,647",Not yet rated,NULL,$37
ISRL,$132.3,1440105416616,504,100% bearish,of 1 rating,N/A
ITRN,$24.8,1440105416645,"7,134",50% bullish,of 2 ratings,N/A
ITUS,$4.4,1440105416811,"5,200",Not yet rated,NULL,N/A
XXIA,$15.55,1440105416839,"293,623",71% bullish,of 7 ratings,$14.625
IXYS,$10.64,1440105416867,"198,170",50% bullish,of 4 ratings,N/A
MAYS,$59,1440105416970,200,Not yet rated,NULL,N/A
JJSF,$116.5,1440105417018,"31,351",100% bearish,of 1 rating,N/A
JBHT,$78.0606,1440105417159,"575,562",50% bullish,of 4 ratings,$89.50
JCOM,$71.09,1440105417219,"128,711",100% bullish,of 2 ratings,$77
JASO,$7.66,1440105417314,"768,291",82% bullish,of 17 ratings,$10
JKHY,$70.1316,1440105417475,"165,702",50% bullish,of 2 ratings,$72
JACK,$83.9099,1440105417521,"502,999",83% bullish,of 6 ratings,$105
JAGX,$2.9,1440105417578,"8,067",Not yet rated,NULL,N/A
JXSB,NULL,1440105417626,0,Not yet rated,NULL,N/A
JMBA,$13.27,1440105417683,"108,740",75% bullish,of 4 ratings,$18
JRVR,$26.41,1440105417714,"23,557",Not yet rated,NULL,$32
JAKK,$9.46,1440105417744,"589,688",60% bearish,of 5 ratings,$10.50
JAXB,$12.77,1440105417770,"22,371",100% bullish,of 1 rating,N/A
ERW,NULL,1440105417974,0,Not yet rated,NULL,N/A
JASN,$4.98,1440105418133,"33,798",50% bullish,of 2 ratings,$9.50
JASNW,$0.25,1440105418160,"5,000",50% bullish,of 2 ratings,N/A
JD,$24.9,1440105418236,"6,026,614",75% bullish,of 16 ratings,$36
JBLU,$22.9301,1440105418328,"4,153,801",94% bullish,of 16 ratings,$27
JAZZ,$181.7,1440105418393,"285,541",80% bullish,of 15 ratings,$206.50
JCTCF,NULL,1440105418422,0,100% bullish,of 1 rating,N/A
JTPY,$3,1440105418492,"6,429",100% bearish,of 1 rating,N/A
DATE,$6.47,1440105418522,"210,796",75% bullish,of 4 ratings,$9
JST,$4.15,1440105418625,"37,299",75% bullish,of 4 ratings,N/A
JIVE,$4.05,1440105418656,"553,056",75% bullish,of 4 ratings,$5
WYIGU,$10.05,1440105418684,"1,000",Not yet rated,NULL,N/A
JOEZ,$0.18,1440105418894,"141,435",92% bullish,of 12 ratings,N/A
JOUT,$24.17,1440105418924,"6,673",100% bearish,of 1 rating,$34
JNP,$9.79,1440105418983,"13,491",100% bullish,of 3 ratings,$15
JBSS,$48.21,1440105419029,"25,118",67% bearish,of 3 ratings,N/A
JUNO,$38.99,1440105419163,"906,341",73% bullish,of 11 ratings,$71.50
KTWO,$21.68,1440105419229,"193,104",100% bearish,of 1 rating,$28.50
