Symbol,Price,Date,Volume,Rating,RatingVoteCount,OneYearEstimate
TFSC,NULL,1441131002910,0,100% bearish,of 1 rating,N/A
TFSCR,NULL,1441131002946,0,Not yet rated,NULL,N/A
FCCY,$11.575,1441131002972,514,100% bullish,of 1 rating,$13
TFSCW,$0.26,1441131002998,"1,600",100% bearish,of 1 rating,N/A
PIH,$7.5401,1441131003023,"2,350",100% bearish,of 1 rating,N/A
FCTY,$7.98,1441131003048,"1,500",100% bullish,of 1 rating,$8.50
TFSCU,NULL,1441131003193,0,Not yet rated,NULL,N/A
FLWS,$8.435,1441131003260,"211,535",80% bullish,of 5 ratings,$15
SRCE,$29.39,1441131003292,"12,507",100% bullish,of 3 ratings,$33
TWOU,$34.23,1441131003322,"103,689",50% bullish,of 2 ratings,$39
VNET,$17.31,1441131003350,"252,255",60% bullish,of 5 ratings,$35
DGLD,$80.02,1441131003374,"7,103",100% bearish,of 1 rating,N/A
DSLV,$69.6115,1441131003407,"7,358",100% bearish,of 1 rating,N/A
UGLD,$9.4558,1441131003570,"159,080",100% bearish,of 1 rating,N/A
USLV,$12.5609,1441131003702,"98,481",86% bullish,of 7 ratings,N/A
EGHT,$7.67,1441131003839,"158,639",82% bullish,of 17 ratings,$11
CAFD,$14.7,1441131003865,"71,819",Not yet rated,NULL,$25
AAON,$20.05,1441131003890,"34,628",100% bearish,of 1 rating,$24
SIXD,$2.53,1441131003919,"62,001",Not yet rated,NULL,N/A
JOBS,$25.46,1441131003972,"72,192",50% bullish,of 4 ratings,$36
AVHI,$14.04,1441131003993,"7,852",100% bearish,of 1 rating,$19
SHLM,$33.4699,1441131004026,"28,325",100% bearish,of 1 rating,$47
ABY,$21.96,1441131004134,"286,884",100% bearish,of 2 ratings,$46
ABEO,$4.63,1441131004208,"60,775",50% bullish,of 4 ratings,$15.50
ABGB,$5.75,1441131004245,"44,052",67% bullish,of 3 ratings,$5.50
ABEOW,$1.6001,1441131004279,550,100% bullish,of 1 rating,N/A
ABAX,$46.87,1441131004337,"108,903",100% bearish,of 1 rating,$60
ABMD,$93.1701,1441131004368,"201,346",75% bullish,of 4 ratings,$100.50
AXAS,$1.8307,1441131004394,"611,896",78% bullish,of 9 ratings,$3.50
ACTG,$8.97,1441131004581,"79,440",67% bullish,of 3 ratings,$18.50
ACAD,$36.38,1441131004675,"277,933",80% bullish,of 20 ratings,$48
XLRN,$28.45,1441131004710,"31,689",50% bullish,of 2 ratings,$57
ACHC,$71.065,1441131004740,"149,568",50% bullish,of 2 ratings,$92
AXDX,$19.68,1441131004808,"62,577",100% bearish,of 1 rating,N/A
ANCX,$19.96,1441131004833,"6,790",Not yet rated,NULL,$20
VXDN,$1.72,1441131004860,"121,444",100% bearish,of 1 rating,N/A
ARAY,$6.735,1441131005047,"208,216",100% bearish,of 1 rating,$10.50
VXUP,$1.803,1441131005077,"89,146",100% bearish,of 1 rating,N/A
ACST,$0.33,1441131005099,"9,001",100% bullish,of 2 ratings,N/A
ACET,$21.9225,1441131005138,"32,510",75% bullish,of 4 ratings,$30
AKAO,$6.93,1441131005164,"13,434",75% bullish,of 4 ratings,$15
ACRX,$4.3538,1441131005229,"143,834",67% bearish,of 6 ratings,$5.50
ACHN,$7.15,1441131005269,"798,933",90% bullish,of 21 ratings,$16
ACOR,$31.45,1441131005448,"248,084",67% bearish,of 3 ratings,$38.50
ATVI,$27.76,1441131005517,"3,459,359",67% bullish,of 84 ratings,$31.50
ACTS,$1.635,1441131005621,"5,508",100% bearish,of 1 rating,N/A
ACPW,$1.9814,1441131005652,"25,957",100% bullish,of 4 ratings,$3.25
ACNB,$19.9099,1441131005679,"2,707",Not yet rated,NULL,N/A
ACIW,$20.945,1441131005721,"118,452",67% bearish,of 3 ratings,$24
ACXM,$20.5699,1441131005753,"81,524",67% bullish,of 3 ratings,N/A
ACTA,$13.94,1441131005813,"38,002",67% bearish,of 3 ratings,$25
ACUR,$2.8903,1441131005852,"8,459",100% bullish,of 5 ratings,$5
ADMS,$19.89,1441131005984,"25,893",100% bearish,of 2 ratings,$36
ADMP,$3.644,1441131006011,"6,852",50% bullish,of 2 ratings,$10
ADAP,$11.45,1441131006042,"57,196",67% bullish,of 3 ratings,$22
ADUS,$28.15,1441131006144,"25,067",100% bearish,of 1 rating,$31
ADEP,$6.66,1441131006181,"56,499",50% bullish,of 2 ratings,$10.75
ADMA,$9.15,1441131006250,"2,745",Not yet rated,NULL,$19
ADBE,$76.7,1441131006319,"809,107",65% bullish,of 17 ratings,$90
ADTN,$15.9099,1441131006419,"110,403",67% bullish,of 3 ratings,$17.125
AEY,$2.3899,1441131006445,"6,865",100% bearish,of 2 ratings,N/A
ADRO,$19.25,1441131006504,"107,287",80% bullish,of 5 ratings,$45.50
AEIS,$23.9301,1441131006576,"70,560",50% bullish,of 2 ratings,$32.50
MULT,NULL,1441131006656,0,100% bearish,of 1 rating,N/A
AMD,$1.779,1441131006684,"2,059,177",83% bullish,of 103 ratings,$2
ADXS,$13.78,1441131006714,"250,436",64% bullish,of 14 ratings,$27
YPRO,$22.95,1441131006735,"1,582",100% bearish,of 1 rating,N/A
ADXSW,$9.75,1441131006866,"6,278",100% bullish,of 1 rating,N/A
AEGN,$18.15,1441131006954,"43,380",100% bearish,of 2 ratings,$21
AEHR,$2.38,1441131006986,"5,937",50% bullish,of 2 ratings,N/A
AMTX,$2.9,1441131007017,"4,364",50% bullish,of 2 ratings,$26.11
AEGR,$17.28,1441131007038,"151,745",50% bullish,of 6 ratings,$26
AEPI,$53.71,1441131007081,"6,325",100% bearish,of 1 rating,N/A
AVAV,$23.4545,1441131007117,"31,000",50% bullish,of 4 ratings,$31
AERI,$15.365,1441131007181,"251,749",75% bullish,of 4 ratings,$31.50
AFFX,$9.0799,1441131007317,"113,937",80% bullish,of 5 ratings,$12.50
AFMD,$9.969,1441131007345,"41,309",50% bullish,of 4 ratings,$15
AGEN,$6.9025,1441131007478,"236,421",85% bullish,of 13 ratings,$14
AGRX,$8.4,1441131007534,"7,770",100% bearish,of 1 rating,$17.50
AEZS,$0.0868,1441131007563,"4,630,810",90% bullish,of 21 ratings,$1.50
AGYS,$10.15,1441131007584,"9,438",100% bearish,of 1 rating,N/A
AGIO,$84.625,1441131007612,"97,568",88% bullish,of 8 ratings,$114
AEMD,$7.4346,1441131007641,"14,243",Not yet rated,NULL,$27.50
AGFSW,$2.01,1441131007768,500,100% bearish,of 2 ratings,N/A
AGFS,$9.805,1441131007795,"29,905",100% bearish,of 1 rating,N/A
AIMT,$21.7186,1441131007874,"65,279",Not yet rated,NULL,$35.50
AIRT,$22.3,1441131007930,504,100% bullish,of 1 rating,N/A
AMCN,$4.45,1441131007974,"100,659",83% bullish,of 6 ratings,N/A
ATSG,$8.77,1441131008059,"56,106",67% bullish,of 3 ratings,$13
AIXG,$6.31,1441131008113,"3,036",67% bearish,of 3 ratings,$5.25
AKAM,$70.44,1441131008143,"658,259",63% bullish,of 8 ratings,$77.50
AIRM,$36.14,1441131008251,"113,033",80% bearish,of 5 ratings,$53
AKBA,$7.47,1441131008287,"138,085",100% bearish,of 1 rating,$18
AKER,$2.5486,1441131008308,120,Not yet rated,NULL,N/A
AKRX,$39.18,1441131008338,"247,778",78% bullish,of 9 ratings,$56
ALSK,$2.1989,1441131008387,"46,129",78% bullish,of 18 ratings,$2
ABDC,$12.94,1441131008471,"3,400",Not yet rated,NULL,$15
AMRI,$19.68,1441131008503,"75,378",75% bearish,of 4 ratings,$24
ALRM,$15.925,1441131008551,"76,766",100% bearish,of 1 rating,$22
ADHD,$8.2,1441131008603,"64,491",50% bullish,of 4 ratings,$18
ALDR,$38.7,1441131008689,"154,905",67% bearish,of 3 ratings,$62
ALDX,$6.8,1441131008869,"3,025",100% bearish,of 1 rating,$14.50
ALCO,$42.19,1441131008894,"2,972",50% bullish,of 2 ratings,N/A
ALXA,$1.21,1441131008924,"17,480",83% bullish,of 6 ratings,$2.125
ALGN,$54.42,1441131008968,"307,702",100% bearish,of 2 ratings,$73
ALGT,$197.08,1441131009031,"90,168",100% bearish,of 2 ratings,$235
ALLB,$22.82,1441131009066,202,Not yet rated,NULL,N/A
ALXN,$172.88,1441131009087,"684,379",88% bullish,of 8 ratings,$223
ALIM,$3.19,1441131009117,"37,180",80% bullish,of 5 ratings,$10
ALKS,$60.47,1441131009174,"527,978",67% bullish,of 3 ratings,$75
AFOP,$18.64,1441131009306,"95,615",75% bullish,of 8 ratings,$21
AIQ,$14.01,1441131009349,"5,154",67% bullish,of 3 ratings,N/A
AHGP,$35.5574,1441131009378,"28,160",67% bullish,of 3 ratings,N/A
ARLP,$25.46,1441131009511,"72,338",67% bearish,of 3 ratings,$32
AMOT,$18.34,1441131009693,"54,347",100% bearish,of 1 rating,N/A
AHPI,$1.45,1441131009725,400,50% bullish,of 2 ratings,N/A
ALQA,$4.6801,1441131009751,"19,245",75% bullish,of 4 ratings,$8.50
MDRX,$13.31,1441131009776,"606,156",60% bullish,of 5 ratings,$16
AFAM,$44.03,1441131009822,"34,784",50% bullish,of 2 ratings,$44
SMCP,$22.9899,1441131009989,"2,400",Not yet rated,NULL,N/A
AOSL,$7.58,1441131010121,"26,201",67% bullish,of 3 ratings,$9
ATEC,$0.5826,1441131010159,"16,015",100% bullish,of 1 rating,$2
ALLT,$5.185,1441131010194,"22,164",75% bullish,of 4 ratings,$6.25
ALTR,$48,1441131010242,"1,020,001",80% bearish,of 5 ratings,$54
AIMC,$24.25,1441131010263,"33,338",100% bearish,of 2 ratings,$28.50
ASPS,$26.2425,1441131010295,"101,766",67% bullish,of 3 ratings,$46.50
ALNY,$99.51,1441131010316,"299,821",67% bullish,of 3 ratings,$151.50
AMAG,$61.23,1441131010494,"226,597",100% bullish,of 2 ratings,$77.50
AMRN,$2.175,1441131010519,"625,215",85% bullish,of 39 ratings,$8
AMRK,$10.6,1441131010594,600,50% bullish,of 2 ratings,$14
AYA,$20.46,1441131010623,"10,380",100% bearish,of 1 rating,$40
AMZN,$499.308,1441131010724,"1,025,466",81% bullish,of 265 ratings,$646
AMBCW,NULL,1441131010850,0,100% bearish,of 1 rating,N/A
AMDA,$0.4756,1441131010874,"250,246",90% bullish,of 10 ratings,$1
EPAX,$2.68,1441131010906,"37,073",100% bearish,of 1 rating,N/A
DOX,$56.41,1441131010952,"112,174",67% bearish,of 3 ratings,$60
AMBA,$89.7399,1441131011012,"1,915,464",83% bullish,of 12 ratings,$102.50
AMBC,$16.1,1441131011082,"54,390",100% bearish,of 1 rating,$16.50
AMED,$38.78,1441131011138,"140,369",100% bearish,of 1 rating,$42
UHAL,$366.38,1441131011215,"4,252",100% bullish,of 2 ratings,$393.50
AMCX,$69.96,1441131011253,"104,246",67% bullish,of 3 ratings,$87.50
ASBI,$22.7999,1441131011274,500,Not yet rated,NULL,N/A
ATAX,$5.37,1441131011347,"25,040",100% bullish,of 1 rating,$6.50
AMOV,$17.85,1441131011382,"2,310",100% bearish,of 1 rating,N/A
AGNC,$19.07,1441131011481,"958,090",71% bullish,of 28 ratings,$22
AAL,$39.6201,1441131011506,"5,642,029",93% bullish,of 88 ratings,$57
AGNCB,$24.1655,1441131011536,"13,846",Not yet rated,NULL,N/A
AGNCP,$25.3172,1441131011636,"3,942",Not yet rated,NULL,N/A
ACSF,$12.36,1441131011666,"12,541",100% bearish,of 1 rating,$15
MTGEP,$24.2745,1441131011768,550,Not yet rated,NULL,N/A
MTGE,$15.225,1441131011801,"260,430",75% bullish,of 4 ratings,$19.50
AETI,NULL,1441131011904,0,67% bearish,of 3 ratings,N/A
ACAS,$13.6399,1441131011930,"454,767",60% bullish,of 5 ratings,$16.75
AMIC,NULL,1441131011996,0,100% bearish,of 1 rating,N/A
ANCI,NULL,1441131012026,0,100% bearish,of 1 rating,N/A
ANAT,$97.63,1441131012047,"14,880",100% bullish,of 1 rating,N/A
AMNB,$23.35,1441131012099,"2,606",Not yet rated,NULL,$25.50
APEI,$21.75,1441131012197,"32,439",100% bearish,of 1 rating,$25.50
ARII,$40.37,1441131012357,"104,879",67% bearish,of 3 ratings,$45
AMSC,$5.08,1441131012398,"125,785",50% bullish,of 4 ratings,N/A
AMSWA,$8.81,1441131012495,"33,737",100% bearish,of 2 ratings,$10.75
CRMT,$36.33,1441131012524,"21,603",100% bearish,of 1 rating,$39
AMWD,$65,1441131012555,"39,711",50% bullish,of 2 ratings,$70
AMRB,$9.8601,1441131012598,"3,747",Not yet rated,NULL,$11
ASEI,$38.85,1441131012662,"8,448",100% bearish,of 1 rating,$52.50
ABCB,$26.45,1441131012733,"21,422",Not yet rated,NULL,$31
ASRV,$3.22,1441131012761,"13,187",100% bullish,of 2 ratings,N/A
AMSF,$45.86,1441131012790,"6,319",Not yet rated,NULL,$57.50
ASRVP,NULL,1441131012815,0,Not yet rated,NULL,N/A
ATLO,$23.45,1441131012847,"2,966",Not yet rated,NULL,N/A
AMGN,$148.62,1441131012950,"1,808,072",89% bullish,of 19 ratings,$185
AMKR,$5.16,1441131013080,"810,451",100% bearish,of 2 ratings,$5
AMPH,$13.36,1441131013108,"113,916",50% bullish,of 2 ratings,$20
FOLD,$14.44,1441131013135,"802,456",56% bullish,of 9 ratings,$21
AMSG,$76.35,1441131013172,"80,528",100% bearish,of 1 rating,$85.50
AMRS,$1.7943,1441131013421,"60,887",70% bullish,of 10 ratings,N/A
AMSGP,$148.51,1441131013446,400,Not yet rated,NULL,N/A
AFSI,$56.2,1441131013478,"174,907",60% bullish,of 5 ratings,$72
ANAD,$0.3388,1441131013518,"126,671",100% bullish,of 2 ratings,$.50
ASYS,$5.55,1441131013587,"14,718",67% bullish,of 3 ratings,$12
ANCB,$21.5,1441131013614,"1,100",Not yet rated,NULL,$23
ANAC,$129.25,1441131013686,"139,572",80% bullish,of 5 ratings,$180.50
ADI,$53.93,1441131013711,"1,027,334",75% bullish,of 4 ratings,$69
ALOG,$79.68,1441131013844,"22,363",100% bearish,of 2 ratings,$100.50
ANGI,$5.175,1441131013872,"135,393",64% bullish,of 11 ratings,$5.50
ABCW,$40.24,1441131013902,"13,961",67% bullish,of 3 ratings,N/A
AMCF,$0.21,1441131013945,"7,670",100% bullish,of 7 ratings,N/A
ANGO,$14.595,1441131014008,"30,780",67% bullish,of 3 ratings,$19
ANIK,$35.0999,1441131014072,"51,271",60% bullish,of 5 ratings,$51.25
ANIP,$51.57,1441131014108,"125,667",89% bullish,of 19 ratings,$66
ATRS,$1.86,1441131014202,"389,176",92% bullish,of 12 ratings,$4.50
ATNY,NULL,1441131014347,0,50% bullish,of 2 ratings,$3.75
ABAC,$0.76,1441131014395,"5,628",100% bearish,of 1 rating,N/A
APIC,$6.395,1441131014428,"47,457",100% bearish,of 1 rating,$19
ANSS,$86.62,1441131014457,"149,902",100% bearish,of 1 rating,$100
ANTH,$6.85,1441131014530,"305,794",80% bullish,of 10 ratings,$13
APOG,$50.31,1441131014551,"51,097",50% bullish,of 2 ratings,$67
APOL,$10.98,1441131014627,"439,171",87% bearish,of 68 ratings,$14
AINV,$6.37,1441131014683,"664,148",50% bullish,of 4 ratings,$8
APPF,$15.21,1441131014710,"17,831",50% bullish,of 2 ratings,$22
AAPL,$109.83,1441131014735,"24,021,394",86% bullish,of 2358 ratings,$150
APDNW,$1.48,1441131014898,"11,080",Not yet rated,NULL,N/A
AMAT,$15.66,1441131015032,"6,131,148",82% bullish,of 11 ratings,$23
AGTC,$15.85,1441131015058,"32,013",50% bullish,of 2 ratings,$33
APDN,$3.5,1441131015112,"27,142",Not yet rated,NULL,$9
AREX,$2.33,1441131015193,"406,869",50% bullish,of 2 ratings,$3
ARCI,$1.218,1441131015218,"1,020",Not yet rated,NULL,N/A
APRI,$1.7401,1441131015381,"698,193",83% bullish,of 6 ratings,$4.86
AMCC,$5.702,1441131015406,"147,415",80% bullish,of 5 ratings,$8
AAOI,$19.8699,1441131015438,"89,357",50% bullish,of 4 ratings,$26
AQMS,$4.8,1441131015470,"7,415",Not yet rated,NULL,N/A
APTO,$5.21,1441131015539,"1,000",Not yet rated,NULL,$17
AUMAU,NULL,1441131015565,0,Not yet rated,NULL,N/A
AUMAW,NULL,1441131015767,0,Not yet rated,NULL,N/A
ARDM,$6.8209,1441131015789,"1,000",100% bullish,of 1 rating,$26
AUMA,$9.9,1441131015822,100,Not yet rated,NULL,N/A
PETX,$17.605,1441131015872,"98,093",100% bearish,of 2 ratings,$26
AQXP,$16.765,1441131015918,"76,024",50% bullish,of 2 ratings,$2
ABUS,$6.86,1441131015949,"196,263",86% bullish,of 14 ratings,$23
RKDA,$6.285,1441131016055,"5,527",100% bearish,of 2 ratings,$10
ARCW,$3.6201,1441131016085,"4,213",100% bearish,of 2 ratings,$10.50
ABIO,$0.8997,1441131016186,"12,828",50% bullish,of 2 ratings,$3.75
ARCB,$28,1441131016261,"69,852",67% bearish,of 3 ratings,$39.50
ACGL,$67.7,1441131016292,"211,269",50% bullish,of 2 ratings,$72
ACAT,$25.635,1441131016422,"26,300",100% bearish,of 3 ratings,$33
ARDX,$18.9,1441131016525,"37,166",50% bullish,of 2 ratings,$24.50
ARCC,$15.43,1441131016579,"911,549",67% bearish,of 3 ratings,$17.75
AGII,$55.16,1441131016661,"27,075",Not yet rated,NULL,$59.50
ARNA,$2.57,1441131016711,"863,026",90% bullish,of 78 ratings,$5.50
ARGS,$6.19,1441131016740,"34,222",50% bullish,of 2 ratings,$19.50
ARIA,$9.125,1441131016843,"2,342,846",87% bullish,of 46 ratings,$9
AGIIL,$25.34,1441131016883,158,Not yet rated,NULL,N/A
ARIS,$3.65,1441131016946,"8,556",Not yet rated,NULL,$4.50
ARKR,$24.74,1441131016967,42,50% bullish,of 2 ratings,N/A
ARMH,$41.63,1441131016988,"471,580",54% bearish,of 13 ratings,$60
ARWA,NULL,1441131017048,0,Not yet rated,NULL,N/A
ARWAR,NULL,1441131017177,0,Not yet rated,NULL,N/A
ARWAW,NULL,1441131017250,0,Not yet rated,NULL,N/A
ARTX,$1.4784,1441131017277,"99,185",88% bullish,of 16 ratings,$4.50
ARQL,$1.61,1441131017329,"48,215",75% bullish,of 4 ratings,$5
ARWAU,$10.2,1441131017353,200,100% bullish,of 1 rating,N/A
ARRY,$5.77,1441131017406,"528,521",100% bullish,of 7 ratings,$10
DWAT,$9.6645,1441131017486,"8,900",100% bearish,of 1 rating,N/A
ARRS,$25.94,1441131017555,"366,946",50% bullish,of 2 ratings,$38
AROW,$27.06,1441131017622,"13,145",Not yet rated,NULL,N/A
ARTW,$3.97,1441131017657,"10,816",75% bearish,of 4 ratings,N/A
ARTNA,$21.7925,1441131017688,"8,218",100% bearish,of 1 rating,$29
ASNA,$12.04,1441131017787,"856,429",50% bullish,of 2 ratings,$18
ASND,$19.44,1441131017856,"28,507",50% bullish,of 2 ratings,$30
ASBB,$24.11,1441131017953,100,Not yet rated,NULL,N/A
ASCMA,$27.31,1441131017980,"25,673",100% bearish,of 1 rating,$45
ARWR,$5.72,1441131018008,"274,304",75% bullish,of 4 ratings,$10.50
ASTI,$0.2106,1441131018039,"14,556,150",83% bullish,of 6 ratings,$3
APWC,$1.72,1441131018135,100,100% bearish,of 1 rating,N/A
ASMI,NULL,1441131018164,0,NULL,NULL,NULL
ASML,$89.37,1441131018239,"270,255",50% bullish,of 4 ratings,$127
AZPN,$37.41,1441131018260,"132,842",50% bullish,of 2 ratings,$42
ALOT,$13.59,1441131018343,"1,196",100% bearish,of 1 rating,N/A
ASTE,$38.32,1441131018414,"27,786",100% bearish,of 1 rating,$49
ASTC,$2.0884,1441131018493,"15,571",100% bullish,of 5 ratings,N/A
ATRO,$49.7,1441131018548,"36,945",100% bearish,of 2 ratings,$80
ASFI,$8.87,1441131018630,"6,800",100% bullish,of 1 rating,N/A
ASMB,$13.79,1441131018679,"27,455",67% bullish,of 3 ratings,N/A
ASUR,$5.42,1441131018708,"3,448",50% bullish,of 2 ratings,$8
ATAI,$2.325,1441131018762,"24,786",100% bearish,of 1 rating,N/A
ATHX,$1.13,1441131018816,"60,851",89% bullish,of 9 ratings,$5
ATRA,$39.29,1441131018895,"54,125",50% bullish,of 2 ratings,$68
ATHN,$130.605,1441131018924,"72,146",67% bearish,of 3 ratings,$153
ATNI,$71.014,1441131019055,"18,336",100% bearish,of 1 rating,$69.50
AAME,$3.59,1441131019081,"1,003",Not yet rated,NULL,N/A
ACFC,$5.32,1441131019107,"17,697",100% bearish,of 1 rating,$6.50
AFCB,NULL,1441131019133,0,Not yet rated,NULL,N/A
ATLC,$3.885,1441131019260,"2,490",67% bullish,of 3 ratings,N/A
AAPC,$10.1,1441131019344,8,Not yet rated,NULL,N/A
AAWW,$38.92,1441131019372,"112,819",50% bullish,of 2 ratings,$65
ATRC,$23.89,1441131019507,"50,687",100% bullish,of 1 rating,$30
AFH,$15.777,1441131019539,"37,137",Not yet rated,NULL,$21.50
ATOS,$0.7602,1441131019560,"23,928",100% bullish,of 7 ratings,$7
ATRI,$382.61,1441131019594,506,Not yet rated,NULL,N/A
ATML,$7.89,1441131019636,"4,743,803",78% bullish,of 9 ratings,$9.50
ATRM,$2.72,1441131019724,400,50% bullish,of 2 ratings,N/A
LIFE,$14.0499,1441131019819,"32,101",86% bullish,of 7 ratings,$43
AUBN,$26.95,1441131019850,233,Not yet rated,NULL,N/A
AUDC,$3.34,1441131019875,"41,474",80% bullish,of 5 ratings,$5
ADAT,$0.285,1441131020021,"74,724",100% bullish,of 2 ratings,N/A
EARS,$4.55,1441131020056,"9,304",100% bearish,of 2 ratings,$11
ABTL,$17.65,1441131020186,"33,393",100% bullish,of 4 ratings,$20.25
ATTU,$12.73,1441131020217,"44,770",100% bearish,of 1 rating,$20.50
AUPH,$3.4,1441131020246,"42,206",100% bearish,of 1 rating,$8
AVGO,$120.96,1441131020273,"1,498,138",88% bullish,of 8 ratings,$165
ADP,$75.37,1441131020298,"730,574",100% bearish,of 1 rating,$88
ADSK,$45.84,1441131020324,"1,527,400",67% bullish,of 6 ratings,$66
AAVL,$10.29,1441131020455,"118,945",100% bearish,of 1 rating,$20
AVNW,$1.18,1441131020647,"19,450",50% bullish,of 2 ratings,N/A
AVGR,$14.75,1441131020695,"12,004",100% bearish,of 1 rating,$20
AVEO,$1.38,1441131020724,"392,197",75% bullish,of 8 ratings,$3
CAR,$43.29,1441131020866,"515,029",80% bullish,of 5 ratings,$60
AVNU,$12.58,1441131020894,"10,340",Not yet rated,NULL,$14
AWRE,$3.2275,1441131020947,"4,937",67% bullish,of 3 ratings,N/A
AVID,$8.36,1441131021126,"220,605",100% bearish,of 1 rating,$20
ACLS,$3.17,1441131021160,"156,093",67% bullish,of 6 ratings,$4.75
AXPWW,$1.0001,1441131021209,100,Not yet rated,NULL,N/A
AXGN,$4.6208,1441131021234,"38,118",Not yet rated,NULL,$5
AXTI,$2.21,1441131021267,"6,507",50% bullish,of 2 ratings,$2.75
AXPW,$1.81,1441131021288,"1,596,915",83% bullish,of 6 ratings,N/A
BCOM,NULL,1441131021319,0,100% bearish,of 1 rating,N/A
RILY,NULL,1441131021363,0,Not yet rated,NULL,N/A
BIDU,$143.86,1441131021502,"1,612,050",81% bullish,of 88 ratings,$210
BOSC,$2.1501,1441131021544,200,50% bullish,of 2 ratings,N/A
BEAV,$47.79,1441131021598,"487,435",67% bearish,of 3 ratings,$59
BWINA,NULL,1441131021695,0,Not yet rated,NULL,N/A
BWINB,$22.6,1441131021799,"3,000",Not yet rated,NULL,N/A
BCPC,$57.56,1441131021829,"38,899",100% bearish,of 1 rating,$75
BANF,$58.85,1441131021856,"11,523",Not yet rated,NULL,$68
BANFP,NULL,1441131021887,0,Not yet rated,NULL,N/A
BLDP,$1.34,1441131021929,"155,133",91% bullish,of 22 ratings,$2.50
BKMU,$7.1,1441131021994,"14,038",Not yet rated,NULL,$8
BOCH,$5.72,1441131022030,"4,134",Not yet rated,NULL,$6.50
BMRC,$47.75,1441131022096,"1,834",Not yet rated,NULL,$52
BKSC,NULL,1441131022166,0,Not yet rated,NULL,N/A
BOTJ,$11.11,1441131022230,25,Not yet rated,NULL,N/A
OZRK,$40.1,1441131022265,"209,866",67% bullish,of 3 ratings,$49.50
BFIN,$12.19,1441131022363,"5,850",Not yet rated,NULL,$13
BWFG,$17.85,1441131022390,200,100% bearish,of 1 rating,N/A
BANR,$43.26,1441131022519,"27,972",100% bullish,of 3 ratings,$50
BZUN,$5.01,1441131022573,"102,857",50% bullish,of 2 ratings,$11.50
BHAC,NULL,1441131022599,0,Not yet rated,NULL,N/A
BBSI,$34.52,1441131022676,"21,142",67% bearish,of 3 ratings,$62.50
BHACR,NULL,1441131022729,0,Not yet rated,NULL,N/A
BHACU,NULL,1441131022758,0,Not yet rated,NULL,N/A
TAPR,$33.6,1441131022827,150,100% bearish,of 1 rating,N/A
BHACW,NULL,1441131022854,0,Not yet rated,NULL,N/A
BYBK,$5.01,1441131022929,713,100% bearish,of 1 rating,N/A
BV,$5.21,1441131022988,"204,007",67% bullish,of 6 ratings,$9
BBCN,$14.01,1441131023063,"85,575",100% bearish,of 1 rating,$16
BYLK,$12.95,1441131023091,"10,001",Not yet rated,NULL,$14
BSET,$28.15,1441131023116,"13,928",100% bearish,of 1 rating,$35
BDCV,$4.94,1441131023259,"6,281",100% bearish,of 1 rating,$10.19
BCBP,$11.54,1441131023336,892,Not yet rated,NULL,N/A
BECN,$35.02,1441131023364,"67,636",50% bullish,of 2 ratings,$40
BELFA,$14.87,1441131023420,218,100% bearish,of 1 rating,N/A
BSF,$8.57,1441131023454,"2,613",Not yet rated,NULL,N/A
BEBE,$1.29,1441131023503,"335,720",75% bullish,of 4 ratings,$2.125
BBBY,$60.88,1441131023552,"537,021",71% bullish,of 7 ratings,$75
BBGI,$4.25,1441131023579,549,100% bearish,of 1 rating,N/A
BELFB,$17.515,1441131023608,"11,282",100% bearish,of 1 rating,N/A
BLPH,$4.66,1441131023744,"20,725",100% bearish,of 1 rating,$12.50
BNFT,$35.22,1441131023776,"58,987",67% bullish,of 3 ratings,$46
BLCM,$16.73,1441131023802,"47,316",50% bullish,of 4 ratings,$40
BGMD,$0.6901,1441131023876,"18,697",100% bullish,of 10 ratings,N/A
BNCL,$12.305,1441131023934,"172,164",100% bullish,of 3 ratings,$12.50
BGCP,$8.7,1441131024015,"434,058",88% bullish,of 8 ratings,$14
BGFV,$11.13,1441131024066,"54,180",57% bullish,of 7 ratings,$12
BNTC,$7.66,1441131024097,"7,447",100% bullish,of 1 rating,N/A
BIND,$4.7708,1441131024118,"86,527",75% bullish,of 4 ratings,$13.50
ORPN,$5.74,1441131024199,"4,000",100% bullish,of 1 rating,$28.50
BCDA,NULL,1441131024254,0,Not yet rated,NULL,N/A
BASI,$1.64,1441131024276,"2,625",Not yet rated,NULL,N/A
BIOC,$1.9663,1441131024355,"80,493",83% bullish,of 6 ratings,$3.85
BDSI,$6.54,1441131024428,"474,122",88% bullish,of 8 ratings,$17
BIOL,$1.53,1441131024596,"19,904",Not yet rated,NULL,N/A
BCRX,$11.16,1441131024626,"295,479",63% bullish,of 8 ratings,$18
BIIB,$297.49,1441131024647,"730,777",88% bullish,of 16 ratings,$400
BIOD,$0.7096,1441131024680,"106,320",80% bullish,of 5 ratings,$4
BLFS,$2.5869,1441131024702,"346,816",100% bearish,of 1 rating,$4.75
BLRX,$1.53,1441131024733,"67,378",100% bullish,of 12 ratings,$5
BMRN,$126.2264,1441131024863,"395,808",80% bullish,of 5 ratings,$160
BPTH,$1.17,1441131024945,"249,052",100% bullish,of 2 ratings,$5
BVXV,$3.53,1441131024977,"5,812",Not yet rated,NULL,N/A
BIOS,$2.34,1441131025007,"438,587",71% bullish,of 7 ratings,$4
BRLI,NULL,1441131025025,0,NULL,NULL,NULL
BVXVW,$0.7,1441131025046,"4,500",100% bearish,of 1 rating,N/A
BSPM,$0.65,1441131025271,"6,760",50% bullish,of 2 ratings,N/A
BSTC,$48.26,1441131025297,"10,858",100% bearish,of 1 rating,$76
BBC,$30.9,1441131025322,"12,147",Not yet rated,NULL,N/A
BBP,$31.98,1441131025380,"23,605",Not yet rated,NULL,N/A
TECH,$92.77,1441131025509,"47,573",100% bullish,of 1 rating,$117
BEAT,$14.63,1441131025534,"248,869",67% bearish,of 3 ratings,$15
BITI,$17,1441131025559,"4,386",100% bullish,of 1 rating,$28
BJRI,$43,1441131025802,"74,240",50% bullish,of 2 ratings,$55
BLKB,$55.787,1441131025830,"47,641",100% bearish,of 2 ratings,$66
BBRY,$7.45,1441131025859,"1,533,398",61% bullish,of 330 ratings,$9
BDE,$7.21,1441131025886,"42,844",50% bullish,of 2 ratings,$9
BDMS,NULL,1441131025959,0,100% bearish,of 1 rating,N/A
BOTA,$2.2097,1441131026047,"24,460",88% bullish,of 8 ratings,N/A
BKCC,$9.309,1441131026322,"108,021",50% bullish,of 2 ratings,$10
HAWK,$38.12,1441131026348,"169,164",91% bullish,of 11 ratings,$49
BBOX,$14.9,1441131026379,"42,363",100% bearish,of 1 rating,N/A
ADRD,$21.3836,1441131026477,"75,681",100% bearish,of 1 rating,N/A
ADRE,$29.0631,1441131026504,"2,489",100% bearish,of 1 rating,N/A
BLMN,$20.585,1441131026529,"471,062",83% bullish,of 6 ratings,$27.50
ADRA,$26.2301,1441131026573,"7,362",100% bearish,of 1 rating,N/A
BUFF,$24.275,1441131026707,"380,063",83% bullish,of 12 ratings,$31.50
BCOR,$13.455,1441131026738,"86,203",57% bullish,of 7 ratings,$15
ADRU,$21.1812,1441131026759,100,100% bearish,of 1 rating,N/A
BLBD,$11.75,1441131026794,"5,096",Not yet rated,NULL,N/A
BBLU,$0.7782,1441131026892,"37,291",100% bullish,of 2 ratings,$4.43
BHBK,$13.6585,1441131026921,"44,413",100% bullish,of 1 rating,$14.50
NILE,$33.62,1441131026946,"33,890",50% bullish,of 2 ratings,$34
BKEP,$6.215,1441131027079,"4,993",100% bearish,of 1 rating,$8.50
BKEPP,$7.4,1441131027230,100,100% bearish,of 1 rating,N/A
BPMC,$27.485,1441131027294,"22,994",50% bullish,of 2 ratings,$47.50
BOBE,$44.43,1441131027327,"70,550",75% bullish,of 4 ratings,$57
BOJA,$20.8,1441131027426,"64,002",100% bullish,of 1 rating,$30
BOFI,$111.4813,1441131027451,"110,995",100% bullish,of 6 ratings,$144
BNCN,$20.4,1441131027479,"31,534",Not yet rated,NULL,$24
BONA,$11.39,1441131027647,"96,498",75% bullish,of 4 ratings,$8.50
BNSO,$1.282,1441131027681,"1,800",100% bearish,of 1 rating,N/A
BAMM,$3.18,1441131027711,"9,974",60% bullish,of 5 ratings,N/A
WIFI,$7.39,1441131027779,"43,603",50% bullish,of 2 ratings,$13.50
BPFH,$11.42,1441131027810,"150,677",100% bearish,of 1 rating,$14
BPFHP,$25,1441131027909,"2,940",100% bearish,of 1 rating,N/A
BOKF,$60.45,1441131027936,"113,842",100% bearish,of 1 rating,$69
BPFHW,NULL,1441131027988,0,100% bearish,of 1 rating,N/A
BCLI,$3.0602,1441131028077,"26,856",80% bullish,of 5 ratings,$12
BDBD,$8.36,1441131028109,"365,594",60% bullish,of 5 ratings,$10
BLUE,$129.57,1441131028130,"185,256",71% bullish,of 7 ratings,$217.50
EPAY,$26.45,1441131028163,"56,023",100% bearish,of 2 ratings,$30
BBRG,$12.15,1441131028262,"34,545",67% bullish,of 3 ratings,$14.50
BBEPP,$14.11,1441131028313,"16,831",100% bearish,of 1 rating,N/A
BBEP,$2.725,1441131028338,"826,627",69% bullish,of 13 ratings,$5.625
BCOV,$5.231,1441131028627,"55,270",67% bullish,of 3 ratings,$10.20
BRCM,$50.1,1441131028714,"2,742,851",69% bullish,of 13 ratings,$56
BSFT,$31.79,1441131028759,"80,321",57% bullish,of 7 ratings,$40.50
BLIN,NULL,1441131028784,0,100% bullish,of 2 ratings,$2.20
BDGE,$26,1441131028848,"3,943",Not yet rated,NULL,$31.75
BYFC,$1.45,1441131028916,502,50% bullish,of 2 ratings,N/A
BRKS,$10.39,1441131029105,"54,829",67% bullish,of 3 ratings,$15.25
BRKL,$10.14,1441131029134,"231,717",100% bearish,of 1 rating,$10.75
BVSN,$5.883,1441131029155,"1,800",60% bearish,of 5 ratings,N/A
BRKR,$17.96,1441131029176,"117,843",100% bearish,of 2 ratings,$22
BLMT,$20.75,1441131029383,"4,749",Not yet rated,NULL,N/A
BRID,NULL,1441131029413,0,100% bearish,of 1 rating,N/A
BWEN,$3.16,1441131029453,"6,293",75% bullish,of 4 ratings,$8
BWLD,$190.35,1441131029513,"144,388",82% bullish,of 11 ratings,$205
BSQR,$6,1441131029612,"31,231",67% bullish,of 3 ratings,N/A
BUR,$1.797,1441131029960,"4,294",100% bearish,of 1 rating,$8
BMTC,$28.82,1441131030362,"19,717",Not yet rated,NULL,$34
CA,$26.66,1441131030684,"778,566",50% bullish,of 4 ratings,$33
BRCD,$10.285,1441131030775,"1,500,215",92% bullish,of 13 ratings,$11.50
CFFI,$35.0792,1441131030802,649,100% bearish,of 1 rating,N/A
CCMP,$42.31,1441131030831,"16,621",50% bullish,of 2 ratings,$59
CACQ,$7.17,1441131030865,"15,867",100% bearish,of 1 rating,$12.25
BLDR,$14.33,1441131030937,"328,109",67% bullish,of 3 ratings,$22
CHRW,$66.48,1441131031008,"505,805",Not yet rated,NULL,$72
CDZI,$8.07,1441131031044,"6,848",100% bearish,of 1 rating,N/A
CDNS,$19.83,1441131031075,"663,699",75% bullish,of 4 ratings,$22.50
PRSS,$4.33,1441131031140,"3,936",80% bullish,of 5 ratings,$4.50
CSTE,$39.1,1441131031173,"45,888",50% bullish,of 2 ratings,$65
CLBS,$1.65,1441131031201,"227,779",79% bullish,of 14 ratings,$4
CZR,$9.06,1441131031236,"384,124",60% bearish,of 5 ratings,$10.50
CLMS,$10.22,1441131031270,"32,360",Not yet rated,NULL,$10.50
CHY,$11.2362,1441131031338,"220,729",Not yet rated,NULL,N/A
CCD,$18.98,1441131031555,"47,712",Not yet rated,NULL,N/A
CHI,$10.46,1441131031621,"155,974",100% bearish,of 1 rating,N/A
CFGE,$10.34,1441131031642,80,Not yet rated,NULL,N/A
CGO,$11.93,1441131031679,"18,827",100% bearish,of 1 rating,N/A
CAMP,$16.07,1441131031721,"220,549",88% bullish,of 8 ratings,$25
CHW,$7.4276,1441131031772,"65,654",100% bearish,of 1 rating,N/A
CSQ,$9.7099,1441131031806,"206,233",Not yet rated,NULL,N/A
CALA,$5.58,1441131031903,"174,188",100% bullish,of 3 ratings,$19.50
CALD,$15.86,1441131031929,"193,273",100% bearish,of 1 rating,$21
CFNB,$13.26,1441131031965,101,100% bearish,of 1 rating,N/A
CALM,$51.82,1441131031986,"234,389",80% bullish,of 5 ratings,$63.50
ABCD,$5.07,1441131032064,"72,335",83% bullish,of 6 ratings,N/A
CLMT,$25.449,1441131032121,"96,117",75% bullish,of 8 ratings,$31
CAMB,$9.95,1441131032146,"1,856",Not yet rated,NULL,N/A
CVGW,$56.88,1441131032167,"42,965",50% bullish,of 2 ratings,$62
CAMBU,NULL,1441131032301,0,100% bearish,of 1 rating,N/A
CAMBW,NULL,1441131032406,0,Not yet rated,NULL,N/A
CSIQ,$18.26,1441131032435,"858,108",86% bullish,of 28 ratings,$42.50
CAC,$40.02,1441131032481,"2,182",Not yet rated,NULL,N/A
CGIX,$9.64,1441131032582,"7,575",67% bullish,of 3 ratings,$14.375
CPHC,NULL,1441131032607,0,100% bearish,of 1 rating,N/A
CAMT,$2.62,1441131032637,"21,359",73% bullish,of 11 ratings,$4
CPLA,$48.76,1441131032663,"46,629",67% bearish,of 3 ratings,$65
CPLP,$7.05,1441131032792,"112,937",71% bullish,of 7 ratings,$11
CCBG,$15.1,1441131032826,"14,690",Not yet rated,NULL,$17.25
CBNJ,$11.07,1441131032855,"5,785",100% bearish,of 1 rating,N/A
CBF,$30.25,1441131032880,"84,689",Not yet rated,NULL,$32
CSWC,$44.55,1441131032921,"9,703",Not yet rated,NULL,N/A
CAPN,$2.21,1441131033065,"48,813",100% bullish,of 1 rating,$10.85
CFFN,$11.76,1441131033086,"441,354",Not yet rated,NULL,$12.75
CPTA,$13.69,1441131033166,"23,082",100% bearish,of 1 rating,$18.50
CAPR,$4.6301,1441131033242,"5,081",Not yet rated,NULL,$12
CARA,$18.72,1441131033267,"57,622",50% bullish,of 4 ratings,$25
CAPNW,NULL,1441131033295,0,Not yet rated,NULL,N/A
CBYL,$5.06,1441131033403,"7,786",100% bearish,of 1 rating,$20
CARB,$11.06,1441131033619,"62,472",75% bullish,of 4 ratings,$12
CPST,$0.385,1441131033648,"481,429",95% bullish,of 22 ratings,$1.25
CRDC,$0.32,1441131033669,"145,261",100% bullish,of 1 rating,$1.25
CFNL,$21.71,1441131033704,"35,697",Not yet rated,NULL,$24
CSII,$23.92,1441131033733,"135,427",100% bearish,of 2 ratings,$42.125
CATM,$33.81,1441131033803,"93,125",100% bearish,of 1 rating,$44
CRME,$9.11,1441131033932,"5,700",89% bullish,of 9 ratings,$11.25
CDNA,$6.84,1441131034068,"2,703",100% bearish,of 1 rating,$9
CKEC,$23.36,1441131034101,"64,952",50% bullish,of 2 ratings,$35.915
CECO,$3.665,1441131034126,"80,439",67% bearish,of 3 ratings,$6
CTRE,$10.85,1441131034157,"80,885",50% bullish,of 2 ratings,$13.50
CLBH,$12.59,1441131034180,"3,209",Not yet rated,NULL,$16.50
CRZO,$34.79,1441131034209,"535,387",67% bearish,of 3 ratings,$54.50
CART,NULL,1441131034237,0,100% bearish,of 1 rating,N/A
CARV,$5.8101,1441131034519,100,50% bullish,of 2 ratings,N/A
CRTN,$2.51,1441131034549,404,100% bearish,of 1 rating,N/A
CARO,$15.4899,1441131034570,"2,680",100% bearish,of 1 rating,$19
CASM,$1.18,1441131034601,"42,384",100% bullish,of 1 rating,$3.50
TAST,$12.7,1441131034622,"63,070",Not yet rated,NULL,$14.25
CACB,$5.32,1441131034652,"10,983",Not yet rated,NULL,$5.50
CASS,$47.54,1441131034976,"4,868",100% bearish,of 1 rating,N/A
CATB,$10.91,1441131035004,"8,406",100% bearish,of 1 rating,$28
CASI,$1.4101,1441131035027,"3,248",100% bullish,of 1 rating,$3.50
CSCD,$15.14,1441131035048,"5,105",100% bullish,of 2 ratings,$17
CPRX,$3.66,1441131035085,"212,418",71% bullish,of 7 ratings,$7
CASY,$104.48,1441131035181,"87,232",50% bullish,of 2 ratings,$99.50
CWST,$6.115,1441131035216,"21,073",50% bullish,of 2 ratings,$7.25
CATY,$28.63,1441131035253,"239,236",100% bearish,of 1 rating,$33.50
CAVM,$66.13,1441131035420,"139,719",67% bearish,of 3 ratings,$72
CATYW,NULL,1441131035451,0,100% bearish,of 1 rating,N/A
CBFV,$20.5,1441131035479,"1,150",Not yet rated,NULL,$25
CVCO,$71.05,1441131035553,"11,505",100% bearish,of 1 rating,N/A
CNLMW,$0.3,1441131035611,"3,100",Not yet rated,NULL,N/A
CNLM,NULL,1441131035639,0,Not yet rated,NULL,N/A
CBOE,$62.7,1441131035768,"161,709",Not yet rated,NULL,$60
CNLMR,$0.34,1441131035826,114,Not yet rated,NULL,N/A
CDK,$48.52,1441131035930,"232,466",67% bearish,of 3 ratings,$50
CNLMU,NULL,1441131035957,0,100% bullish,of 1 rating,N/A
CECE,$9.39,1441131035986,"33,382",50% bullish,of 2 ratings,$16
CPXX,$2.23,1441131036085,"50,713",100% bullish,of 2 ratings,$7
CELGZ,$1.68,1441131036154,"9,000",80% bullish,of 5 ratings,N/A
CELG,$116.88,1441131036187,"2,162,730",92% bullish,of 13 ratings,$155.50
CLRB,$3.06,1441131036290,"2,860",100% bearish,of 1 rating,N/A
CDW,$38.66,1441131036320,"312,115",75% bullish,of 4 ratings,$44
CLDN,$1.18,1441131036352,"129,803",71% bullish,of 7 ratings,$3
CLDX,$14.48,1441131036377,"447,148",89% bullish,of 9 ratings,$36
CLRBW,NULL,1441131036453,0,Not yet rated,NULL,N/A
CLLS,$33.07,1441131036480,"42,696",75% bullish,of 4 ratings,$51.50
CBMG,$23.32,1441131036546,"59,393",50% bullish,of 2 ratings,N/A
CLSN,$2.1,1441131036752,"11,220",80% bullish,of 10 ratings,$7.50
CLTX,$2.5,1441131036794,"98,103",100% bullish,of 2 ratings,N/A
CEMP,$33.4,1441131036888,"206,897",71% bullish,of 7 ratings,$52
CETV,$2.11,1441131036924,"29,909",67% bullish,of 3 ratings,$2.80
CYAD,$47.165,1441131036951,"1,008",100% bullish,of 1 rating,$87.50
CSFL,$13.49,1441131036983,"43,690",Not yet rated,NULL,$15
CFBK,$1.34,1441131037004,200,Not yet rated,NULL,N/A
CETX,$2.4218,1441131037083,"14,666",Not yet rated,NULL,$5.60
CENT,$12.39,1441131037145,"42,100",Not yet rated,NULL,$10
CENTA,$12.71,1441131037254,"85,012",Not yet rated,NULL,N/A
CNBKA,$40.3,1441131037288,100,50% bullish,of 2 ratings,N/A
CVCY,$11.28,1441131037318,"1,255",Not yet rated,NULL,$12
CENX,$5.46,1441131037389,"947,620",67% bullish,of 6 ratings,$9
CNTY,$5.77,1441131037418,"4,591",80% bullish,of 5 ratings,$7.75
CPHD,$47.45,1441131037521,"195,149",67% bearish,of 3 ratings,$66.50
CRNT,$1.43,1441131037564,"61,939",50% bullish,of 2 ratings,$2
CERN,$60.08,1441131037591,"655,691",67% bullish,of 3 ratings,$79
CERE,$1.12,1441131037749,"177,969",88% bullish,of 8 ratings,N/A
CERU,$4.17,1441131037776,"33,278",75% bullish,of 4 ratings,$14
CERS,$4.76,1441131037803,"149,535",75% bullish,of 4 ratings,$7
CYOU,$19.09,1441131037938,"77,736",50% bullish,of 6 ratings,$24
KOOL,$0.691,1441131037967,"54,737",100% bullish,of 5 ratings,$7
HOTR,$1.365,1441131038119,"141,486",100% bullish,of 2 ratings,$5
HOTRW,NULL,1441131038152,0,Not yet rated,NULL,N/A
CEVA,$19.19,1441131038254,"28,470",100% bearish,of 1 rating,$25
CTHR,$1.2501,1441131038282,"1,869",50% bullish,of 2 ratings,$2.50
GTLS,$24,1441131038312,"190,834",50% bullish,of 4 ratings,$40
CHTR,$178.26,1441131038417,"442,423",100% bearish,of 2 ratings,$202
CHKP,$77.4,1441131038483,"654,307",50% bullish,of 4 ratings,$92
CHEK,$2.06,1441131038551,"1,600",Not yet rated,NULL,$7.75
CHEKW,NULL,1441131038584,0,Not yet rated,NULL,N/A
CHFC,$31.02,1441131038684,"12,883",100% bearish,of 1 rating,$36
CCXI,$6.07,1441131038729,"35,518",67% bullish,of 3 ratings,$14
CHMG,$26.35,1441131038754,700,Not yet rated,NULL,$30
CEMI,$4.19,1441131038779,"7,814",50% bullish,of 2 ratings,$7.50
CHFN,$12.48,1441131038827,"3,527",Not yet rated,NULL,$14
CHKE,$25.82,1441131038988,"9,716",100% bearish,of 1 rating,$32.50
CHEV,$14.47,1441131039014,404,Not yet rated,NULL,N/A
CHMA,$25.81,1441131039094,"53,892",Not yet rated,NULL,$40
CMRX,$48.19,1441131039149,"72,330",50% bullish,of 2 ratings,$57
PLCE,$58.72,1441131039184,"76,419",100% bearish,of 1 rating,$69
CBNK,$16.39,1441131039282,600,100% bearish,of 1 rating,N/A
CADC,$2.89,1441131039411,"1,000",78% bullish,of 9 ratings,N/A
CALI,$0.85,1441131039483,"10,357",67% bullish,of 3 ratings,N/A
CBPO,$93.56,1441131039517,"79,748",75% bullish,of 8 ratings,$140.50
CBAK,$1.8699,1441131039545,"22,560",67% bullish,of 9 ratings,N/A
CCCL,$0.7799,1441131039569,"1,200",100% bullish,of 6 ratings,N/A
CAAS,$6.07,1441131039596,"8,238",93% bullish,of 14 ratings,$11.50
CCCR,$0.66,1441131039629,"1,800",67% bearish,of 3 ratings,N/A
JRJC,$3.45,1441131039833,"61,349",82% bullish,of 11 ratings,N/A
HGSH,$1.84,1441131039860,"7,500",67% bullish,of 3 ratings,N/A
CHOP,$1.14,1441131039881,"8,999",50% bullish,of 2 ratings,N/A
CNIT,$1.24,1441131039930,"70,442",67% bullish,of 6 ratings,N/A
CHLN,$1.9431,1441131040022,"2,100",67% bullish,of 3 ratings,N/A
CJJD,$1.88,1441131040118,"1,600",100% bullish,of 1 rating,N/A
CREG,$0.665,1441131040147,"6,649",100% bullish,of 3 ratings,N/A
HTHT,$25.5,1441131040175,"41,496",50% bullish,of 2 ratings,$28.40
CSUN,$1.4397,1441131040205,"5,647",80% bullish,of 5 ratings,N/A
CNTF,$0.8197,1441131040236,"46,079",Not yet rated,NULL,N/A
CPGI,$6.84,1441131040257,200,Not yet rated,NULL,N/A
CHNR,$1.5605,1441131040304,500,100% bearish,of 1 rating,N/A
CNYD,$3.15,1441131040409,"3,602",67% bullish,of 3 ratings,N/A
CXDC,$5.89,1441131040442,"19,662",67% bearish,of 3 ratings,N/A
CCIH,$7.43,1441131040481,"139,038",67% bullish,of 6 ratings,$12.65
CNET,$0.8537,1441131040541,"14,665",50% bullish,of 2 ratings,N/A
IMOS,$18.77,1441131040730,"105,062",60% bullish,of 5 ratings,$21.50
CHSCL,$27.121,1441131040761,"7,326",Not yet rated,NULL,N/A
CHSCM,$26.3128,1441131040792,"7,984",Not yet rated,NULL,N/A
CHSCO,$28.34,1441131040814,"2,841",Not yet rated,NULL,N/A
CHSCN,$26.8356,1441131040861,"9,450",Not yet rated,NULL,N/A
CHSCP,$30.5267,1441131040890,269,Not yet rated,NULL,N/A
CHDN,$132.66,1441131040996,"23,459",Not yet rated,NULL,$165
CDTX,$14.44,1441131041065,"18,948",Not yet rated,NULL,$22
CIFC,$7.19,1441131041130,"1,600",100% bearish,of 1 rating,N/A
CMCT,$15.3,1441131041159,808,100% bearish,of 1 rating,N/A
CMPR,$68.44,1441131041186,"107,622",50% bullish,of 2 ratings,$72.50
CINF,$50.99,1441131041263,"192,508",50% bullish,of 4 ratings,$50.50
CHUY,$30.45,1441131041315,"44,256",50% bullish,of 2 ratings,$34
CTAS,$83.61,1441131041406,"144,988",100% bearish,of 1 rating,$91
CIDM,$0.5601,1441131041438,"110,827",50% bullish,of 2 ratings,$2.10
CPHR,$5.2,1441131041488,"7,350",100% bearish,of 1 rating,$17
CRUS,$29.12,1441131041539,"256,466",75% bullish,of 12 ratings,$44.50
CSCO,$25.275,1441131041689,"11,038,019",83% bullish,of 210 ratings,$32
CZWI,NULL,1441131041744,0,Not yet rated,NULL,N/A
CZFC,$12.7,1441131041778,200,Not yet rated,NULL,N/A
CTRN,$26.07,1441131041825,"27,083",100% bearish,of 1 rating,$31.50
CTXS,$65.96,1441131041883,"660,215",86% bullish,of 7 ratings,$80
CIZN,NULL,1441131041911,0,Not yet rated,NULL,N/A
CZNC,$19.62,1441131041932,"1,500",Not yet rated,NULL,N/A
CHCO,$46.64,1441131041982,"13,726",Not yet rated,NULL,$46
CIVB,$10.061,1441131042115,"4,219",Not yet rated,NULL,$11
CDTI,$1.58,1441131042150,"69,680",75% bullish,of 4 ratings,$3.20
CLNE,$5.15,1441131042176,"412,747",80% bullish,of 15 ratings,$9
CLFD,$17.13,1441131042362,"47,342",67% bullish,of 3 ratings,$18
CIVBP,NULL,1441131042403,0,Not yet rated,NULL,N/A
CLVS,$79.74,1441131042497,"277,423",60% bullish,of 5 ratings,$101.50
CSBK,$13.69,1441131042528,"27,515",Not yet rated,NULL,N/A
CLIR,$4.695,1441131042549,"18,095",100% bullish,of 3 ratings,N/A
CLNT,$1.43,1441131042571,"14,455",75% bullish,of 8 ratings,N/A
CLRO,$11.303,1441131042607,"1,352",50% bullish,of 2 ratings,$14.25
CBLI,$4.04,1441131042629,"26,857",60% bullish,of 5 ratings,N/A
CME,$91.59,1441131042763,"467,285",67% bullish,of 3 ratings,$102
CISG,$7.66,1441131042801,"34,954",100% bullish,of 5 ratings,$10
CNV,$4.44,1441131042906,"25,382",50% bullish,of 2 ratings,$7.15
CWAY,$11.12,1441131043112,"2,604",Not yet rated,NULL,N/A
CMFN,$11.5087,1441131043145,"3,666",100% bearish,of 1 rating,$15.50
COBZ,$12.54,1441131043172,"16,153",100% bullish,of 1 rating,$14
CDXS,$3.62,1441131043194,"6,670",64% bullish,of 11 ratings,$6
COKE,$154.28,1441131043224,"12,656",79% bullish,of 19 ratings,N/A
CDRB,$11.64,1441131043245,"6,895",67% bullish,of 3 ratings,N/A
CCNE,$16.97,1441131043276,"6,097",50% bullish,of 2 ratings,$21.50
CVLY,$21,1441131043297,366,Not yet rated,NULL,N/A
CCOI,$27.4,1441131043535,"99,075",50% bullish,of 4 ratings,$35
CGNT,$1.5272,1441131043602,"2,500",100% bullish,of 2 ratings,$2
CGNX,$34.42,1441131043627,"136,500",50% bullish,of 2 ratings,$47
JVA,$4.6299,1441131043819,"4,668",83% bullish,of 6 ratings,$7
CTSH,$61.37,1441131043876,"1,604,167",90% bullish,of 10 ratings,$75
COHU,$9.525,1441131043906,"31,906",100% bearish,of 1 rating,$14.25
CLRX,$0.6699,1441131043936,"109,422",50% bullish,of 2 ratings,N/A
CHRS,$27.17,1441131043957,"20,578",67% bearish,of 3 ratings,$37
COLL,$13.55,1441131043978,"58,350",100% bearish,of 1 rating,$26
CLCT,$17.8927,1441131044000,"38,909",100% bearish,of 1 rating,N/A
COHR,$56.17,1441131044042,"25,774",50% bullish,of 2 ratings,$72
CLCD,$6.19,1441131044185,"29,682",100% bearish,of 1 rating,$20.50
CBAN,$8.8,1441131044211,400,Not yet rated,NULL,N/A
COLB,$29.11,1441131044237,"51,960",Not yet rated,NULL,$36
COLM,$59.99,1441131044382,"34,312",100% bearish,of 1 rating,$71
CIGI,$43.95,1441131044467,"38,609",100% bearish,of 1 rating,$52
CBMX,$1.12,1441131044509,"13,801",83% bullish,of 6 ratings,$3.15
CMCO,$18.44,1441131044535,"31,646",60% bullish,of 5 ratings,$28
CBSHP,$25.41,1441131044557,"1,556",100% bearish,of 1 rating,N/A
CMCSA,$55.31,1441131044589,"4,106,993",66% bullish,of 35 ratings,$69.50
CBSH,$43.14,1441131044621,"86,717",50% bullish,of 2 ratings,$46
CMCSK,$56.53,1441131044642,"1,485,152",Not yet rated,NULL,$84
COMM,$31.77,1441131044842,"597,873",67% bearish,of 3 ratings,$35
CUBN,NULL,1441131044873,0,Not yet rated,NULL,N/A
CSAL,$20.06,1441131044900,"290,260",75% bullish,of 4 ratings,$30
JCS,$8.88,1441131044928,900,67% bullish,of 3 ratings,N/A
CVGI,$4.98,1441131044984,"77,895",50% bullish,of 2 ratings,$6
CYHHZ,$0.01,1441131045088,"24,400",100% bullish,of 1 rating,N/A
ESXB,$5.01,1441131045126,"5,200",Not yet rated,NULL,N/A
CTBI,$34.31,1441131045190,"9,904",Not yet rated,NULL,$36
COB,$10.36,1441131045215,"4,551",100% bullish,of 1 rating,$11.75
CVLT,$35.03,1441131045243,"110,192",75% bullish,of 4 ratings,$44.50
CID,$32.66,1441131045285,900,Not yet rated,NULL,N/A
CIL,NULL,1441131045414,0,Not yet rated,NULL,N/A
CWBC,$6.71,1441131045450,"1,212",Not yet rated,NULL,N/A
CSA,NULL,1441131045548,0,Not yet rated,NULL,N/A
CIZ,$32.4899,1441131045575,572,100% bearish,of 1 rating,N/A
CDC,$33.86,1441131045605,"6,441",Not yet rated,NULL,N/A
CSF,$36.06,1441131045704,"1,552",100% bearish,of 1 rating,N/A
CFO,$34.64,1441131045737,"106,400",100% bearish,of 1 rating,N/A
CDL,NULL,1441131045832,0,Not yet rated,NULL,N/A
CFA,$34.72,1441131045857,700,100% bearish,of 1 rating,N/A
CSB,$32.45,1441131045920,850,Not yet rated,NULL,N/A
CGEN,$4.94,1441131046013,"32,443",50% bullish,of 2 ratings,$11
CPSI,$45.61,1441131046048,"28,641",100% bearish,of 1 rating,$45.50
CMTL,$26.26,1441131046081,"15,209",100% bearish,of 2 ratings,$37
CTG,$6.58,1441131046107,"20,295",100% bearish,of 1 rating,$8.50
CHCI,$0.69,1441131046146,100,50% bullish,of 2 ratings,N/A
SCOR,$49.305,1441131046176,"173,440",100% bearish,of 1 rating,$66
CNSI,$18.32,1441131046316,"22,834",100% bearish,of 2 ratings,$29
CNAT,$3.72,1441131046342,"96,518",83% bullish,of 6 ratings,$13
CXRX,$76.61,1441131046473,382,100% bearish,of 1 rating,$90
CNCE,$15.77,1441131046508,"96,282",75% bullish,of 4 ratings,$22
CCUR,$5.52,1441131046537,"23,146",75% bullish,of 4 ratings,N/A
CDORP,$6.51,1441131046603,"2,699",100% bearish,of 1 rating,N/A
CDORO,NULL,1441131046628,0,100% bearish,of 1 rating,N/A
CFMS,$15.575,1441131046681,"175,644",100% bearish,of 1 rating,$27
CNFR,$10.1899,1441131046763,"5,507",Not yet rated,NULL,N/A
CNMD,$50.9,1441131046816,"33,294",Not yet rated,NULL,$59
CDOR,$1.34,1441131046894,"3,233",100% bullish,of 1 rating,N/A
CNOB,$18.78,1441131046952,"32,375",100% bullish,of 1 rating,$23.50
CTWS,$35.09,1441131046982,"9,223",100% bearish,of 1 rating,$44
CNXR,$7.0475,1441131047026,"35,970",100% bearish,of 1 rating,$12
CNSL,$19.325,1441131047084,"50,087",100% bearish,of 1 rating,$23
CWCO,$10.41,1441131047175,"22,194",67% bullish,of 3 ratings,$14.50
CONN,$28.43,1441131047215,"227,160",67% bullish,of 3 ratings,$48.50
CFRXW,$1.82,1441131047410,500,100% bearish,of 1 rating,N/A
CTCT,$24.17,1441131047438,"78,444",67% bullish,of 3 ratings,$37
CPSS,$5.57,1441131047466,"16,524",100% bullish,of 1 rating,$10
CFRX,$4.95,1441131047515,"12,035",Not yet rated,NULL,$14
CTRV,$3.76,1441131047545,"34,087",Not yet rated,NULL,$6.40
CFRXZ,$0.49,1441131047566,"8,233",Not yet rated,NULL,N/A
CPRT,$34.02,1441131047648,"304,002",67% bearish,of 3 ratings,$40
CTRL,$8.58,1441131047791,"183,575",50% bullish,of 2 ratings,$11
CORT,$4.92,1441131047837,"155,542",67% bullish,of 3 ratings,$12
CORE,$59.12,1441131047964,"47,029",100% bearish,of 1 rating,$72
CRBP,$1.8799,1441131047989,"118,238",100% bullish,of 2 ratings,$6.25
BVA,$3.58,1441131048066,200,50% bullish,of 2 ratings,N/A
CSOD,$35.74,1441131048202,"233,427",50% bullish,of 2 ratings,$42
CRVL,$29.99,1441131048437,"25,519",100% bearish,of 1 rating,N/A
CORI,$10.54,1441131048513,"28,271",100% bearish,of 1 rating,$18
COSI,$1.13,1441131048543,"56,088",100% bullish,of 1 rating,N/A
COST,$138.085,1441131048579,"830,065",79% bullish,of 24 ratings,$154.50
COVS,$2.6799,1441131048611,"18,651",67% bullish,of 3 ratings,N/A
ICBK,$18.6,1441131048641,400,Not yet rated,NULL,$21
CVTI,$22.6,1441131048717,"56,186",67% bearish,of 3 ratings,$39
COWNL,$26.31,1441131048814,700,Not yet rated,NULL,N/A
COWN,$5.04,1441131048887,"440,898",75% bullish,of 4 ratings,$7
CPSH,$2.35,1441131048916,800,Not yet rated,NULL,N/A
CBRL,$143.22,1441131048991,"108,314",50% bullish,of 2 ratings,$155
CRAI,$22.8,1441131049045,"15,735",100% bearish,of 1 rating,$36
BREW,$7.82,1441131049073,"12,037",67% bullish,of 6 ratings,$15
CSGP,$172.42,1441131049177,"65,964",50% bullish,of 2 ratings,$235
CRAY,$20.67,1441131049261,"101,750",83% bullish,of 6 ratings,$38.50
CACC,$200.67,1441131049309,"61,359",50% bullish,of 2 ratings,$158.50
CPAH,NULL,1441131049336,0,50% bullish,of 2 ratings,N/A
GLDI,$11.0449,1441131049398,"3,266",100% bearish,of 1 rating,N/A
SLVO,$10.001,1441131049423,"1,408",100% bearish,of 1 rating,N/A
CREE,$26.58,1441131049467,"524,056",65% bullish,of 17 ratings,$29.50
CRESY,$10.45,1441131049553,"12,308",100% bearish,of 1 rating,$19
CRTO,$37.72,1441131049623,"400,020",67% bullish,of 6 ratings,$64
CROX,$14.18,1441131049649,"243,055",63% bullish,of 8 ratings,$16.50
CRDS,$1,1441131049681,"3,900",75% bullish,of 4 ratings,$4.50
CCRN,$14.12,1441131049776,"127,757",100% bearish,of 1 rating,$14.25
CRWS,$8.09,1441131049811,"1,500",Not yet rated,NULL,$10
CYRX,$2.84,1441131049999,"20,928",Not yet rated,NULL,$9
CSGS,$30.26,1441131050100,"63,617",Not yet rated,NULL,$40
CYRXW,$0.74,1441131050135,"21,600",Not yet rated,NULL,N/A
CSPI,$5.78,1441131050176,"1,813",67% bullish,of 3 ratings,N/A
CCLP,$14.6,1441131050210,"34,873",67% bearish,of 3 ratings,$20
CTCM,$1.7,1441131050235,"350,732",80% bearish,of 5 ratings,$3.90
CTIC,$1.55,1441131050261,"208,919",84% bullish,of 76 ratings,$5.75
CTIB,$3.6201,1441131050312,"2,553",100% bearish,of 1 rating,N/A
CTRP,$65.14,1441131050468,"618,471",75% bullish,of 8 ratings,$92.50
CUNB,$21.5,1441131050537,"13,386",Not yet rated,NULL,$24.50
CUI,$5.165,1441131050598,"9,402",50% bullish,of 2 ratings,$10
CPIX,$6.1252,1441131050625,"1,900",Not yet rated,NULL,N/A
CRWN,$5.015,1441131050673,"269,855",75% bullish,of 4 ratings,N/A
CMLS,$1.305,1441131050777,"292,289",50% bullish,of 4 ratings,$6
CRIS,$2.55,1441131050877,"70,836",100% bullish,of 8 ratings,$6
CUTR,$14.91,1441131050914,"46,769",67% bearish,of 3 ratings,$18
CVV,$11.48,1441131051015,"4,181",100% bullish,of 5 ratings,N/A
CYAN,$7.1,1441131051036,"2,636",100% bearish,of 1 rating,N/A
CVBF,$15.8,1441131051068,"240,915",Not yet rated,NULL,$18
CYBR,$50.6,1441131051095,"527,299",75% bullish,of 8 ratings,$66
CYBX,$63.53,1441131051123,"101,003",50% bullish,of 4 ratings,$71.50
CYBE,$6.81,1441131051275,"2,765",100% bearish,of 1 rating,N/A
CYCC,$0.57,1441131051304,"29,102",73% bullish,of 11 ratings,N/A
CYCCP,NULL,1441131051332,0,100% bearish,of 1 rating,N/A
CYNA,$15.84,1441131051376,"10,174",50% bullish,of 2 ratings,$31.50
CBAY,$2.62,1441131051404,"30,042",100% bullish,of 1 rating,$4
CYNO,$30.34,1441131051536,"143,656",67% bearish,of 3 ratings,$45.50
CY,$9.795,1441131051568,"2,969,411",80% bullish,of 10 ratings,$15.50
CYRN,$1.76,1441131051670,"26,530",67% bullish,of 3 ratings,$4
CONE,$30.67,1441131051718,"108,959",67% bearish,of 3 ratings,$35.50
CYTX,$0.3755,1441131051772,"1,272,699",83% bullish,of 12 ratings,$5.50
CTSO,$6.96,1441131051865,"19,604",Not yet rated,NULL,$15.625
CYTR,$2.335,1441131051900,"181,139",67% bullish,of 6 ratings,$10
CYTK,$6.91,1441131051922,"103,610",71% bullish,of 14 ratings,$13.50
TVIZ,$23.38,1441131051956,"9,512",100% bearish,of 1 rating,N/A
TVIX,$18.2432,1441131052008,"9,021,487",81% bullish,of 16 ratings,N/A
XIV,$22.6825,1441131052051,"15,490,493",75% bearish,of 4 ratings,N/A
ZIV,$35.81,1441131052137,"150,214",Not yet rated,NULL,N/A
DAKT,$8.49,1441131052217,"82,330",50% bullish,of 2 ratings,$12
DAEG,$0.37,1441131052242,5,100% bearish,of 1 rating,N/A
DARA,$0.8401,1441131052424,"38,390",83% bullish,of 6 ratings,$1.50
DJCO,NULL,1441131052486,0,Not yet rated,NULL,N/A
DRAM,$1.5199,1441131052620,"6,314",78% bullish,of 9 ratings,N/A
DAIO,$2.6001,1441131052659,"5,950",Not yet rated,NULL,N/A
DTLK,$5.75,1441131052685,"12,150",100% bearish,of 1 rating,$9
DWCH,$5.1,1441131052706,"16,875",75% bullish,of 4 ratings,$8.25
DWSN,$4.48,1441131052753,"12,813",67% bullish,of 3 ratings,N/A
PLAY,$34.37,1441131052779,"84,509",100% bullish,of 5 ratings,$42
DTEA,$13.09,1441131052950,"31,691",100% bearish,of 2 ratings,$24
DBVT,$38.22,1441131052981,"54,611",100% bearish,of 1 rating,$53
TRAK,$62.715,1441131053003,"292,643",50% bullish,of 2 ratings,$62.50
DFRG,$14.38,1441131053082,"50,720",100% bearish,of 1 rating,$20
DHRM,$1.6104,1441131053182,"4,718",Not yet rated,NULL,N/A
DCTH,$0.4223,1441131053209,"21,761",78% bullish,of 9 ratings,N/A
TACO,$12.45,1441131053290,"66,743",75% bullish,of 4 ratings,$20
TACOW,$3.77,1441131053335,300,100% bullish,of 1 rating,N/A
DELT,NULL,1441131053365,0,Not yet rated,NULL,N/A
DELTW,NULL,1441131053386,0,Not yet rated,NULL,N/A
DGAS,$20.42,1441131053438,"2,316",67% bearish,of 3 ratings,N/A
DEPO,$26.46,1441131053522,"281,631",60% bullish,of 5 ratings,$29
DENN,$11.01,1441131053652,"167,661",100% bullish,of 3 ratings,$15
DERM,$26.25,1441131053682,"34,350",100% bearish,of 1 rating,$33.50
DSCI,$5.81,1441131053754,"34,389",50% bullish,of 2 ratings,$16
XRAY,$50.775,1441131053778,"202,411",100% bullish,of 1 rating,$58
DXLG,$6,1441131053942,"65,499",100% bearish,of 1 rating,$8
DEST,$11.2,1441131053982,"12,544",50% bullish,of 2 ratings,N/A
DSWL,$1.6001,1441131054040,"10,586",100% bullish,of 1 rating,N/A
DXCM,$88.56,1441131054061,"417,953",57% bullish,of 7 ratings,$98
DHXM,NULL,1441131054093,0,Not yet rated,NULL,N/A
DHIL,$191.11,1441131054154,"4,774",Not yet rated,NULL,N/A
DXM,$0.2547,1441131054241,"275,246",50% bullish,of 2 ratings,N/A
FANG,$65.71,1441131054276,"404,882",50% bullish,of 2 ratings,$86.50
DRNA,$10.86,1441131054305,"49,842",67% bearish,of 3 ratings,$25
DCIX,$1.66,1441131054341,"3,607",50% bullish,of 4 ratings,$3.50
DMND,$29.69,1441131054370,"72,149",75% bullish,of 12 ratings,$32
DGII,$10.23,1441131054498,"52,245",100% bearish,of 1 rating,$11
DMRC,$37.31,1441131054741,"19,693",100% bearish,of 1 rating,$44
DRAD,$3.84,1441131054769,"6,741",100% bullish,of 1 rating,$5.25
APPS,$2.56,1441131054842,"134,230",100% bearish,of 1 rating,$10.25
DIOD,$19.09,1441131054898,"53,723",75% bearish,of 4 ratings,$24
DGLY,$7.89,1441131054923,"54,807",50% bullish,of 6 ratings,$20
DISCA,$26.13,1441131054950,"1,025,701",67% bullish,of 3 ratings,$34
DPRX,$14.75,1441131054971,"17,050",100% bullish,of 2 ratings,$27.75
DISCB,NULL,1441131055101,0,100% bearish,of 1 rating,$35
DISCK,$24.89,1441131055128,"742,133",100% bearish,of 1 rating,$32
DCOM,$16.55,1441131055162,"33,198",100% bearish,of 2 ratings,$16
DISH,$59.04,1441131055191,"515,541",69% bullish,of 13 ratings,$73
DSCO,$0.4032,1441131055267,"126,538",83% bullish,of 6 ratings,$2.75
BAGR,$2.72,1441131055326,"10,110",100% bearish,of 1 rating,$6
DVCR,$10.94,1441131055411,"12,100",100% bullish,of 1 rating,N/A
DLHC,NULL,1441131055497,0,100% bearish,of 1 rating,N/A
DNBF,$25.83,1441131055543,"1,000",Not yet rated,NULL,$27.50
DLTR,$70.12,1441131055601,"5,184,029",82% bullish,of 11 ratings,$88
DGICA,$14.34,1441131055675,"9,646",100% bearish,of 1 rating,$17
DGICB,NULL,1441131055737,0,100% bearish,of 1 rating,N/A
HILL,$9.67,1441131055807,"501,170",60% bearish,of 5 ratings,$9.75
DMLP,$14.59,1441131055837,"6,939",100% bearish,of 1 rating,N/A
DRWI,$0.1996,1441131055873,"68,875",60% bullish,of 5 ratings,$.45
DORM,$50.09,1441131055940,"131,947",100% bearish,of 1 rating,$56
DRYS,$0.4504,1441131055965,"1,678,529",77% bullish,of 31 ratings,$.60
DRWIW,$0.03,1441131055990,117,Not yet rated,NULL,N/A
DWA,$19.64,1441131056021,"188,489",63% bullish,of 8 ratings,$26
DSPG,$8.7,1441131056226,"10,522",100% bearish,of 1 rating,$13.50
CADT,NULL,1441131056260,0,Not yet rated,NULL,N/A
DSKX,$3.3453,1441131056291,"13,652",100% bullish,of 1 rating,N/A
CADTR,NULL,1441131056395,0,Not yet rated,NULL,N/A
CADTU,NULL,1441131056687,0,Not yet rated,NULL,N/A
CADTW,NULL,1441131056717,0,Not yet rated,NULL,N/A
DTSI,$25.77,1441131056749,"25,603",100% bearish,of 2 ratings,$39.50
BOOM,$11.31,1441131056771,"20,966",67% bullish,of 3 ratings,$12
DNKN,$48.67,1441131056806,"912,675",67% bullish,of 15 ratings,$56.50
DXPE,$29.63,1441131056833,"96,374",50% bullish,of 2 ratings,N/A
DYAX,$22.15,1441131056858,"263,121",89% bullish,of 9 ratings,$30
DYSL,$1.5,1441131056904,"51,187",100% bullish,of 2 ratings,N/A
DVAX,$27.5,1441131057042,"120,217",70% bullish,of 10 ratings,$40
DYNT,$3.09,1441131057065,300,75% bullish,of 4 ratings,N/A
ETFC,$24.93,1441131057097,"1,557,851",57% bullish,of 14 ratings,$32.50
EBMT,$11.54,1441131057198,300,Not yet rated,NULL,$13.50
DRRX,$2.06,1441131057234,"35,622",50% bullish,of 6 ratings,$3
EGLE,$6.96,1441131057256,"5,704",60% bullish,of 5 ratings,N/A
EGBN,$41.15,1441131057331,"16,674",Not yet rated,NULL,$48
EGRX,$77.07,1441131057458,"101,067",67% bullish,of 3 ratings,$97
EROC,$1.54,1441131057493,"84,471",50% bullish,of 2 ratings,$3
EML,$16.24,1441131057555,"35,653",Not yet rated,NULL,N/A
EVBS,$6.5001,1441131057652,"3,000",Not yet rated,NULL,$7
EWBC,$38.75,1441131057702,"320,330",100% bearish,of 1 rating,$50
EBIX,$28.15,1441131057733,"85,663",69% bullish,of 13 ratings,$40
EBAY,$26.535,1441131057761,"5,236,347",81% bullish,of 117 ratings,$34
ELNK,$8.28,1441131057789,"162,307",60% bullish,of 5 ratings,$9.50
EACQU,$10.15,1441131057840,300,Not yet rated,NULL,N/A
ECTE,$1.49,1441131058026,"5,758",75% bullish,of 4 ratings,N/A
ELON,$0.56,1441131058058,"56,574",50% bullish,of 2 ratings,N/A
ECHO,$22.4,1441131058084,"98,626",67% bearish,of 3 ratings,$34.50
ECACU,NULL,1441131058157,0,Not yet rated,NULL,N/A
SATS,$43.85,1441131058256,"43,232",50% bullish,of 2 ratings,$60
ESES,$3.31,1441131058292,880,100% bearish,of 1 rating,$7
EDGW,$7.11,1441131058322,"1,500",100% bearish,of 1 rating,N/A
EDAP,$3.66,1441131058392,"6,900",60% bullish,of 5 ratings,$4.50
EEI,$11.6195,1441131058421,"4,023",67% bearish,of 3 ratings,N/A
EDUC,$6.3001,1441131058451,"24,429",100% bearish,of 1 rating,N/A
EFUT,$4.607,1441131058479,400,Not yet rated,NULL,N/A
EGAN,$3.61,1441131058529,"9,174",50% bullish,of 2 ratings,$6.25
EHTH,$14.2,1441131058660,"54,487",50% bullish,of 4 ratings,$16.50
EMITF,$1.23,1441131058747,858,75% bullish,of 4 ratings,N/A
EGLT,$12.05,1441131058773,"51,229",50% bullish,of 2 ratings,$21
ESLT,$77.25,1441131058902,"6,795",67% bullish,of 3 ratings,N/A
LOCO,$12.859,1441131059005,"318,330",69% bullish,of 13 ratings,$19.50
ELRC,$10.5,1441131059034,"10,713",100% bearish,of 1 rating,N/A
ERI,$9.43,1441131059061,"40,175",100% bearish,of 1 rating,$10
EFII,$42.8,1441131059082,"76,368",80% bullish,of 5 ratings,$55
ESIO,$4.54,1441131059116,"17,938",50% bullish,of 2 ratings,$10
ELSE,NULL,1441131059137,0,60% bullish,of 5 ratings,N/A
ELECU,NULL,1441131059214,0,Not yet rated,NULL,N/A
EA,$63.53,1441131059275,"1,643,108",78% bullish,of 36 ratings,$80
ELECW,NULL,1441131059411,0,Not yet rated,NULL,N/A
EBIO,$3.51,1441131059437,"170,754",100% bearish,of 2 ratings,$8.35
RDEN,$10.85,1441131059502,"48,038",100% bearish,of 4 ratings,$15
ELEC,NULL,1441131059597,0,Not yet rated,NULL,N/A
CAPX,$22.416,1441131059635,200,Not yet rated,NULL,N/A
ELTK,$1.28,1441131059728,"17,956",67% bearish,of 3 ratings,N/A
ESBK,NULL,1441131059754,0,Not yet rated,NULL,N/A
LONG,$16.98,1441131059775,"10,178",67% bullish,of 3 ratings,$15.75
EMMS,$1.16,1441131059815,200,83% bullish,of 6 ratings,N/A
EMCI,$22.62,1441131059910,"7,027",Not yet rated,NULL,N/A
EMCF,$23.48,1441131059940,200,100% bearish,of 1 rating,N/A
EMMSP,NULL,1441131059974,0,100% bearish,of 1 rating,N/A
EMKR,$6.85,1441131060078,"54,679",75% bullish,of 4 ratings,$8.50
NYNY,$4.1985,1441131060103,"5,324",50% bullish,of 2 ratings,N/A
ENTA,$37.59,1441131060128,"80,901",50% bullish,of 2 ratings,$42
ERS,$2.99,1441131060153,"6,115",Not yet rated,NULL,N/A
ECPG,$38.7,1441131060356,"89,216",100% bullish,of 2 ratings,$52
WIRE,$31.62,1441131060453,"43,158",100% bearish,of 1 rating,$37
WATT,$7.225,1441131060483,"59,969",50% bullish,of 2 ratings,$13
EFOI,$23.04,1441131060516,"546,314",50% bullish,of 2 ratings,$24.50
ELGX,$12.8,1441131060538,"132,017",75% bullish,of 4 ratings,$17
ECYT,$5.16,1441131060559,"112,814",83% bullish,of 6 ratings,$12
EIGI,$14.96,1441131060614,"335,929",67% bearish,of 3 ratings,$22.50
ERII,$2.63,1441131060691,"5,538",80% bullish,of 5 ratings,$2.50
ENDP,$74.34,1441131060719,"1,043,383",50% bullish,of 6 ratings,$104
EXXI,$1.79,1441131060856,"690,096",86% bullish,of 7 ratings,$3.50
ENOC,$9.07,1441131060894,"94,895",75% bullish,of 4 ratings,$18
ENPH,$4.51,1441131060922,"303,852",75% bullish,of 4 ratings,$11
ENG,$1.01,1441131060993,"18,500",100% bullish,of 3 ratings,N/A
ESGR,$147.95,1441131061062,"16,009",100% bearish,of 1 rating,$185
ENTG,$13.47,1441131061096,"182,493",100% bearish,of 1 rating,$18
ENTL,$21.15,1441131061195,"16,440",Not yet rated,NULL,$28
ETRM,$0.273,1441131061226,"209,762",69% bearish,of 35 ratings,$1.625
EBTC,$21.26,1441131061325,500,Not yet rated,NULL,N/A
ENFC,$17.49,1441131061358,438,Not yet rated,NULL,N/A
ENVI,$1.82,1441131061379,"3,757",67% bullish,of 3 ratings,N/A
EGT,$2,1441131061409,"2,500",100% bullish,of 1 rating,N/A
EFSC,$23.69,1441131061551,"13,718",Not yet rated,NULL,$27
ENZN,$0.9796,1441131061581,"141,856",100% bullish,of 9 ratings,N/A
ENZY,$9.82,1441131061611,"20,920",67% bullish,of 3 ratings,$9.50
EPIQ,$12.55,1441131061715,"11,573",100% bearish,of 1 rating,$18
EPRS,$5.02,1441131061745,"24,275",82% bullish,of 11 ratings,$15
EQIX,$263.05,1441131061820,"310,254",75% bullish,of 4 ratings,$312.50
PLUS,$74.51,1441131061845,"28,871",50% bullish,of 2 ratings,$88
EPZM,$19.7,1441131061882,"139,669",60% bullish,of 5 ratings,$34
ERIC,$9.56,1441131062022,"1,124,742",67% bullish,of 9 ratings,$12.20
ERIE,$80.8442,1441131062050,"5,480",Not yet rated,NULL,$73
EAC,$3.49,1441131062078,"7,008",100% bearish,of 1 rating,$8
EQFN,$8.07,1441131062104,800,100% bearish,of 1 rating,N/A
ESCA,$17.72,1441131062210,700,100% bearish,of 1 rating,$22
ESCRP,$1.5299,1441131062239,"1,000",100% bearish,of 1 rating,N/A
ESCR,$0.1397,1441131062272,"210,998",50% bullish,of 2 ratings,N/A
ESMC,$1.3801,1441131062365,110,Not yet rated,NULL,N/A
ESPR,$47.77,1441131062393,"523,062",70% bearish,of 10 ratings,$122.50
ESSA,$12.97,1441131062420,"2,800",100% bearish,of 1 rating,N/A
EPIX,$6,1441131062465,362,Not yet rated,NULL,N/A
ESND,$33.78,1441131062649,"42,457",100% bearish,of 2 ratings,$40
ESSX,$0.487,1441131062678,"36,883",50% bullish,of 2 ratings,N/A
ETSY,$14.17,1441131062711,"152,165",80% bullish,of 5 ratings,$16
ESEA,$4.96,1441131062818,420,100% bullish,of 1 rating,$15
EEFT,$62.8,1441131062839,"46,003",100% bearish,of 1 rating,$67.50
EVK,$3.77,1441131062872,890,75% bearish,of 4 ratings,N/A
EVOK,$3.57,1441131062969,"26,925",100% bearish,of 1 rating,$13.375
CLWT,$2.496,1441131063070,300,100% bullish,of 1 rating,N/A
EVOL,$5.9599,1441131063100,"1,900",75% bullish,of 4 ratings,$10
EVEP,$8.65,1441131063133,"141,319",50% bullish,of 2 ratings,$15
EXA,$10.71,1441131063159,"4,147",100% bearish,of 1 rating,$13
EVLV,$2.66,1441131063202,"29,230",60% bullish,of 5 ratings,$4.625
EXAS,$21.84,1441131063236,"374,131",78% bullish,of 9 ratings,$31
EXEL,$5.545,1441131063332,"3,983,553",81% bullish,of 16 ratings,$6
EXAC,$19.05,1441131063361,"14,853",100% bearish,of 1 rating,$22.50
EXPE,$111.19,1441131063548,"598,841",64% bullish,of 11 ratings,$130
EXLS,$36,1441131063621,"42,650",50% bullish,of 2 ratings,$41
EXFO,$3,1441131063677,391,67% bearish,of 3 ratings,$3.95
EXPD,$48.375,1441131063724,"579,675",80% bullish,of 5 ratings,$52
EXLP,$20.57,1441131063810,"52,448",100% bearish,of 1 rating,$25
ESRX,$81.962,1441131063839,"1,977,165",67% bearish,of 6 ratings,$101
EXPO,$42.26,1441131063860,"21,163",100% bearish,of 1 rating,$45.50
EXTR,$2.985,1441131063894,"417,744",80% bullish,of 5 ratings,$3
EYEGW,$1.06,1441131063994,"1,800",Not yet rated,NULL,N/A
EYEG,$3.78,1441131064047,"18,419",Not yet rated,NULL,N/A
FB,$87.5438,1441131064078,"13,865,473",73% bullish,of 1072 ratings,$111
EZCH,$22.72,1441131064100,"62,029",75% bullish,of 8 ratings,$19.50
EZPW,$6.36,1441131064182,"125,982",50% bullish,of 4 ratings,$7
FCS,$13.33,1441131064228,"180,346",67% bearish,of 3 ratings,$17
FFIV,$118.82,1441131064255,"369,881",63% bullish,of 8 ratings,$132
FWM,$2.2,1441131064427,"56,297",100% bearish,of 2 ratings,$3.20
FALC,$1.72,1441131064536,"16,500",63% bearish,of 8 ratings,N/A
DAVE,$14.3,1441131064562,"4,429",100% bearish,of 1 rating,$15.50
FRP,$15.93,1441131064588,"19,641",100% bearish,of 1 rating,$18
FFKT,$25.84,1441131064618,"4,320",Not yet rated,NULL,$29
FARM,$22.38,1441131064639,"24,245",100% bearish,of 1 rating,$35
FMNB,$8.23,1441131064672,"2,416",Not yet rated,NULL,N/A
FARO,$38.305,1441131064722,"37,946",50% bullish,of 2 ratings,$48
FATE,$6.54,1441131064881,"10,260",50% bullish,of 2 ratings,$11
FAST,$37.497,1441131064913,"708,977",80% bullish,of 5 ratings,$45.50
FBSS,$15.8,1441131064965,274,Not yet rated,NULL,N/A
FBRC,$21.93,1441131064991,"27,440",100% bearish,of 1 rating,$29
FDML,$9.14,1441131065021,"124,329",50% bullish,of 4 ratings,$14
FNHC,$21.55,1441131065120,"24,697",100% bearish,of 1 rating,$35
FEIC,$73.9,1441131065253,"60,969",50% bullish,of 2 ratings,$95.50
FHCO,$1.43,1441131065281,"11,012",50% bullish,of 4 ratings,N/A
FENX,$9.89,1441131065309,"28,175",100% bullish,of 1 rating,$14.25
FCSC,$5.46,1441131065331,"34,162",100% bearish,of 1 rating,$8.125
FGEN,$23.045,1441131065356,"93,785",100% bearish,of 1 rating,$39
LION,$18.7,1441131065515,"64,733",100% bullish,of 1 rating,$20
ONEQ,$183.672,1441131065621,"10,740",100% bullish,of 1 rating,N/A
FSCFL,$24.74,1441131065655,"3,707",Not yet rated,NULL,N/A
FSC,$6.555,1441131065684,"352,436",60% bullish,of 5 ratings,$8
FDUS,$14.7,1441131065706,"11,454",50% bullish,of 2 ratings,$18
FSAM,$8.2,1441131065769,"3,268",100% bearish,of 1 rating,$10.25
FSFR,$8.81,1441131065791,"17,270",100% bearish,of 1 rating,$11.50
FRGI,$50.4,1441131065821,"48,520",50% bullish,of 2 ratings,$70
FITB,$19.22,1441131065954,"3,173,994",54% bullish,of 13 ratings,$22
FISI,$24.6,1441131066019,"9,046",100% bullish,of 2 ratings,$24.50
FITBI,$27.4501,1441131066045,"2,648",Not yet rated,NULL,N/A
FNGN,$31.13,1441131066091,"173,837",67% bullish,of 3 ratings,$47
FNTC,NULL,1441131066309,0,Not yet rated,NULL,N/A
FNSR,$15.27,1441131066343,"225,111",71% bullish,of 7 ratings,$24
FNTCU,NULL,1441131066371,0,Not yet rated,NULL,N/A
FNJN,$1.7882,1441131066392,"25,321",100% bearish,of 1 rating,$5
FNTCW,NULL,1441131066441,0,Not yet rated,NULL,N/A
FNLC,$18.54,1441131066471,"4,226",100% bullish,of 1 rating,N/A
FRBA,$6.03,1441131066538,"2,638",Not yet rated,NULL,$8
FEYE,$36.9699,1441131066571,"1,224,046",88% bullish,of 16 ratings,$55.50
FBNC,$16.56,1441131066599,"5,326",100% bullish,of 1 rating,$20
BUSE,$6.3,1441131066624,"63,731",Not yet rated,NULL,$6.875
FBIZ,$22.08,1441131066773,"11,670",100% bearish,of 2 ratings,$26
FCVA,$4.8,1441131066969,835,Not yet rated,NULL,N/A
FCAP,$26.5,1441131066996,200,Not yet rated,NULL,N/A
FCNCA,$227.93,1441131067017,"1,977",Not yet rated,NULL,N/A
FCFS,$39.64,1441131067049,"51,866",100% bearish,of 3 ratings,$47
FCLF,$9.19,1441131067071,"1,500",Not yet rated,NULL,N/A
FCCO,$12.25,1441131067099,"14,494",Not yet rated,NULL,$13.25
FCFP,$6.9001,1441131067254,"2,800",Not yet rated,NULL,N/A
FCBC,$17.39,1441131067298,"3,361",Not yet rated,NULL,$18
FFNM,$6.39,1441131067326,200,Not yet rated,NULL,N/A
FFBC,$17.95,1441131067359,"58,255",67% bearish,of 3 ratings,$20.25
FBNK,$16.55,1441131067380,"11,024",100% bearish,of 1 rating,$17.50
FDEF,$36.49,1441131067412,"8,733",Not yet rated,NULL,$38
FFBCW,NULL,1441131067468,0,100% bearish,of 1 rating,N/A
FFIN,$29.89,1441131067643,"47,925",50% bullish,of 2 ratings,$31.75
THFF,$32.49,1441131067672,"8,297",Not yet rated,NULL,$35
FFWM,$21.05,1441131067693,"4,274",Not yet rated,NULL,$24
FFNW,$12.18,1441131067727,"15,272",Not yet rated,NULL,$14
FIBK,$26,1441131067825,"57,458",Not yet rated,NULL,$32
INBK,$30.8,1441131067957,"9,056",50% bullish,of 2 ratings,$37
FMBI,$16.87,1441131068032,"126,022",Not yet rated,NULL,$20
FNBC,$34.17,1441131068064,"21,465",Not yet rated,NULL,$40
FNFG,$8.9101,1441131068115,"999,673",80% bullish,of 5 ratings,$9
FNWB,$11.957,1441131068148,"5,390",Not yet rated,NULL,N/A
FSFG,$30.94,1441131068169,100,Not yet rated,NULL,N/A
FRME,$25.61,1441131068204,"103,806",Not yet rated,NULL,$26.50
FMBH,NULL,1441131068232,0,Not yet rated,NULL,N/A
FSGI,$2.48,1441131068259,"2,244",Not yet rated,NULL,N/A
FSLR,$47.95,1441131068390,"711,588",72% bullish,of 39 ratings,$65
FSBK,$7.69,1441131068420,500,100% bullish,of 1 rating,N/A
BICK,NULL,1441131068525,0,100% bullish,of 1 rating,N/A
FBZ,NULL,1441131068550,0,Not yet rated,NULL,N/A
FTCS,$35.5,1441131068682,"7,468",100% bearish,of 1 rating,N/A
IFV,$17.3544,1441131068710,"306,552",100% bearish,of 1 rating,N/A
FCA,$18.76,1441131068739,"4,850",Not yet rated,NULL,N/A
FEMB,NULL,1441131068841,0,Not yet rated,NULL,N/A
FV,$22.7683,1441131068874,"1,646,279",100% bearish,of 1 rating,N/A
FCAN,$24.22,1441131068902,150,Not yet rated,NULL,N/A
FEUZ,$30.5139,1441131068933,"1,624",Not yet rated,NULL,N/A
TDIV,$24.21,1441131068958,"46,666",100% bearish,of 1 rating,N/A
FTSM,$59.96,1441131068986,"29,815",100% bearish,of 1 rating,N/A
FGM,$34.985,1441131069036,"10,211",Not yet rated,NULL,N/A
MDIV,$18.9999,1441131069141,"101,409",Not yet rated,NULL,N/A
FTGC,$22.37,1441131069173,"36,468",Not yet rated,NULL,N/A
FTHI,$18.94,1441131069271,226,Not yet rated,NULL,N/A
HYLS,$49.4899,1441131069297,"15,023",100% bearish,of 1 rating,N/A
SKYY,$28.2386,1441131069424,"52,375",100% bullish,of 1 rating,N/A
YDIV,$16.277,1441131069449,"2,569",Not yet rated,NULL,N/A
FPXI,$26.49,1441131069526,300,Not yet rated,NULL,N/A
PLTM,$6.1901,1441131069553,"2,716",100% bearish,of 1 rating,N/A
FHK,$32.37,1441131069583,"2,824",Not yet rated,NULL,N/A
CU,$12.5925,1441131069612,"4,240",100% bearish,of 1 rating,N/A
LMBS,$50.27,1441131069689,600,Not yet rated,NULL,N/A
FTLB,$18.9971,1441131069721,"1,760",100% bearish,of 1 rating,N/A
FMB,$51.1743,1441131069746,402,Not yet rated,NULL,N/A
QABA,$36.492,1441131069785,"11,284",100% bearish,of 1 rating,N/A
FJP,$44.9027,1441131069813,"12,336",Not yet rated,NULL,N/A
FONE,NULL,1441131069880,0,Not yet rated,NULL,N/A
CARZ,$33.87,1441131070091,"1,675",100% bearish,of 1 rating,N/A
GRID,$31.16,1441131070123,320,100% bearish,of 1 rating,N/A
CIBR,$17.3645,1441131070145,"43,356",Not yet rated,NULL,N/A
QQEW,$40.769,1441131070184,"72,667",Not yet rated,NULL,N/A
AIRR,$16.3258,1441131070222,"2,463",100% bearish,of 1 rating,N/A
QCLN,$14.83,1441131070277,"12,129",Not yet rated,NULL,N/A
RDVY,$20.63,1441131070307,"2,145",Not yet rated,NULL,N/A
QQXT,$39.3627,1441131070328,"10,545",Not yet rated,NULL,N/A
QTEC,$39.2395,1441131070410,"16,737",Not yet rated,NULL,N/A
FTSL,$48.83,1441131070459,"23,984",100% bearish,of 1 rating,N/A
FDIV,$46.5375,1441131070505,200,100% bearish,of 1 rating,N/A
FKO,$22.33,1441131070534,300,Not yet rated,NULL,N/A
QINC,$20.02,1441131070591,100,Not yet rated,NULL,N/A
FTW,$30.92,1441131070633,100,Not yet rated,NULL,N/A
FSZ,$38.5,1441131070723,"8,369",Not yet rated,NULL,N/A
TUSA,NULL,1441131070775,0,Not yet rated,NULL,N/A
FUNC,NULL,1441131070855,0,Not yet rated,NULL,N/A
FKU,$40.62,1441131070880,"11,715",Not yet rated,NULL,N/A
SVVC,$9.24,1441131070905,"10,654",50% bullish,of 2 ratings,$26
FIVE,$37.2152,1441131071047,"519,894",75% bearish,of 4 ratings,$44
FISV,$83.11,1441131071075,"339,297",100% bearish,of 3 ratings,$90
FLML,$21.59,1441131071111,"67,431",50% bullish,of 2 ratings,$30
FPRX,$18.43,1441131071140,"148,513",50% bullish,of 2 ratings,$35
FIVN,$4.02,1441131071225,"65,983",100% bullish,of 1 rating,$8.50
FLKS,$11.75,1441131071256,"15,033",50% bullish,of 2 ratings,$27
FSV,$31.38,1441131071303,"14,800",Not yet rated,NULL,$33.60
FLXN,$24.64,1441131071385,"44,872",100% bearish,of 1 rating,$40
SKOR,$50.76,1441131071416,800,Not yet rated,NULL,N/A
FMER,$17.215,1441131071437,"502,285",50% bullish,of 2 ratings,$20
MBSD,$25.14,1441131071518,408,Not yet rated,NULL,N/A
FLEX,$10.27,1441131071702,"871,823",63% bullish,of 8 ratings,$12
FLDM,$11.655,1441131071737,"121,542",67% bearish,of 3 ratings,$15
FLIR,$28.1,1441131071763,"330,355",100% bearish,of 2 ratings,$38.50
FLXS,$30.51,1441131071796,"9,893",100% bearish,of 2 ratings,N/A
FOGO,$19.2625,1441131071827,"41,403",50% bullish,of 2 ratings,$25.50
FOMX,$9.97,1441131071856,"45,392",50% bullish,of 2 ratings,$23.50
FONR,$9.52,1441131071890,"1,885",100% bullish,of 1 rating,N/A
FFIC,$19.3,1441131071924,"21,551",Not yet rated,NULL,$20.50
FES,$0.93,1441131071990,"5,850",50% bullish,of 2 ratings,$1
FORM,$6.59,1441131072154,"85,663",67% bullish,of 3 ratings,$10.50
FORR,$31.02,1441131072180,"12,375",Not yet rated,NULL,N/A
FORTY,$29.65,1441131072205,238,100% bearish,of 1 rating,N/A
FTNT,$40.845,1441131072346,"468,545",80% bullish,of 10 ratings,$52
FWP,$26.04,1441131072475,"7,303",100% bearish,of 1 rating,$45
FOSL,$60.15,1441131072505,"337,352",60% bearish,of 5 ratings,$80
FBIO,$2.66,1441131072527,"26,663",83% bullish,of 6 ratings,N/A
FMI,$22.94,1441131072548,"73,380",100% bearish,of 2 ratings,$27.50
FORD,$1.69,1441131072569,"2,811,766",67% bullish,of 3 ratings,N/A
FWRD,$44.13,1441131072617,"62,698",100% bearish,of 1 rating,$50
FXCB,$17.19,1441131072704,"8,763",Not yet rated,NULL,$19
FOXF,$15.05,1441131072732,"25,651",100% bearish,of 1 rating,$19
FELE,$27.89,1441131072863,"117,499",50% bullish,of 4 ratings,$33
FRED,$12.87,1441131072890,"62,601",50% bullish,of 2 ratings,$15.50
FREE,$0.3836,1441131072916,"220,343",92% bullish,of 12 ratings,N/A
FRAN,$11.1775,1441131072942,"181,433",50% bullish,of 4 ratings,$15
FTR,$5.02,1441131073166,"5,413,159",78% bullish,of 27 ratings,$6.25
FRPT,$12.855,1441131073196,"126,482",67% bearish,of 3 ratings,$23.50
FRPH,$30.97,1441131073250,"1,301",100% bearish,of 1 rating,N/A
FSBW,$22.99,1441131073282,800,Not yet rated,NULL,N/A
FTD,$29.9,1441131073311,"37,163",100% bearish,of 1 rating,$40
FEIM,$10.92,1441131073337,"3,500",100% bearish,of 1 rating,N/A
FSYS,$6.66,1441131073366,"111,415",67% bullish,of 3 ratings,$10
RAIL,$21.01,1441131073397,"35,041",100% bearish,of 1 rating,$24.50
FTRPR,$100.2001,1441131073503,"1,500",100% bearish,of 1 rating,N/A
FTEK,$2,1441131073565,"64,869",75% bullish,of 4 ratings,N/A
FCEL,$0.8705,1441131073607,"1,996,475",88% bullish,of 41 ratings,$2.65
FLL,$1.49,1441131073743,462,75% bullish,of 4 ratings,$3.50
FULL,$3.12,1441131073805,"16,136",67% bearish,of 3 ratings,$4.25
FULT,$11.75,1441131073833,"221,917",100% bearish,of 1 rating,$13
FSNN,$2.1,1441131073874,"1,075",67% bullish,of 3 ratings,$6
FULLL,$24.99,1441131073909,770,Not yet rated,NULL,N/A
FFHL,$0.9703,1441131073930,"1,480",50% bullish,of 4 ratings,N/A
FXENP,$15.86,1441131074002,"1,067",100% bearish,of 1 rating,N/A
FXEN,$0.98,1441131074029,"25,859",75% bullish,of 4 ratings,$1.10
GK,$65.8,1441131074058,"20,256",Not yet rated,NULL,$78
WILC,$4.9899,1441131074239,154,100% bullish,of 2 ratings,N/A
GAIA,$6.02,1441131074265,"3,200",50% bullish,of 2 ratings,$8.50
GLPG,$58.85,1441131074294,"11,535",100% bullish,of 1 rating,$75
GALT,$2.22,1441131074398,"21,667",80% bullish,of 5 ratings,N/A
GALTU,NULL,1441131074423,0,100% bearish,of 1 rating,N/A
GALTW,NULL,1441131074453,0,100% bullish,of 1 rating,N/A
GLPI,$30.605,1441131074567,"354,833",100% bearish,of 1 rating,$37.50
GLMD,$8.17,1441131074593,"11,756",67% bullish,of 3 ratings,$20.50
GRMN,$36.8,1441131074619,"399,915",50% bullish,of 6 ratings,$46.50
GGAC,NULL,1441131074665,0,100% bearish,of 1 rating,N/A
GGACR,$0.26,1441131074753,200,100% bullish,of 1 rating,N/A
GALE,$1.61,1441131074796,"1,208,678",89% bullish,of 47 ratings,$4
GGACU,$10.22,1441131074886,100,Not yet rated,NULL,N/A
GPIC,$9.5,1441131074924,786,100% bearish,of 1 rating,N/A
GARS,$14.47,1441131074952,"14,110",Not yet rated,NULL,$16
GGACW,$0.15,1441131074973,"1,263",Not yet rated,NULL,N/A
GFNSL,$25.4,1441131075379,"1,200",Not yet rated,NULL,N/A
GFNCP,$91.475,1441131075407,800,Not yet rated,NULL,N/A
GFN,$3.66,1441131075438,"4,000",100% bearish,of 2 ratings,$8
GENE,$2.345,1441131075460,"125,779",100% bullish,of 12 ratings,N/A
GENC,$9.0134,1441131075481,620,100% bearish,of 1 rating,N/A
GNMK,$9.93,1441131075503,"42,687",67% bullish,of 6 ratings,$14
GNCMA,$16.46,1441131075545,"52,185",100% bearish,of 1 rating,$12
GHDX,$26.28,1441131075649,"87,510",50% bullish,of 2 ratings,$30
GNCA,$11.43,1441131075680,"61,440",100% bearish,of 1 rating,$20
GNVC,$2.32,1441131075701,"17,664",90% bullish,of 10 ratings,$8.50
THRM,$44.65,1441131075745,"98,337",75% bearish,of 4 ratings,$55.50
GTWN,NULL,1441131075770,0,Not yet rated,NULL,N/A
GEOS,$17.49,1441131075947,"45,571",100% bearish,of 3 ratings,$21
GNTX,$15.235,1441131075984,"682,863",Not yet rated,NULL,$20
GERN,$2.985,1441131076052,"786,554",88% bullish,of 16 ratings,$5.25
GABC,$28.56,1441131076077,"6,458",Not yet rated,NULL,$31
ROCK,$16.03,1441131076102,"188,784",80% bullish,of 5 ratings,$24
GEVO,$2.4,1441131076130,"177,060",75% bullish,of 12 ratings,$5
GIII,$67.09,1441131076262,"157,993",67% bullish,of 3 ratings,$75
GILT,$4.121,1441131076290,"3,430",50% bullish,of 2 ratings,N/A
GILD,$102.73,1441131076350,"4,062,680",91% bullish,of 87 ratings,$129
GIGM,$0.53,1441131076423,"10,598",100% bullish,of 2 ratings,N/A
GBCI,$25.15,1441131076495,"115,491",50% bullish,of 2 ratings,$31
GLAD,$8.838,1441131076526,"129,068",50% bullish,of 2 ratings,$8.75
GIGA,$1.47,1441131076579,"146,104",100% bearish,of 1 rating,N/A
GLADO,$25.55,1441131076605,100,Not yet rated,NULL,N/A
GOOD,$14.39,1441131076635,"32,359",Not yet rated,NULL,$19
GOODN,$25.61,1441131076733,300,Not yet rated,NULL,N/A
GOODO,$25,1441131076825,1,Not yet rated,NULL,N/A
GOODP,$25.2,1441131076862,942,Not yet rated,NULL,N/A
GAIN,$7.35,1441131076890,"56,644",100% bullish,of 2 ratings,$8.25
GAINN,$24.88,1441131076960,"18,824",Not yet rated,NULL,N/A
GAINP,$25.85,1441131077021,501,Not yet rated,NULL,N/A
GAINO,$25.17,1441131077053,842,Not yet rated,NULL,N/A
GLBZ,$11.25,1441131077157,457,Not yet rated,NULL,N/A
GBT,$49.33,1441131077239,"39,765",100% bearish,of 1 rating,N/A
ENT,$11.05,1441131077290,"199,834",100% bearish,of 1 rating,$18
LAND,$9.0324,1441131077316,"42,040",50% bullish,of 2 ratings,$13.75
GPACU,NULL,1441131077350,0,Not yet rated,NULL,N/A
GBLI,$26.92,1441131077371,"9,142",Not yet rated,NULL,N/A
GDEF,$10.54,1441131077447,678,Not yet rated,NULL,N/A
GSOL,$8.31,1441131077500,"14,458",100% bearish,of 1 rating,N/A
ACTX,NULL,1441131077531,0,100% bullish,of 1 rating,N/A
SOCL,$17.13,1441131077629,"13,124",100% bullish,of 2 ratings,N/A
ALTY,$14.31,1441131077719,200,Not yet rated,NULL,N/A
QQQC,$18.427,1441131077749,"3,610",100% bearish,of 1 rating,N/A
YLCO,$11.6199,1441131077792,"1,363",Not yet rated,NULL,N/A
GAI,$6.8,1441131077847,"17,288",50% bullish,of 2 ratings,N/A
SRET,$12.855,1441131077875,507,Not yet rated,NULL,N/A
GSM,$13.41,1441131077922,"263,628",50% bullish,of 2 ratings,$22
GBIM,$2.58,1441131077948,"7,253",50% bullish,of 2 ratings,N/A
GLBS,NULL,1441131078013,0,67% bullish,of 3 ratings,N/A
GLRI,$1.1,1441131078088,"1,880",100% bearish,of 1 rating,$4.25
GLUU,$4.32,1441131078116,"682,670",92% bullish,of 26 ratings,$9
GLNG,$38.35,1441131078284,"382,147",83% bullish,of 6 ratings,$55.50
GMLP,$19.67,1441131078343,"57,895",50% bullish,of 4 ratings,$29
GLYC,$7.03,1441131078372,"6,668",50% bullish,of 2 ratings,$14
GOGO,$15.48,1441131078413,"210,009",80% bullish,of 5 ratings,$25
GLDC,$3.97,1441131078442,"4,260",50% bullish,of 2 ratings,N/A
GOGL,$3.02,1441131078463,"58,492",75% bullish,of 4 ratings,$5
GDEN,$9.04,1441131078499,"1,200",50% bullish,of 2 ratings,N/A
GBDC,$17.03,1441131078526,"164,984",Not yet rated,NULL,$17.75
GOOG,$600.3345,1441131078607,"961,693",88% bullish,of 72 ratings,$825
GOOGL,$631.77,1441131078677,"553,229",88% bullish,of 1082 ratings,$749
GMAN,$3.725,1441131078736,"13,602",60% bullish,of 5 ratings,$8.50
GPRO,$43.08,1441131078764,"6,814,138",78% bullish,of 58 ratings,$72
GPIA,NULL,1441131078809,0,100% bearish,of 1 rating,N/A
GTIM,$6.63,1441131078834,"14,086",Not yet rated,NULL,$11.50
GPIAU,NULL,1441131079043,0,Not yet rated,NULL,N/A
GPIAW,NULL,1441131079074,0,Not yet rated,NULL,N/A
LOPE,$36.73,1441131079109,"120,870",100% bearish,of 2 ratings,$50
GRVY,$3.29,1441131079135,"8,100",50% bullish,of 2 ratings,N/A
GBSN,$0.2961,1441131079160,"2,697,209",50% bullish,of 2 ratings,$8.25
GBSNU,NULL,1441131079188,0,NULL,NULL,NULL
GLDD,$5.31,1441131079288,"55,425",100% bearish,of 4 ratings,$7.75
GSBC,$40,1441131079383,"12,400",100% bullish,of 1 rating,$44
GNBC,$11.75,1441131079416,"4,223",100% bearish,of 1 rating,$16.50
GPP,$14.19,1441131079448,"21,298",Not yet rated,NULL,$20.50
GRBK,$11.74,1441131079486,"72,183",77% bullish,of 13 ratings,N/A
GLRE,$25.1,1441131079555,"85,023",50% bullish,of 2 ratings,$41
GCBC,$28.497,1441131079615,456,100% bullish,of 1 rating,N/A
GPRE,$20.63,1441131079697,"207,503",67% bullish,of 6 ratings,$28.50
GRPN,$4.31,1441131079772,"2,430,302",61% bullish,of 71 ratings,$6.75
GRIF,NULL,1441131079843,0,100% bearish,of 1 rating,N/A
GRFS,$29.86,1441131079868,"170,564",50% bullish,of 2 ratings,$35
GGAL,$18.92,1441131079906,"105,844",80% bullish,of 5 ratings,$40
OMAB,$40.7,1441131079931,"12,530",100% bullish,of 1 rating,$44
GSIG,$12.66,1441131080106,"6,007",100% bearish,of 2 ratings,N/A
GSVC,$8.73,1441131080148,"29,344",50% bullish,of 2 ratings,$15.75
GBNK,$15.6325,1441131080178,"7,883",100% bearish,of 1 rating,$18
GFED,NULL,1441131080240,0,Not yet rated,NULL,$17
GTXI,$0.87,1441131080267,"4,150",100% bullish,of 5 ratings,$.75
GSIT,$4.62,1441131080288,"10,954",100% bearish,of 1 rating,N/A
GUID,$6.85,1441131080321,"47,798",100% bearish,of 3 ratings,$10
GULTU,$0.3325,1441131080506,"16,110",100% bearish,of 1 rating,N/A
GWPH,$104.32,1441131080576,"81,043",78% bullish,of 9 ratings,$148.50
GIFI,$12.8,1441131080608,"19,976",100% bearish,of 1 rating,$16
GPOR,$34.77,1441131080660,"640,612",75% bullish,of 4 ratings,$54
GYRO,$28.57,1441131080735,"78,954",100% bearish,of 1 rating,N/A
GURE,$1.7,1441131080765,"7,245",88% bullish,of 8 ratings,N/A
GWGH,$8.15,1441131080797,200,100% bearish,of 1 rating,$15.05
HLG,$9,1441131080864,"10,262",100% bearish,of 1 rating,N/A
HEES,$19.37,1441131080892,"166,038",67% bearish,of 3 ratings,$31
HALO,$16.88,1441131080947,"348,169",67% bullish,of 3 ratings,$22.50
HBK,$13.6,1441131081046,"1,553",50% bullish,of 2 ratings,N/A
HALL,$11.39,1441131081075,"6,162",Not yet rated,NULL,N/A
HBHC,$26.785,1441131081111,"187,855",50% bullish,of 2 ratings,$30
HNRG,$7.69,1441131081212,"31,321",100% bearish,of 1 rating,$10
HMPR,$1.84,1441131081237,"11,500",100% bullish,of 1 rating,N/A
HBHCL,$24.28,1441131081368,"20,682",Not yet rated,NULL,N/A
HAFC,$23.47,1441131081497,"54,875",100% bullish,of 2 ratings,$28.50
HQCL,$12.59,1441131081527,"14,771",67% bullish,of 3 ratings,$14
HNSN,$0.5373,1441131081548,"34,030",88% bullish,of 8 ratings,$.40
HDNG,$10.0989,1441131081569,"6,040",50% bullish,of 4 ratings,N/A
HNH,$24.4,1441131081609,"10,683",100% bullish,of 1 rating,N/A
HRMNW,NULL,1441131081704,0,Not yet rated,NULL,N/A
HRMNU,NULL,1441131081787,0,Not yet rated,NULL,N/A
TINY,$2.44,1441131081848,"16,810",50% bullish,of 2 ratings,$5.26
HBIO,$4.307,1441131081876,"13,701",100% bearish,of 1 rating,$10
HLIT,$5.68,1441131081904,"78,240",100% bearish,of 1 rating,$6.50
HART,$1.31,1441131081925,"182,784",100% bearish,of 1 rating,N/A
HRMN,NULL,1441131081957,0,Not yet rated,NULL,N/A
HCAP,$12.14,1441131082085,"9,342",50% bullish,of 2 ratings,$15
HCAPL,NULL,1441131082243,0,Not yet rated,NULL,N/A
HAS,$72.72,1441131082271,"390,404",63% bullish,of 8 ratings,$84.50
HWKN,$37.89,1441131082293,"14,613",Not yet rated,NULL,N/A
HCOM,$21.71,1441131082327,"2,605",100% bearish,of 1 rating,$28
HA,$22.51,1441131082349,"216,710",67% bullish,of 9 ratings,$27
HWBK,NULL,1441131082423,0,100% bearish,of 1 rating,N/A
HAYN,$37.8,1441131082555,"12,488",100% bearish,of 1 rating,$59
HQY,$29.08,1441131082586,"65,673",67% bullish,of 3 ratings,$35
HIIQ,$4.865,1441131082615,"22,440",50% bullish,of 2 ratings,$7
HCSG,$33.005,1441131082643,"103,091",50% bullish,of 4 ratings,$35
HWAY,$11.78,1441131082784,"111,174",100% bearish,of 1 rating,$15
HTLD,$19.87,1441131082855,"203,612",Not yet rated,NULL,$22.50
HDS,$31.92,1441131082880,"658,880",100% bearish,of 2 ratings,$39.50
HTWR,$82.76,1441131083016,"50,796",50% bullish,of 2 ratings,$103
HSTM,$24.07,1441131083047,"27,969",50% bullish,of 2 ratings,$33.75
HTLF,$35.48,1441131083068,"9,075",100% bullish,of 1 rating,$39.50
HSII,$19.58,1441131083123,"19,364",100% bullish,of 3 ratings,$25
HTBX,$3.9801,1441131083152,"135,865",50% bullish,of 2 ratings,$15.50
HELE,$82.69,1441131083213,"69,205",67% bearish,of 3 ratings,$100
HMNY,NULL,1441131083249,0,100% bearish,of 1 rating,N/A
HMTV,$13.35,1441131083352,"13,678",100% bearish,of 1 rating,$16
HCACU,NULL,1441131083418,0,Not yet rated,NULL,N/A
HNNA,$24.7,1441131083450,"2,277",Not yet rated,NULL,N/A
HSIC,$133.29,1441131083476,"124,868",83% bullish,of 6 ratings,$146
HTBK,$10.29,1441131083551,"42,818",Not yet rated,NULL,$12
HERO,NULL,1441131083607,0,NULL,NULL,NULL
HFWA,$17.29,1441131083688,"20,023",100% bullish,of 1 rating,$20
HEOP,$7.68,1441131083747,"8,177",Not yet rated,NULL,$8.50
MLHR,$26.43,1441131083791,"70,245",50% bullish,of 2 ratings,$33.50
HRTX,$36.53,1441131083824,"921,030",57% bullish,of 7 ratings,$41
HCCI,$11.47,1441131083849,"18,855",100% bearish,of 1 rating,$16.50
HSKA,$33.915,1441131083920,"10,329",100% bearish,of 1 rating,$38
HFFC,$15.87,1441131084102,702,Not yet rated,NULL,N/A
HPJ,$2.19,1441131084152,"7,331",75% bullish,of 4 ratings,$12.43
HIBB,$39.01,1441131084182,"88,185",100% bearish,of 1 rating,$46.50
HIHO,$4.125,1441131084232,"18,009",Not yet rated,NULL,N/A
HIFS,$116.03,1441131084287,"1,000",Not yet rated,NULL,N/A
HSGX,$6.04,1441131084313,"3,132",100% bearish,of 1 rating,$17
HMNF,$11.689,1441131084338,"1,101",Not yet rated,NULL,N/A
HIMX,$6.67,1441131084365,"568,073",86% bullish,of 21 ratings,$8.50
HMSY,$9.87,1441131084509,"292,789",67% bullish,of 3 ratings,$19.35
HOLX,$37.39,1441131084572,"1,151,688",50% bullish,of 4 ratings,$42
HOMB,$36.74,1441131084609,"38,728",Not yet rated,NULL,$42
HOLI,$16.82,1441131084703,"100,523",50% bullish,of 4 ratings,$27
HFBL,$21.647,1441131084736,"1,298",Not yet rated,NULL,N/A
HBCP,$24.73,1441131084765,429,Not yet rated,NULL,$29
AWAY,$27.95,1441131084786,"306,599",67% bullish,of 3 ratings,$36
HMIN,$25.76,1441131084837,"73,400",100% bearish,of 2 ratings,$35
HKTV,$4.356,1441131084964,"27,650",100% bearish,of 1 rating,N/A
HTBI,$18.045,1441131084990,"82,980",67% bullish,of 3 ratings,$18.625
CETC,$0.7372,1441131085167,"49,698",86% bullish,of 7 ratings,N/A
HZNP,$28.905,1441131085188,"645,589",85% bullish,of 20 ratings,$40
HFBC,$11.37,1441131085226,"25,502",Not yet rated,NULL,N/A
HMST,$21.74,1441131085265,"77,209",100% bullish,of 2 ratings,$27
HBNC,$23.6,1441131085317,"13,585",100% bullish,of 1 rating,$27
HOFT,$23.56,1441131085345,"19,805",100% bearish,of 1 rating,N/A
HDP,$23.07,1441131085374,"91,607",67% bearish,of 3 ratings,$30.50
HRZN,$10.47,1441131085417,"11,837",50% bullish,of 2 ratings,$14.25
HMHC,$22.42,1441131085504,"837,074",Not yet rated,NULL,$27
ZINC,$7.79,1441131085557,"272,901",100% bearish,of 1 rating,$17
HOVNP,$4.07,1441131085645,"1,600",100% bearish,of 1 rating,N/A
HWCC,$7.43,1441131085712,"103,864",100% bearish,of 1 rating,$9
HSNI,$59.59,1441131085810,"89,516",Not yet rated,NULL,$80
HTGM,$5.88,1441131085835,"1,900",100% bearish,of 1 rating,$19.50
HUBG,$37.05,1441131085895,"60,510",100% bearish,of 1 rating,$43
HBMD,$14.4,1441131085925,"2,400",100% bearish,of 1 rating,N/A
HSON,$2.6399,1441131086004,"3,020",100% bearish,of 1 rating,$5
HCBK,$8.8799,1441131086032,"1,026,399",83% bullish,of 6 ratings,$8.61
HDSN,$3.13,1441131086063,"1,552",100% bullish,of 1 rating,$6.25
HBAN,$10.505,1441131086110,"2,351,352",76% bullish,of 17 ratings,$12.29
HURN,$70.93,1441131086200,"138,332",50% bullish,of 2 ratings,$80
HBANP,NULL,1441131086250,0,100% bearish,of 1 rating,N/A
HTCH,$1.41,1441131086304,"148,801",100% bearish,of 1 rating,$3.50
HURC,$29.95,1441131086380,"3,739",100% bearish,of 1 rating,N/A
HDRA,NULL,1441131086405,0,Not yet rated,NULL,N/A
HDRAU,$0.05,1441131086538,0,Not yet rated,NULL,N/A
HYGS,$9.0499,1441131086572,"11,406",50% bullish,of 2 ratings,$13
HDRAR,NULL,1441131086602,0,Not yet rated,NULL,N/A
HDRAW,NULL,1441131086623,0,Not yet rated,NULL,N/A
IDSY,$3.73,1441131086656,"7,000",100% bearish,of 1 rating,$7
IACI,$69.16,1441131086681,"307,318",80% bullish,of 5 ratings,$90
HBP,$3.1397,1441131086710,"2,280",100% bullish,of 1 rating,N/A
IKGH,$1.44,1441131086843,"43,430",75% bullish,of 4 ratings,N/A
IBKC,$58.8,1441131086874,"64,511",100% bullish,of 1 rating,$70
ICAD,$3.71,1441131086900,"7,580",100% bullish,of 2 ratings,$7.25
ICFI,$33.4,1441131086975,"87,740",50% bullish,of 2 ratings,$48.50
ICLR,$75.04,1441131087138,"139,362",100% bearish,of 3 ratings,$85
ICUI,$110.8,1441131087202,"31,956",Not yet rated,NULL,$122
ICON,$13.23,1441131087232,"281,290",50% bullish,of 2 ratings,$28
IDXX,$70.52,1441131087306,"267,996",100% bearish,of 1 rating,$76
INVE,$4.68,1441131087338,"20,077",75% bullish,of 4 ratings,$4
IEP,$70.92,1441131087366,"32,509",75% bullish,of 4 ratings,$99
IPWR,$7.19,1441131087394,800,100% bullish,of 1 rating,$15
IDRA,$2.925,1441131087439,"630,292",89% bullish,of 9 ratings,$6.50
DSKY,$10.98,1441131087527,"15,778",67% bullish,of 6 ratings,$11.50
IROQ,$16.97,1441131087580,600,100% bullish,of 1 rating,N/A
RXDX,$13.52,1441131087608,"50,836",100% bullish,of 1 rating,$20
KANG,$15.45,1441131087679,"312,911",50% bullish,of 2 ratings,$23.10
IKAN,$2.73,1441131087764,"12,188",83% bullish,of 6 ratings,$5
IIVI,$16.7,1441131087792,"42,826",100% bearish,of 1 rating,$22
IRG,$4.96,1441131087864,"15,955",100% bearish,of 1 rating,$4.25
IMMR,$11.2,1441131087981,"178,147",80% bullish,of 5 ratings,$15.50
IKNX,NULL,1441131088009,0,100% bearish,of 1 rating,N/A
ILMN,$195.5,1441131088039,"592,293",80% bullish,of 5 ratings,$245
ISNS,$4.21,1441131088084,"15,978",50% bullish,of 2 ratings,N/A
IMDZ,$15.68,1441131088141,"28,806",100% bearish,of 1 rating,$33
ICCC,$6.735,1441131088166,"9,973",100% bullish,of 1 rating,N/A
IMGN,$13.065,1441131088217,"247,615",75% bullish,of 4 ratings,$17.50
IMMU,$2.15,1441131088242,"418,381",86% bullish,of 7 ratings,$2
IMMY,$7.77,1441131088380,"1,500",100% bearish,of 1 rating,$11
INCR,$41.29,1441131088405,"292,193",50% bullish,of 2 ratings,$53
IMNP,$1.27,1441131088437,"84,400",50% bullish,of 2 ratings,$6
IPXL,$40.85,1441131088468,"174,307",67% bullish,of 3 ratings,$46.50
INCY,$116.67,1441131088567,"463,976",50% bullish,of 6 ratings,$125.50
INDB,$43.73,1441131088620,"21,716",Not yet rated,NULL,$44
SAAS,$7.165,1441131088649,"221,304",50% bullish,of 2 ratings,$15
IBCP,$13.84,1441131088749,"57,188",100% bullish,of 1 rating,$14.50
INFN,$21.5898,1441131088780,"430,535",71% bullish,of 7 ratings,$28
IDSA,$3.46,1441131088835,100,Not yet rated,NULL,N/A
IBTX,$39.75,1441131088880,"8,384",100% bullish,of 2 ratings,$47.25
INFI,$8.6,1441131088926,"134,885",50% bullish,of 4 ratings,$16.50
IMKTA,$49.14,1441131089059,"23,771",100% bearish,of 1 rating,N/A
III,$3.66,1441131089087,"33,549",57% bullish,of 7 ratings,$6
IPCC,$75.77,1441131089110,"5,055",Not yet rated,NULL,$77.50
IFON,$1.25,1441131089140,"20,059",75% bullish,of 4 ratings,N/A
INNL,$12.54,1441131089274,"3,776",100% bearish,of 1 rating,$16.50
INWK,$7.07,1441131089307,"33,915",50% bullish,of 2 ratings,$10
INOD,$2.34,1441131089336,"1,900",100% bearish,of 1 rating,N/A
IPHS,$46.92,1441131089363,"56,368",100% bearish,of 1 rating,$60
ISSC,$2.84,1441131089441,"2,875",67% bearish,of 3 ratings,N/A
IOSP,$48.4,1441131089495,"68,248",100% bearish,of 1 rating,N/A
INGN,$49.24,1441131089522,"69,750",100% bearish,of 1 rating,$50.50
ITEK,$12.22,1441131089543,"145,124",100% bearish,of 3 ratings,$20
NSIT,$24.84,1441131089746,"56,739",50% bullish,of 2 ratings,N/A
INOV,$21.575,1441131089776,"147,844",100% bearish,of 1 rating,$33
INO,$7.18,1441131089813,"348,086",89% bullish,of 18 ratings,$20
IIIN,$16.97,1441131089839,"31,869",100% bearish,of 2 ratings,N/A
ISIG,$2.68,1441131089906,"2,250",100% bearish,of 1 rating,N/A
PODD,$28.43,1441131089933,"109,386",67% bearish,of 3 ratings,$35
INSY,$33.05,1441131089954,"360,345",75% bullish,of 4 ratings,$48
IDTI,$18.48,1441131090144,"700,509",60% bullish,of 5 ratings,$25
INSM,$23.84,1441131090177,"113,056",71% bullish,of 7 ratings,$31.50
NTEC,$5.54,1441131090198,"1,781",100% bearish,of 1 rating,N/A
IESC,$7.12,1441131090229,"1,112",100% bearish,of 1 rating,N/A
IART,$58.72,1441131090250,"76,515",100% bearish,of 2 ratings,$71.50
ISSI,$21.9,1441131090285,"50,850",67% bullish,of 3 ratings,$19.75
INTC,$27.86,1441131090379,"14,021,323",82% bullish,of 238 ratings,$36
IPCI,$2.1799,1441131090467,"27,563",67% bullish,of 6 ratings,$8
IQNT,$18.27,1441131090524,"79,170",86% bullish,of 7 ratings,$20
IBKR,$38.4,1441131090553,"351,775",100% bullish,of 1 rating,N/A
ININ,$35.72,1441131090579,"38,307",67% bearish,of 3 ratings,$57
ICPT,$184,1441131090608,"125,784",70% bullish,of 10 ratings,$359.50
IDCC,$48.995,1441131090819,"147,452",80% bullish,of 5 ratings,$63
ICLDW,$1.18,1441131090849,425,100% bearish,of 1 rating,N/A
ICLD,$1.8103,1441131090876,"51,099",75% bullish,of 4 ratings,N/A
IPAR,$24.87,1441131090910,"18,256",67% bullish,of 3 ratings,$38
TILE,$23.49,1441131090931,"128,916",100% bearish,of 3 ratings,$27
IMI,$2.045,1441131090963,"13,863",67% bullish,of 3 ratings,$2.22
INAP,$8.97,1441131091006,"389,206",75% bullish,of 4 ratings,$11
IBOC,$24.62,1441131091159,"29,080",100% bearish,of 1 rating,N/A
IGLD,$6.92,1441131091186,"3,500",50% bullish,of 2 ratings,N/A
IIJI,NULL,1441131091218,0,50% bullish,of 2 ratings,$11.50
ISCA,$31.7,1441131091257,"46,103",100% bearish,of 1 rating,N/A
INPH,$0.27,1441131091354,"2,900",50% bullish,of 2 ratings,N/A
PTNT,$2.94,1441131091384,105,Not yet rated,NULL,N/A
ISIL,$10.42,1441131091460,"322,768",50% bullish,of 6 ratings,$15
INTX,$1.97,1441131091487,"46,512",67% bullish,of 3 ratings,N/A
XENT,$26.24,1441131091519,"169,753",50% bullish,of 2 ratings,$36.50
IILG,$19.47,1441131091554,"55,811",100% bearish,of 1 rating,$29
INTLL,$25.6,1441131091620,300,Not yet rated,NULL,N/A
INTL,$26.02,1441131091652,"40,789",67% bearish,of 3 ratings,N/A
ITCI,$27.35,1441131091673,"318,635",75% bearish,of 4 ratings,$40
IVAC,$4.61,1441131091704,"20,904",100% bearish,of 1 rating,$6.625
IIN,$6.25,1441131091844,"1,000",100% bearish,of 1 rating,$12
INTU,$84.79,1441131091915,"691,508",86% bullish,of 7 ratings,$107.50
ISRG,$504.47,1441131091986,"108,204",67% bullish,of 3 ratings,$600
ISTR,$15.63,1441131092084,946,100% bearish,of 1 rating,$18.50
INVT,$0.33,1441131092111,"58,333",67% bullish,of 3 ratings,N/A
SNAK,$8.46,1441131092149,"71,350",50% bullish,of 2 ratings,$14
ITIC,$71,1441131092180,200,100% bearish,of 2 ratings,N/A
IVTY,$13.58,1441131092242,"3,964",Not yet rated,NULL,$18
ISBC,$11.4,1441131092269,"1,080,514",100% bullish,of 1 rating,$13.25
NVIV,$9.19,1441131092290,"71,981",50% bullish,of 4 ratings,$24.50
DTUL,$64.48,1441131092329,"1,062",Not yet rated,NULL,N/A
DFVL,$66.06,1441131092421,830,Not yet rated,NULL,N/A
IPAS,$1.08,1441131092449,"5,700",67% bullish,of 3 ratings,N/A
IPCM,$79.48,1441131092525,"44,854",50% bullish,of 2 ratings,$80.125
IPGP,$82.035,1441131092584,"139,255",67% bearish,of 3 ratings,$109.50
IRMD,$23.49,1441131092609,"25,261",67% bearish,of 3 ratings,$25
IRDM,$7.09,1441131092742,"281,153",60% bullish,of 5 ratings,$11.50
IRIX,$6.54,1441131092768,"32,205",100% bearish,of 1 rating,N/A
IRBT,$29,1441131092815,"67,039",67% bullish,of 6 ratings,$37
IRCP,NULL,1441131092903,0,100% bullish,of 2 ratings,N/A
IRWD,$10.95,1441131092944,"496,517",100% bearish,of 1 rating,$13
FCHI,NULL,1441131092977,0,NULL,NULL,NULL
IRDMB,$274.9056,1441131092998,400,67% bearish,of 3 ratings,N/A
GNMA,$50.245,1441131093058,"3,680",Not yet rated,NULL,N/A
IFAS,NULL,1441131093084,0,NULL,NULL,NULL
COMT,$33.1704,1441131093106,"6,656",100% bearish,of 1 rating,N/A
IFEU,$37.055,1441131093142,"34,994",Not yet rated,NULL,N/A
IFGL,$27.61,1441131093246,"54,025",Not yet rated,NULL,N/A
ACWX,$39.58,1441131093304,"356,273",100% bearish,of 1 rating,N/A
IFNA,NULL,1441131093430,0,NULL,NULL,NULL
ACWI,$54.31,1441131093455,"1,088,367",Not yet rated,NULL,N/A
AAXJ,$51.8,1441131093489,"490,764",Not yet rated,NULL,N/A
AXJS,NULL,1441131093531,0,NULL,NULL,NULL
EEMA,$48.96,1441131093589,"13,907",Not yet rated,NULL,N/A
EMDI,NULL,1441131093611,0,NULL,NULL,NULL
AAIT,NULL,1441131093633,0,NULL,NULL,NULL
EEME,NULL,1441131093663,0,NULL,NULL,NULL
EGRW,NULL,1441131093764,0,NULL,NULL,NULL
EEML,$27.25,1441131093824,"1,379",Not yet rated,NULL,N/A
EMEY,NULL,1441131093848,0,NULL,NULL,NULL
EUFN,$21.19,1441131093871,"100,249",100% bearish,of 1 rating,N/A
EVAL,NULL,1441131093899,0,NULL,NULL,NULL
IEUS,$44.351,1441131093998,"15,186",100% bearish,of 1 rating,N/A
QAT,$21.49,1441131094031,"21,916",Not yet rated,NULL,N/A
IBB,$335.44,1441131094100,"763,299",63% bullish,of 8 ratings,N/A
UAE,$18.08,1441131094125,"18,559",Not yet rated,NULL,N/A
SOXX,$80.56,1441131094161,"154,858",50% bullish,of 2 ratings,N/A
EMIF,$27.78,1441131094389,"56,470",Not yet rated,NULL,N/A
ICLN,$9.25,1441131094459,"10,625",50% bullish,of 2 ratings,N/A
WOOD,$47.12,1441131094492,"3,665",50% bullish,of 2 ratings,N/A
IGOV,$91.41,1441131094520,"120,395",100% bearish,of 1 rating,N/A
ISLE,$17.925,1441131094546,"201,319",50% bullish,of 4 ratings,$16
ISHG,$79.9826,1441131094674,"7,171",100% bearish,of 1 rating,N/A
ISIS,$48.91,1441131094699,"804,059",53% bullish,of 15 ratings,$67
ITRN,$23.5,1441131094889,800,50% bullish,of 2 ratings,N/A
ITRI,$29.64,1441131094917,"84,025",100% bearish,of 1 rating,$37
ITUS,$4,1441131094951,"1,600",Not yet rated,NULL,N/A
ISRL,NULL,1441131094971,0,100% bearish,of 1 rating,N/A
XXIA,$15.18,1441131095046,"107,059",71% bullish,of 7 ratings,$14.625
IXYS,$11.315,1441131095189,"88,610",50% bullish,of 4 ratings,N/A
JJSF,$112.62,1441131095237,"8,663",100% bearish,of 1 rating,N/A
JCOM,$67.18,1441131095368,"88,939",100% bullish,of 2 ratings,$77
JBHT,$71.66,1441131095398,"357,533",50% bullish,of 4 ratings,$89.50
JASO,$7.96,1441131095419,"499,462",82% bullish,of 17 ratings,$10
INDY,$26.58,1441131095452,"105,382",50% bullish,of 2 ratings,N/A
MAYS,NULL,1441131095498,0,Not yet rated,NULL,N/A
JACK,$76.33,1441131095638,"137,914",83% bullish,of 6 ratings,$105
JKHY,$65.36,1441131095660,"281,788",67% bearish,of 3 ratings,$72
JAGX,$3,1441131095790,"1,550",Not yet rated,NULL,$10.50
JXSB,$24.2,1441131095820,"2,121",Not yet rated,NULL,N/A
JAKK,$9.42,1441131095844,"117,342",60% bearish,of 5 ratings,$11
JAXB,$13.69,1441131095865,"3,278",100% bullish,of 1 rating,N/A
JMBA,$13.89,1441131095897,"60,012",75% bullish,of 4 ratings,$18
JRVR,$27.06,1441131096046,"17,897",Not yet rated,NULL,$32
JASNW,NULL,1441131096139,0,50% bullish,of 2 ratings,N/A
JASN,$4.9,1441131096164,"5,968",50% bullish,of 2 ratings,$9.50
JD,$25.2,1441131096199,"3,245,495",75% bullish,of 16 ratings,$36
ERW,NULL,1441131096227,0,Not yet rated,NULL,N/A
JAZZ,$165.33,1441131096365,"115,375",80% bullish,of 15 ratings,$206.50
JBLU,$22.17,1441131096442,"2,153,553",94% bullish,of 18 ratings,$27
JTPY,$3,1441131096497,705,100% bearish,of 1 rating,N/A
JCTCF,NULL,1441131096569,0,100% bullish,of 1 rating,N/A
DATE,$5.99,1441131096596,"22,089",75% bullish,of 4 ratings,$9
JST,$3.796,1441131096659,"5,703",75% bullish,of 4 ratings,N/A
JIVE,$4.55,1441131096794,"129,028",75% bullish,of 4 ratings,$5
JOEZ,$0.1655,1441131096821,"13,614",92% bullish,of 12 ratings,N/A
WYIGU,NULL,1441131096856,0,100% bearish,of 1 rating,N/A
JBSS,$51.01,1441131096990,"8,038",67% bearish,of 3 ratings,N/A
JNP,$10.65,1441131097018,"8,056",100% bullish,of 3 ratings,$15
JUNO,$35.15,1441131097176,"281,414",73% bullish,of 11 ratings,$71.50
KTWO,$20.84,1441131097204,"40,638",100% bearish,of 1 rating,$28.50
KALU,$81.93,1441131097231,"47,803",67% bearish,of 3 ratings,$91
JOUT,$24.58,1441131097279,"1,226",100% bearish,of 1 rating,$34
KMDA,$3.49,1441131097360,"9,070",50% bullish,of 2 ratings,$8
KNDI,$6.48,1441131097416,"174,699",86% bullish,of 22 ratings,N/A
KBIO,$2.14,1441131097447,"47,935",50% bullish,of 4 ratings,N/A
KCLI,$46.435,1441131097549,"2,900",Not yet rated,NULL,N/A
KBSF,NULL,1441131097626,0,100% bullish,of 1 rating,N/A
KPTI,$13.56,1441131097656,"85,324",67% bearish,of 3 ratings,$39
KCAP,$4.67,1441131097717,"45,803",75% bullish,of 4 ratings,$6
KRNY,$11.28,1441131097745,"236,035",100% bearish,of 1 rating,$12
KELYA,$14.14,1441131097787,"22,681",67% bullish,of 6 ratings,$20
KELYB,NULL,1441131097968,0,50% bullish,of 2 ratings,N/A
