Symbol,Price,Date,Volume,Rating,RatingVoteCount,OneYearEstimate
FLWS,$8.495,1440688202636,"352,353",80% bullish,of 5 ratings,$15
TFSCR,NULL,1440688202662,0,Not yet rated,NULL,N/A
FCTY,NULL,1440688202698,0,100% bullish,of 1 rating,$8.50
TFSC,NULL,1440688202719,0,100% bearish,of 1 rating,N/A
TFSCU,NULL,1440688202740,0,Not yet rated,NULL,N/A
TFSCW,NULL,1440688202794,0,100% bearish,of 1 rating,N/A
FCCY,NULL,1440688202819,0,100% bullish,of 1 rating,$13
TWOU,$35,1440688203053,"58,152",50% bullish,of 2 ratings,$39
JOBS,$27.55,1440688203078,"22,947",50% bullish,of 4 ratings,$36
SRCE,$29.3699,1440688203107,"5,644",100% bullish,of 3 ratings,$33
DSLV,$73.7623,1440688203134,"6,394",100% bearish,of 1 rating,N/A
VNET,$17.56,1440688203318,"436,012",60% bullish,of 5 ratings,$29.50
DGLD,$83.53,1440688203345,"9,816",100% bullish,of 1 rating,N/A
PIH,$7.34,1440688203373,"2,500",100% bearish,of 1 rating,N/A
USLV,$11.7936,1440688203398,"140,391",86% bullish,of 7 ratings,N/A
UGLD,$8.9958,1440688203557,"712,058",100% bearish,of 1 rating,N/A
AVHI,$13.925,1440688203881,"24,182",100% bearish,of 1 rating,$19
AAON,$20.28,1440688203981,"21,183",100% bearish,of 1 rating,$24
SHLM,$34.22,1440688204014,"20,579",100% bearish,of 1 rating,$47
SIXD,$2.81,1440688204065,"100,164",Not yet rated,NULL,N/A
CAFD,$14.79,1440688204087,"85,061",Not yet rated,NULL,$25
ABAX,$47.245,1440688204115,"34,112",100% bearish,of 1 rating,$60
ABEO,$4.85,1440688204141,"22,563",50% bullish,of 4 ratings,$15.50
ABMD,$98.3598,1440688204437,"128,055",75% bullish,of 4 ratings,$100.50
ABGB,$6.18,1440688204473,"159,211",67% bullish,of 3 ratings,$5.50
ACTG,$9.17,1440688204501,"45,957",67% bullish,of 3 ratings,$18.50
AXAS,$1.83,1440688204574,"270,558",78% bullish,of 9 ratings,$3.50
ABEOW,$1.73,1440688204600,561,100% bullish,of 1 rating,N/A
EGHT,$7.88,1440688204627,"70,594",82% bullish,of 17 ratings,$11
ACAD,$38.575,1440688204901,"283,437",80% bullish,of 20 ratings,$48
ABY,$21.3603,1440688204950,"107,732",100% bearish,of 2 ratings,$46
ACST,$0.3351,1440688204988,"36,540",100% bullish,of 2 ratings,N/A
ACHC,$73.535,1440688205094,"137,270",50% bullish,of 2 ratings,$92
AXDX,$18.32,1440688205141,"43,567",100% bearish,of 1 rating,N/A
ANCX,$19.73,1440688205274,"6,373",Not yet rated,NULL,$20
ARAY,$6.41,1440688205301,"152,810",100% bearish,of 1 rating,$10.50
XLRN,$28.76,1440688205323,"43,607",50% bullish,of 2 ratings,$57
ACRX,$4.34,1440688205358,"69,718",67% bearish,of 6 ratings,$5.50
VXDN,$2.06,1440688205459,"33,722",100% bearish,of 1 rating,N/A
ACET,$22.7,1440688205493,"15,927",75% bullish,of 4 ratings,$30
AKAO,$6.71,1440688205592,"19,711",75% bullish,of 4 ratings,$15
VXUP,$1.5,1440688205618,"21,010",100% bearish,of 1 rating,N/A
ACHN,$7.64,1440688205655,"326,518",90% bullish,of 21 ratings,$16
ACNB,$20.324,1440688205754,626,Not yet rated,NULL,N/A
ACIW,$20.99,1440688205781,"127,080",67% bearish,of 3 ratings,$24
ACOR,$31.89,1440688206029,"153,998",67% bearish,of 3 ratings,$38.50
ACTS,$1.623,1440688206061,"44,041",100% bearish,of 1 rating,N/A
ATVI,$27.9758,1440688206092,"1,227,286",68% bullish,of 84 ratings,$31.50
ACXM,$20.78,1440688206122,"79,072",67% bullish,of 3 ratings,N/A
ACPW,$1.823,1440688206148,"3,991",100% bullish,of 4 ratings,$3.50
ACTA,$12.85,1440688206173,"23,416",67% bearish,of 3 ratings,$25
ACUR,$0.5289,1440688206202,"18,937",100% bullish,of 5 ratings,$1
ADMS,$20.24,1440688206413,"25,075",100% bearish,of 2 ratings,$36
ADMP,$3.75,1440688206486,"7,184",50% bullish,of 2 ratings,$10
AEY,$2.357,1440688206625,"2,904",100% bearish,of 2 ratings,N/A
ADAP,$12.1199,1440688206680,"12,300",67% bullish,of 3 ratings,$22
ADUS,$28.4,1440688206710,"11,376",100% bearish,of 1 rating,$31
ADEP,$6.7,1440688206736,"4,721",50% bullish,of 2 ratings,$10.75
ADMA,$9.31,1440688206811,830,Not yet rated,NULL,$19
ADTN,$15.54,1440688206940,"58,771",67% bullish,of 3 ratings,$17.125
ADBE,$78.61,1440688206967,"747,976",65% bullish,of 17 ratings,$90
AEIS,$24.58,1440688207099,"31,207",50% bullish,of 2 ratings,$32.50
AMD,$1.825,1440688207142,"2,003,810",83% bullish,of 103 ratings,$2
ADRO,$22.1101,1440688207168,"86,614",80% bullish,of 5 ratings,$45.50
ADXSW,$10.18,1440688207230,"5,550",100% bullish,of 1 rating,N/A
ADXS,$14.555,1440688207374,"266,573",64% bullish,of 14 ratings,$27
YPRO,NULL,1440688207433,0,100% bearish,of 1 rating,N/A
MULT,NULL,1440688207505,0,100% bearish,of 1 rating,N/A
AEGR,$17.94,1440688207564,"137,120",50% bullish,of 6 ratings,$26
AEGN,$18.19,1440688207607,"26,938",100% bearish,of 2 ratings,$21
AEHR,$2.251,1440688207662,750,50% bullish,of 2 ratings,N/A
AERI,$16.59,1440688207759,"197,931",75% bullish,of 4 ratings,$31.50
AMTX,$2.41,1440688207810,"8,251",50% bullish,of 2 ratings,$26.11
AEPI,$54.78,1440688207839,"1,488",100% bearish,of 1 rating,N/A
AEZS,$0.082,1440688207938,"2,811,375",90% bullish,of 21 ratings,$1.50
AVAV,$23.91,1440688207981,"14,044",50% bullish,of 4 ratings,$31
AFMD,$10.31,1440688208027,"40,348",50% bullish,of 4 ratings,$15
AEMD,$6.93,1440688208070,"38,006",Not yet rated,NULL,$27.50
AFFX,$9.58,1440688208337,"128,994",80% bullish,of 5 ratings,$12
AGEN,$6.96,1440688208393,"214,187",85% bullish,of 13 ratings,$14
AGIO,$91.17,1440688208564,"80,001",88% bullish,of 8 ratings,$114
AGFS,$10.13,1440688208590,"13,634",100% bearish,of 1 rating,N/A
AGYS,$9.52,1440688208625,"5,592",100% bearish,of 1 rating,N/A
AGRX,$8.31,1440688208655,"3,711",100% bearish,of 1 rating,$17.50
AGFSW,$1.975,1440688208676,"5,900",100% bearish,of 2 ratings,N/A
AIMT,$21.995,1440688208849,"13,321",Not yet rated,NULL,N/A
AMCN,$4.57,1440688208994,"234,931",83% bullish,of 6 ratings,N/A
ATSG,$8.9,1440688209043,"37,452",67% bullish,of 3 ratings,$13
AIRT,$21.49,1440688209076,200,100% bullish,of 1 rating,N/A
AIXG,$5.99,1440688209108,"13,624",67% bearish,of 3 ratings,$5.25
AKBA,$6.54,1440688209179,"39,568",100% bearish,of 1 rating,$18
AKAM,$70.1343,1440688209206,"211,776",63% bullish,of 8 ratings,$77
AIRM,$36.93,1440688209233,"28,308",80% bearish,of 5 ratings,$53
ALRM,$16.937,1440688209612,"29,417",100% bearish,of 1 rating,$22
AKRX,$41.03,1440688209644,"180,187",78% bullish,of 9 ratings,$56
ADHD,$7.71,1440688209674,"37,874",50% bullish,of 4 ratings,$18
AKER,$2.69,1440688209714,"3,142",Not yet rated,NULL,N/A
ALSK,$2.0101,1440688209740,"98,892",78% bullish,of 18 ratings,$2
AMRI,$20.05,1440688209776,"28,288",75% bearish,of 4 ratings,$24
ALDR,$38.55,1440688209908,"48,853",67% bearish,of 3 ratings,$62
ABDC,$12.15,1440688209939,"9,147",Not yet rated,NULL,$15
ALDX,$7.03,1440688210042,"3,791",100% bearish,of 1 rating,$14.50
ALCO,$41.7,1440688210172,534,50% bullish,of 2 ratings,N/A
ALXN,$176.7699,1440688210249,"282,861",88% bullish,of 8 ratings,$223
ALXA,$1.09,1440688210328,"6,976",83% bullish,of 6 ratings,$2.125
ALGN,$56.82,1440688210353,"78,862",100% bearish,of 2 ratings,$73
ALKS,$60.98,1440688210516,"92,927",67% bullish,of 3 ratings,$75
ALGT,$214.91,1440688210561,"30,057",100% bearish,of 2 ratings,$235
ALIM,$3.4,1440688210589,"21,941",80% bullish,of 5 ratings,$10
AFOP,$18.71,1440688210615,"38,748",75% bullish,of 8 ratings,$21
ALLB,$22.79,1440688210645,100,Not yet rated,NULL,N/A
AIQ,$13.38,1440688210740,"1,000",67% bullish,of 3 ratings,N/A
ARLP,$25.01,1440688210776,"70,193",67% bearish,of 3 ratings,$32
AHGP,$36.2,1440688210830,"48,357",67% bullish,of 3 ratings,N/A
AHPI,NULL,1440688210912,0,50% bullish,of 2 ratings,N/A
AMOT,$18.58,1440688210975,"23,036",100% bearish,of 1 rating,N/A
ALQA,$4.305,1440688211106,950,75% bullish,of 4 ratings,$8.50
ALLT,$4.98,1440688211178,"19,163",75% bullish,of 4 ratings,$6.25
AFAM,$44.63,1440688211267,"15,432",50% bullish,of 2 ratings,$44
ALNY,$106.21,1440688211301,"114,334",67% bullish,of 3 ratings,$148.50
MDRX,$13.62,1440688211328,"308,646",60% bullish,of 5 ratings,$16
SMCP,NULL,1440688211396,0,Not yet rated,NULL,N/A
AOSL,$7.25,1440688211421,"20,899",67% bullish,of 3 ratings,$9
ALTR,$48.72,1440688211552,"581,616",80% bearish,of 5 ratings,$54
ATEC,$0.585,1440688211582,"28,480",100% bullish,of 1 rating,$2
ASPS,$26.08,1440688211639,"62,610",67% bullish,of 3 ratings,$46.50
AIMC,$24.425,1440688211718,"10,512",100% bearish,of 2 ratings,$28.50
AMAG,$65.96,1440688211749,"88,048",100% bullish,of 2 ratings,$77.50
AMRN,$2.0601,1440688211775,"384,725",85% bullish,of 39 ratings,$8
AMRK,NULL,1440688211800,0,50% bullish,of 2 ratings,$14
AYA,$20.66,1440688211966,"16,987",100% bearish,of 1 rating,$40
AMZN,$514.505,1440688211997,"1,289,965",81% bullish,of 264 ratings,$646
AMBC,$15.87,1440688212102,"68,152",100% bearish,of 1 rating,$16.50
AMBA,$92.9507,1440688212169,"892,662",83% bullish,of 12 ratings,$102.50
AMCX,$71.94,1440688212232,"181,927",67% bullish,of 3 ratings,$87.50
AMBCW,NULL,1440688212295,0,100% bearish,of 1 rating,N/A
DOX,$57.3,1440688212332,"83,101",67% bearish,of 3 ratings,$60
EPAX,$2.68,1440688212358,"7,100",100% bearish,of 1 rating,N/A
AMDA,$0.4753,1440688212438,"352,664",90% bullish,of 10 ratings,$1
UHAL,$375.51,1440688212599,"3,462",100% bullish,of 2 ratings,$393.50
ASBI,NULL,1440688212627,0,Not yet rated,NULL,N/A
AMED,$38.74,1440688212660,"41,879",100% bearish,of 1 rating,$42
ATAX,$5.1492,1440688212691,"14,410",100% bullish,of 1 rating,$6.50
AGNC,$19.335,1440688212789,"554,363",71% bullish,of 28 ratings,$22
AMOV,$18.06,1440688212847,990,100% bearish,of 1 rating,N/A
AAL,$39.11,1440688212872,"2,536,655",93% bullish,of 88 ratings,$57
AGNCB,$24.0101,1440688213132,"5,500",Not yet rated,NULL,N/A
AGNCP,$25.195,1440688213165,"2,200",Not yet rated,NULL,N/A
MTGEP,$24.5,1440688213231,531,Not yet rated,NULL,N/A
MTGE,$15.39,1440688213256,"94,815",75% bullish,of 4 ratings,$19.50
ANCI,$1.4101,1440688213301,250,100% bearish,of 1 rating,N/A
ACAS,$13.745,1440688213330,"750,068",60% bullish,of 5 ratings,$16.75
AETI,$3.98,1440688213463,600,67% bearish,of 3 ratings,N/A
ACSF,$12.01,1440688213594,"14,179",100% bearish,of 1 rating,$15
AMIC,$9.62,1440688213625,200,Not yet rated,NULL,N/A
ANAT,$100.03,1440688213654,"3,778",100% bullish,of 1 rating,N/A
ARII,$39.84,1440688213683,"148,288",67% bearish,of 3 ratings,$45
APEI,$21.41,1440688213725,"14,490",100% bearish,of 1 rating,$25.50
AMNB,$23,1440688213788,"4,374",Not yet rated,NULL,$25.50
ASEI,$36.785,1440688213996,"5,842",100% bearish,of 1 rating,$52.50
AMRB,$10.0936,1440688214027,800,Not yet rated,NULL,$11
AMSWA,$8.58,1440688214095,"5,202",100% bearish,of 2 ratings,$10.75
CRMT,$36.05,1440688214120,"8,463",100% bearish,of 1 rating,$39
AMWD,$66.5887,1440688214145,"20,486",50% bullish,of 2 ratings,$70
AMSC,$4.58,1440688214170,"122,539",50% bullish,of 4 ratings,N/A
ABCB,$26.79,1440688214345,"14,576",Not yet rated,NULL,$31
AMSF,$46.6,1440688214430,"7,052",Not yet rated,NULL,$57.50
ASRVP,NULL,1440688214495,0,Not yet rated,NULL,N/A
ASRV,$3.29,1440688214527,300,100% bullish,of 2 ratings,N/A
ATLO,$23.43,1440688214598,"1,040",Not yet rated,NULL,N/A
AMGN,$155.9681,1440688214629,"863,219",89% bullish,of 19 ratings,$185
FOLD,$15.01,1440688214730,"261,533",56% bullish,of 9 ratings,$21
AMKR,$4.92,1440688214803,"282,377",100% bearish,of 2 ratings,$5
AMSGP,$141.83,1440688214963,12,Not yet rated,NULL,N/A
AMSG,$79.93,1440688214989,"64,392",100% bearish,of 1 rating,$85.50
AMPH,$13.59,1440688215016,"43,771",50% bullish,of 2 ratings,$20
AFSI,$59.08,1440688215040,"115,904",60% bullish,of 5 ratings,$72
ASYS,$5.46,1440688215069,"13,183",67% bullish,of 3 ratings,$12
AMRS,$1.62,1440688215223,"7,850",70% bullish,of 10 ratings,N/A
ANAC,$131.77,1440688215386,"89,561",80% bullish,of 5 ratings,$180.50
ADI,$55.395,1440688215418,"657,227",67% bullish,of 3 ratings,$69
ALOG,$78.85,1440688215521,"16,269",100% bearish,of 2 ratings,$100.50
ANCB,$23,1440688215609,800,Not yet rated,NULL,$23
ABCW,$39.79,1440688215746,"2,946",67% bullish,of 3 ratings,N/A
ANGO,$14.8,1440688215851,"25,527",67% bullish,of 3 ratings,$19
ANIP,$50,1440688215899,"48,942",89% bullish,of 19 ratings,$66
ANGI,$4.84,1440688215928,"91,037",64% bullish,of 11 ratings,$5.50
ANAD,$0.3202,1440688216030,"37,976",100% bullish,of 2 ratings,$.50
ANIK,$34.84,1440688216056,"22,780",60% bullish,of 5 ratings,$51.25
ANSS,$89.79,1440688216195,"62,696",100% bearish,of 1 rating,$100
ATRS,$1.745,1440688216222,"131,022",92% bullish,of 12 ratings,$4.50
ANTH,$7.35,1440688216243,"179,187",80% bullish,of 10 ratings,$13
ABAC,$0.7579,1440688216395,"1,602",100% bearish,of 1 rating,N/A
ATNY,$2.34,1440688216427,900,50% bullish,of 2 ratings,$3.75
AMCF,$0.25,1440688216455,700,100% bullish,of 7 ratings,N/A
APIC,$6.495,1440688216481,"20,138",100% bearish,of 1 rating,$19
APOG,$49.16,1440688216538,"32,396",50% bullish,of 2 ratings,$67
AINV,$6.569,1440688216639,"210,275",50% bullish,of 4 ratings,$8
APOL,$11.2,1440688216664,"216,780",87% bearish,of 68 ratings,$14
APPF,$17.4,1440688216807,"13,397",50% bullish,of 2 ratings,$22
AAPL,$112.14,1440688216847,"16,579,644",86% bullish,of 2350 ratings,$150
ARCI,NULL,1440688216876,0,Not yet rated,NULL,N/A
APDNW,$1.11,1440688216939,500,Not yet rated,NULL,N/A
APDN,$3.2581,1440688216978,"9,471",Not yet rated,NULL,$9
AMAT,$15.63,1440688217127,"2,784,737",82% bullish,of 11 ratings,$23
AGTC,$15.32,1440688217152,"32,655",50% bullish,of 2 ratings,$33
AMCC,$5.64,1440688217179,"78,021",80% bullish,of 5 ratings,$8
APRI,$1.23,1440688217359,"1,574",83% bullish,of 6 ratings,$4.86
AREX,$2.06,1440688217385,"282,814",100% bearish,of 1 rating,$3
APTO,$5.06,1440688217412,"1,801",Not yet rated,NULL,$17
AAOI,$20.661,1440688217439,"87,587",50% bullish,of 4 ratings,$26
AQMS,$4.92,1440688217575,810,Not yet rated,NULL,N/A
AQXP,$18.1001,1440688217605,"209,193",50% bullish,of 2 ratings,$2
AUMA,NULL,1440688217768,0,Not yet rated,NULL,N/A
PETX,$17.46,1440688217857,"50,793",100% bearish,of 2 ratings,$26
AUMAU,$9.95,1440688217889,"4,100",Not yet rated,NULL,N/A
ARDM,NULL,1440688217910,0,100% bullish,of 1 rating,$26
ABUS,$7,1440688217962,"90,238",86% bullish,of 14 ratings,$23
AUMAW,NULL,1440688217987,0,Not yet rated,NULL,N/A
ARCW,$3.67,1440688218150,930,100% bearish,of 2 ratings,$10.50
ABIO,$0.86,1440688218189,"39,538",50% bullish,of 2 ratings,$3.75
RKDA,$6.27,1440688218323,"7,614",100% bearish,of 2 ratings,$10
ARCB,$29.1,1440688218353,"33,547",67% bearish,of 3 ratings,$39.50
ACGL,$67.82,1440688218403,"32,379",50% bullish,of 2 ratings,$72
ACAT,$25.83,1440688218430,"21,681",100% bearish,of 3 ratings,$33
ARDX,$17.63,1440688218456,"25,640",50% bullish,of 2 ratings,$24.50
ARNA,$2.65,1440688218535,"579,685",90% bullish,of 77 ratings,$5.50
ARCC,$15.28,1440688218775,"344,662",67% bearish,of 3 ratings,$17.875
AGIIL,$25.65,1440688218818,925,Not yet rated,NULL,N/A
AGII,$55.455,1440688218847,"34,762",Not yet rated,NULL,$59.50
ARGS,$6.16,1440688218905,"14,586",50% bullish,of 2 ratings,$19.50
ARIA,$6.895,1440688218949,"511,091",87% bullish,of 46 ratings,$9
ARIS,$4,1440688219004,"27,928",Not yet rated,NULL,$4.50
ARKR,$24.9,1440688219140,2,50% bullish,of 2 ratings,N/A
ARTX,$1.3923,1440688219166,"8,361",88% bullish,of 16 ratings,$4.50
ARWA,NULL,1440688219195,0,Not yet rated,NULL,N/A
ARWAR,NULL,1440688219242,0,Not yet rated,NULL,N/A
ARWAU,NULL,1440688219376,0,100% bullish,of 1 rating,N/A
ARMH,$42.31,1440688219398,"1,053,730",54% bearish,of 13 ratings,$61
ARWAW,NULL,1440688219480,0,Not yet rated,NULL,N/A
ARQL,$1.66,1440688219534,"42,743",75% bullish,of 4 ratings,$5
ARRY,$5.83,1440688219582,"333,210",100% bullish,of 7 ratings,$10
ARRS,$26.4,1440688219831,"156,981",50% bullish,of 2 ratings,$38
ARWR,$5.69,1440688219889,"208,833",75% bullish,of 4 ratings,$10.50
DWAT,$9.9,1440688219916,"2,800",100% bearish,of 1 rating,N/A
ARTNA,$21.96,1440688220048,"8,717",100% bearish,of 1 rating,$29
AROW,$27.11,1440688220073,"3,016",Not yet rated,NULL,N/A
ASBB,$24.28,1440688220105,100,Not yet rated,NULL,N/A
ARTW,$4.32,1440688220131,93,75% bearish,of 4 ratings,N/A
ASND,$20.67,1440688220212,"19,679",100% bullish,of 1 rating,$30
ASCMA,$26.59,1440688220313,"12,188",100% bearish,of 1 rating,$45
ASNA,$11.62,1440688220354,"405,290",50% bullish,of 2 ratings,$18
ASTI,$0.1122,1440688220384,"962,984",83% bullish,of 6 ratings,$3
ASMI,NULL,1440688220441,0,NULL,NULL,NULL
APWC,$1.532,1440688220489,"5,162",100% bearish,of 1 rating,N/A
ASML,$91.22,1440688220648,"462,899",50% bullish,of 4 ratings,$127
ASMB,$13,1440688220780,"10,528",67% bullish,of 3 ratings,N/A
AZPN,$38.04,1440688220808,"91,334",50% bullish,of 2 ratings,$42
ASFI,$8.89,1440688220842,934,100% bullish,of 1 rating,N/A
ASTE,$36.77,1440688220936,"10,460",100% bearish,of 1 rating,$48
ALOT,NULL,1440688220961,0,100% bearish,of 1 rating,N/A
ATRO,$52.59,1440688221101,"47,746",100% bearish,of 2 ratings,$80
ASTC,$1.8884,1440688221189,"2,240",100% bullish,of 5 ratings,N/A
ASUR,$5.7899,1440688221231,650,50% bullish,of 2 ratings,$8
ATAI,$2.48,1440688221330,200,100% bearish,of 1 rating,N/A
ATHN,$135.22,1440688221420,"38,526",67% bearish,of 3 ratings,$153
AFCB,$27.3,1440688221446,200,Not yet rated,NULL,N/A
ATRA,$39.07,1440688221474,"34,101",50% bullish,of 2 ratings,$68
ATHX,$1.15,1440688221525,"40,999",89% bullish,of 9 ratings,$5
ACFC,$5.1612,1440688221763,"27,486",100% bearish,of 1 rating,$6.50
ATNI,$71.11,1440688221818,"23,848",100% bearish,of 1 rating,$69.50
AAPC,$10.1,1440688221852,16,Not yet rated,NULL,N/A
AAME,$3.54,1440688221948,200,Not yet rated,NULL,N/A
AFH,$16.28,1440688221980,"20,965",Not yet rated,NULL,$21.50
ATLC,$3.86,1440688222011,2,67% bullish,of 3 ratings,N/A
AAWW,$40.9,1440688222085,"63,856",50% bullish,of 2 ratings,$65
ATML,$7.831,1440688222145,"770,034",78% bullish,of 9 ratings,$9.50
ATOS,$0.7503,1440688222245,"35,256",100% bullish,of 7 ratings,$7
ATRC,$24.8,1440688222277,"31,447",100% bullish,of 1 rating,$30
ATRM,$2.8101,1440688222327,506,50% bullish,of 2 ratings,N/A
ATRI,$377.65,1440688222373,"2,026",Not yet rated,NULL,N/A
AUBN,$26.96,1440688222532,550,Not yet rated,NULL,N/A
LIFE,$15.18,1440688222563,"8,872",86% bullish,of 7 ratings,$43
ATTU,$13.31,1440688222592,"9,465",100% bearish,of 1 rating,$20.50
EARS,$4.82,1440688222665,"1,150",100% bearish,of 2 ratings,$11.50
AUDC,$3.1601,1440688222696,"21,039",80% bullish,of 5 ratings,$5
ADAT,$0.3587,1440688222797,"256,055",100% bullish,of 2 ratings,N/A
AUPH,$2.9775,1440688222827,"7,600",100% bearish,of 1 rating,$8
ABTL,$17.33,1440688222932,"24,619",100% bullish,of 4 ratings,$20.25
ADSK,$50.035,1440688222972,"656,893",67% bullish,of 6 ratings,$69.50
ADP,$77.96,1440688223028,"393,640",100% bearish,of 1 rating,$88
AVGO,$124.18,1440688223162,"2,411,448",88% bullish,of 8 ratings,$165
AVEO,$1.3663,1440688223264,"313,699",75% bullish,of 8 ratings,$3
AAVL,$10.82,1440688223293,"93,773",100% bearish,of 1 rating,$20
AVNU,$12.358,1440688223322,906,Not yet rated,NULL,$14
AVNW,$1.16,1440688223429,"28,265",50% bullish,of 2 ratings,$2.20
AVID,$8.1,1440688223461,"158,818",100% bearish,of 1 rating,$20
AVGR,$14.25,1440688223501,"9,868",100% bearish,of 1 rating,$20
AWRE,$3.085,1440688223635,"4,483",67% bullish,of 3 ratings,N/A
ACLS,$3.13,1440688223780,"97,700",67% bullish,of 6 ratings,$4.75
CAR,$43.27,1440688223809,"310,411",80% bullish,of 5 ratings,$60
AXPW,$1.0499,1440688223835,"29,892",83% bullish,of 6 ratings,N/A
AXPWW,NULL,1440688223856,0,Not yet rated,NULL,N/A
AXGN,$3.93,1440688223887,"19,358",Not yet rated,NULL,$5
AXTI,$2.18,1440688224077,"1,268",50% bullish,of 2 ratings,$2.75
BCOM,$19.003,1440688224106,984,100% bearish,of 1 rating,N/A
RILY,$9.78,1440688224185,200,Not yet rated,NULL,N/A
BOSC,$2.25,1440688224235,201,50% bullish,of 2 ratings,N/A
BIDU,$151.339,1440688224263,"1,165,383",81% bullish,of 88 ratings,$210
BCPC,$57.742,1440688224397,"23,079",100% bearish,of 1 rating,$75
BEAV,$48.4,1440688224423,"119,509",67% bearish,of 3 ratings,$59
BWINB,$22.8597,1440688224604,"3,262",Not yet rated,NULL,N/A
BWINA,NULL,1440688224676,0,Not yet rated,NULL,N/A
BLDP,$1.205,1440688224702,"213,240",91% bullish,of 22 ratings,$2.50
BANF,$58.63,1440688224730,"1,710",Not yet rated,NULL,$68
BANFP,NULL,1440688224778,0,Not yet rated,NULL,N/A
BKMU,$6.95,1440688224864,"19,906",Not yet rated,NULL,$8
BOCH,$5.7501,1440688224931,"7,861",Not yet rated,NULL,$6.50
BMRC,$48.14,1440688225007,800,Not yet rated,NULL,$52
BOTJ,$11.0785,1440688225169,717,Not yet rated,NULL,N/A
OZRK,$41.92,1440688225206,"104,402",67% bullish,of 3 ratings,$49.50
BKSC,$15.89,1440688225233,"3,256",Not yet rated,NULL,N/A
BFIN,$11.9,1440688225313,"6,148",Not yet rated,NULL,$13
BANR,$43.86,1440688225401,"9,602",100% bullish,of 3 ratings,$50
BWFG,NULL,1440688225428,0,100% bearish,of 1 rating,N/A
BZUN,$5.07,1440688225458,"196,723",50% bullish,of 2 ratings,$11.50
TAPR,$32.98,1440688225559,535,100% bearish,of 1 rating,N/A
BHACR,NULL,1440688225663,0,Not yet rated,NULL,N/A
BHACU,NULL,1440688225729,0,Not yet rated,NULL,N/A
BHAC,NULL,1440688225755,0,Not yet rated,NULL,N/A
BBSI,$33.8,1440688225832,"25,634",67% bearish,of 3 ratings,$62.50
BHACW,NULL,1440688225889,0,Not yet rated,NULL,N/A
BSET,$28.95,1440688225936,"11,457",100% bearish,of 1 rating,$35
BYLK,$12.71,1440688226081,500,Not yet rated,NULL,$14
BV,$5.1,1440688226141,"80,009",67% bullish,of 6 ratings,$9
BBCN,$14.44,1440688226181,"42,059",100% bearish,of 1 rating,$16
BYBK,NULL,1440688226340,0,100% bearish,of 1 rating,N/A
BCBP,$11.43,1440688226399,200,Not yet rated,NULL,N/A
BDCV,$4.84,1440688226425,"4,980",100% bearish,of 1 rating,$10.19
BBGI,$4.1616,1440688226477,300,100% bearish,of 1 rating,N/A
BECN,$34.76,1440688226506,"74,122",50% bullish,of 2 ratings,$40
BSF,$8.75,1440688226608,"1,643",Not yet rated,NULL,N/A
BEBE,$1.8,1440688226638,"26,442",75% bullish,of 4 ratings,$3.075
BELFA,NULL,1440688226766,0,100% bearish,of 1 rating,N/A
BELFB,$17.65,1440688226813,"2,988",100% bearish,of 1 rating,N/A
BBBY,$61.775,1440688226863,"511,855",71% bullish,of 7 ratings,$75
BLPH,$5.0001,1440688226895,"9,237",100% bearish,of 1 rating,$12.50
BLCM,$17.2852,1440688226996,"35,722",50% bullish,of 4 ratings,$40
BNCL,$12.48,1440688227021,"45,512",100% bullish,of 3 ratings,$12.50
BNFT,$35.17,1440688227211,"17,532",67% bullish,of 3 ratings,$46
BGMD,$0.77,1440688227240,"17,533",100% bullish,of 10 ratings,N/A
BNTC,$8,1440688227261,"23,893",100% bullish,of 1 rating,N/A
BGFV,$10.7758,1440688227392,"42,444",57% bullish,of 7 ratings,$12
BIND,$4.4,1440688227424,"25,763",75% bullish,of 4 ratings,$13.50
BGCP,$8.755,1440688227451,"240,355",88% bullish,of 8 ratings,$14
ORPN,$5.36,1440688227524,"21,150",100% bullish,of 1 rating,$28.50
BASI,$1.6069,1440688227594,200,Not yet rated,NULL,N/A
BCDA,NULL,1440688227726,0,Not yet rated,NULL,N/A
BIOC,$1.94,1440688227754,"210,092",83% bullish,of 6 ratings,$3.85
BIOD,$0.68,1440688227810,"16,180",80% bullish,of 5 ratings,$4
BDSI,$6.7,1440688227890,"246,787",88% bullish,of 8 ratings,$17
BIIB,$307.05,1440688227943,"415,154",88% bullish,of 16 ratings,$400
BIOL,$1.427,1440688227997,"9,761",Not yet rated,NULL,N/A
BCRX,$11.2501,1440688228023,"67,669",63% bullish,of 8 ratings,$18
BLFS,$2.0305,1440688228162,"13,885",100% bearish,of 1 rating,$4.75
BLRX,$1.3299,1440688228190,"23,645",100% bullish,of 12 ratings,$5
BMRN,$130.37,1440688228268,"181,627",80% bullish,of 5 ratings,$160
BRLI,NULL,1440688228397,0,NULL,NULL,NULL
BVXV,NULL,1440688228422,0,Not yet rated,NULL,N/A
BVXVW,NULL,1440688228443,0,100% bearish,of 1 rating,N/A
BBC,$31.242,1440688228657,800,Not yet rated,NULL,N/A
BIOS,$2.36,1440688228687,"301,982",71% bullish,of 7 ratings,$4
BPTH,$1.0299,1440688228708,"17,452",100% bullish,of 2 ratings,$5
BBP,$32.76,1440688228729,"5,567",Not yet rated,NULL,N/A
BSPM,$0.6898,1440688228891,"4,185",50% bullish,of 2 ratings,N/A
BSTC,$49.59,1440688229210,"29,601",100% bearish,of 1 rating,$76
BITI,$17.3264,1440688229241,"6,900",100% bullish,of 1 rating,$28
BOTA,$2.1092,1440688229263,"11,245",88% bullish,of 8 ratings,N/A
TECH,$96.51,1440688229284,"66,252",100% bullish,of 1 rating,$117
BDMS,$12.6501,1440688229306,775,100% bearish,of 1 rating,N/A
BJRI,$44.34,1440688229345,"36,732",50% bullish,of 2 ratings,$55
BEAT,$15.112,1440688229367,"316,257",67% bearish,of 3 ratings,$15
BBOX,$14.92,1440688229496,"13,648",100% bearish,of 1 rating,N/A
BDE,$7.23,1440688229641,"20,697",50% bullish,of 2 ratings,$9
HAWK,$40.12,1440688229672,"154,581",91% bullish,of 11 ratings,$49
BLKB,$57.86,1440688229717,"30,070",100% bearish,of 2 ratings,$66
BBRY,$7.1499,1440688229745,"1,655,828",61% bullish,of 330 ratings,$9
BKCC,$9.33,1440688229771,"101,988",50% bullish,of 2 ratings,$10
ADRA,$27.3825,1440688229909,398,100% bearish,of 1 rating,N/A
ADRE,$30.065,1440688230065,"3,034",100% bearish,of 1 rating,N/A
ADRD,$22.16,1440688230095,"4,155",100% bearish,of 1 rating,N/A
BCOR,$13.56,1440688230201,"33,065",57% bullish,of 7 ratings,$15
BLMN,$20.2,1440688230230,"226,743",83% bullish,of 6 ratings,$27.50
ADRU,$21.781,1440688230262,"1,618",100% bearish,of 1 rating,N/A
BUFF,$26.58,1440688230334,"30,594",83% bullish,of 12 ratings,$31.50
BLBD,$12.05,1440688230363,"1,768",Not yet rated,NULL,N/A
BBLU,$0.8,1440688230463,"38,788",100% bullish,of 2 ratings,$4.43
BHBK,$13.85,1440688230605,"16,892",100% bullish,of 1 rating,$14.50
NILE,$33.16,1440688230635,"64,587",50% bullish,of 2 ratings,$34
BLUE,$132.2647,1440688230661,"129,469",71% bullish,of 7 ratings,$217.50
BKEP,$6.1501,1440688230791,"16,999",100% bearish,of 1 rating,$8.50
BKEPP,$7.58,1440688230821,"5,223",100% bearish,of 1 rating,N/A
BNCN,$20.41,1440688230849,"34,793",Not yet rated,NULL,$24
BPMC,$27.08,1440688230922,"15,355",50% bullish,of 2 ratings,$47.50
BOFI,$120.0037,1440688231019,"36,973",100% bullish,of 6 ratings,$144
BOBE,$43.93,1440688231054,"20,430",75% bullish,of 4 ratings,$57
WIFI,$7.59,1440688231148,"21,863",50% bullish,of 2 ratings,$13.50
BOJA,$21.7,1440688231175,"75,358",100% bullish,of 1 rating,$30
BNSO,$1.3388,1440688231312,"2,200",100% bearish,of 1 rating,N/A
BONA,$11.77,1440688231340,"48,761",75% bullish,of 4 ratings,$8.50
BOKF,$61.28,1440688231367,"41,079",100% bearish,of 1 rating,$69
BAMM,$3.1601,1440688231393,"2,450",60% bullish,of 5 ratings,N/A
BPFHP,$25.07,1440688231568,"1,400",100% bearish,of 1 rating,N/A
BPFHW,NULL,1440688231597,0,100% bearish,of 1 rating,N/A
EPAY,$25.41,1440688231710,"15,823",100% bearish,of 2 ratings,$30
BPFH,$11.85,1440688231736,"82,087",100% bearish,of 1 rating,$14
BCLI,$2.88,1440688231814,"9,973",80% bullish,of 5 ratings,$12
BDBD,$8.13,1440688231903,"134,214",60% bullish,of 5 ratings,$10
BDGE,$26.5,1440688232035,"2,650",Not yet rated,NULL,$31.75
BBRG,$12.38,1440688232066,"13,680",67% bullish,of 3 ratings,$14.50
BBEP,$2.73,1440688232087,"793,550",69% bullish,of 13 ratings,$5.625
BBEPP,$13.51,1440688232147,"6,100",100% bearish,of 1 rating,N/A
BRID,$8.8,1440688232251,100,100% bearish,of 1 rating,N/A
BRCM,$51.25,1440688232280,"1,626,502",75% bullish,of 12 ratings,$56
BLIN,$1.3,1440688232316,3,50% bullish,of 2 ratings,$2.20
BCOV,$5.14,1440688232416,"29,856",67% bullish,of 3 ratings,$10.20
BSFT,$31.21,1440688232494,"76,371",57% bullish,of 7 ratings,$40.50
BVSN,$5.85,1440688232522,"2,628",60% bearish,of 5 ratings,N/A
BYFC,NULL,1440688232569,0,50% bullish,of 2 ratings,N/A
BWEN,$3.1775,1440688232791,"2,365",100% bullish,of 3 ratings,$8
BRCD,$10.6599,1440688232819,"724,491",92% bullish,of 13 ratings,$11.50
BRKS,$10.12,1440688232849,"19,174",67% bullish,of 3 ratings,$15.25
BRKL,$10.61,1440688232957,"55,854",100% bearish,of 1 rating,$10.75
BLMT,$20.69,1440688232986,"3,744",Not yet rated,NULL,N/A
BSQR,$6.19,1440688233028,"16,939",67% bullish,of 3 ratings,N/A
BMTC,$28.831,1440688233127,"17,606",Not yet rated,NULL,$34
BWLD,$196.38,1440688233319,"63,216",82% bullish,of 11 ratings,$205
BRKR,$18.65,1440688233351,"102,893",100% bearish,of 2 ratings,$22
BLDR,$13.96,1440688233381,"136,385",50% bullish,of 2 ratings,$22
BUR,NULL,1440688233406,0,100% bearish,of 1 rating,$8
CFFI,$35.38,1440688233452,500,100% bearish,of 1 rating,N/A
CHRW,$67.8,1440688233478,"274,927",Not yet rated,NULL,$72
CA,$27.035,1440688233632,"412,572",50% bullish,of 4 ratings,$33
CCMP,$43.375,1440688233678,"15,798",50% bullish,of 2 ratings,$59
CDNS,$19.75,1440688233766,"202,879",75% bullish,of 4 ratings,$22.50
CZR,$9.3936,1440688233866,"827,227",60% bearish,of 5 ratings,$10.50
CACQ,$7.08,1440688233917,"23,828",100% bearish,of 1 rating,$12.25
CSTE,$41.25,1440688233946,"122,312",50% bullish,of 2 ratings,$65
CDZI,$7.73,1440688233967,"2,388",100% bearish,of 1 rating,N/A
PRSS,$4.4409,1440688234111,"1,300",80% bullish,of 5 ratings,$4.50
CLBS,$1.36,1440688234237,"87,215",79% bullish,of 14 ratings,$4
CHI,$10.62,1440688234337,"103,767",100% bearish,of 1 rating,N/A
CFGE,$10.57,1440688234362,810,Not yet rated,NULL,N/A
CLMS,$10.5999,1440688234392,"24,798",Not yet rated,NULL,$10.50
CCD,$18.79,1440688234495,"67,961",Not yet rated,NULL,N/A
CHW,$7.56,1440688234524,"75,476",100% bearish,of 1 rating,N/A
CHY,$11.27,1440688234553,"76,150",Not yet rated,NULL,N/A
CGO,$12.1101,1440688234575,"11,978",100% bearish,of 1 rating,N/A
CSQ,$9.8999,1440688234797,"82,724",Not yet rated,NULL,N/A
CAMP,$15.95,1440688234823,"59,158",88% bullish,of 8 ratings,$25
CALA,$5.361,1440688234954,"159,181",100% bullish,of 3 ratings,$19.50
CVGW,$61.0192,1440688234983,"61,903",50% bullish,of 2 ratings,$58.50
CFNB,$13.31,1440688235085,310,100% bearish,of 1 rating,N/A
CALD,$15.6,1440688235141,"77,576",100% bearish,of 1 rating,$21
CLMT,$26.0101,1440688235167,"104,299",75% bullish,of 8 ratings,$31
CALM,$50.47,1440688235192,"115,868",80% bullish,of 5 ratings,$65
ABCD,$5.28,1440688235648,"43,498",83% bullish,of 6 ratings,N/A
CAMBU,NULL,1440688235807,0,100% bearish,of 1 rating,N/A
CAMT,$2.59,1440688235888,"19,387",73% bullish,of 11 ratings,$4
CAMB,$10.05,1440688235957,100,Not yet rated,NULL,N/A
CAMBW,NULL,1440688236018,0,Not yet rated,NULL,N/A
CAC,$40.23,1440688236043,"1,935",Not yet rated,NULL,N/A
CSIQ,$18.08,1440688236102,"809,306",86% bullish,of 28 ratings,$42.50
CBNJ,$11,1440688236272,"6,078",100% bullish,of 1 rating,N/A
CPHC,NULL,1440688236298,0,100% bearish,of 1 rating,N/A
CGIX,$10.165,1440688236328,"13,706",67% bullish,of 3 ratings,$14.375
CPLA,$48.3,1440688236361,"49,501",67% bearish,of 3 ratings,$65
CBF,$29.08,1440688236456,"13,637",Not yet rated,NULL,$32
CCBG,$14.79,1440688236483,"1,832",Not yet rated,NULL,$17.25
CPLP,$6.7505,1440688236527,"146,470",71% bullish,of 7 ratings,$11
CPTA,$13.72,1440688236679,"8,416",100% bearish,of 1 rating,$18.50
CSWC,$45.1411,1440688236760,"1,207",Not yet rated,NULL,N/A
CFFN,$12.02,1440688236867,"118,653",Not yet rated,NULL,$12.75
CAPN,$2.4299,1440688236911,"104,656",100% bullish,of 1 rating,$10.85
CPST,$0.3625,1440688236946,"204,050",95% bullish,of 22 ratings,$1.25
CAPNW,$0.6969,1440688236974,100,Not yet rated,NULL,N/A
CAPR,$4.31,1440688237040,"5,814",Not yet rated,NULL,$12
CARA,$19.1501,1440688237065,"54,060",50% bullish,of 4 ratings,$25
CARB,$11.18,1440688237104,"21,043",75% bullish,of 4 ratings,$12
CRDC,$0.324,1440688237268,"14,338",100% bullish,of 1 rating,$1.25
CBYL,$5.33,1440688237298,"10,187",100% bearish,of 1 rating,$20
CFNL,$22.02,1440688237324,"45,009",Not yet rated,NULL,$24
CSII,$23.43,1440688237454,"82,282",100% bearish,of 2 ratings,$42.125
CATM,$34.52,1440688237484,"29,674",100% bearish,of 1 rating,$44
CRME,$8.87,1440688237542,"1,600",89% bullish,of 9 ratings,$11.25
CDNA,$6.5,1440688237589,900,100% bearish,of 1 rating,$9
CTRE,$11.32,1440688237716,"88,680",50% bullish,of 2 ratings,$13.50
CECO,$3.54,1440688237746,"67,696",67% bearish,of 3 ratings,$6
CLBH,NULL,1440688237793,0,Not yet rated,NULL,$16.50
CKEC,$23.75,1440688237819,"37,163",50% bullish,of 2 ratings,$35.915
CARO,$15.5,1440688237847,376,100% bearish,of 1 rating,$19
CRZO,$32.475,1440688237979,"340,918",67% bearish,of 3 ratings,$55.50
CART,$5.35,1440688238004,100,100% bearish,of 1 rating,N/A
TAST,$12.58,1440688238143,"120,846",Not yet rated,NULL,$14.25
CARV,$7.3,1440688238227,250,50% bullish,of 2 ratings,N/A
CRTN,$2.63,1440688238271,600,100% bearish,of 1 rating,N/A
CACB,$5.27,1440688238362,"5,947",Not yet rated,NULL,$5.50
CSCD,$15,1440688238428,"9,682",100% bullish,of 2 ratings,$17
CASM,NULL,1440688238464,0,100% bullish,of 1 rating,$3.50
CASY,$107.37,1440688238526,"41,754",50% bullish,of 2 ratings,$99.50
CASI,$1.47,1440688238661,160,100% bullish,of 1 rating,$3.50
CASS,$49.33,1440688238811,"3,525",100% bearish,of 1 rating,N/A
CPRX,$3.81,1440688238879,"352,308",71% bullish,of 7 ratings,$7
CATY,$29.46,1440688238959,"82,796",100% bearish,of 1 rating,$33.50
CATB,$11.85,1440688238986,"4,629",100% bearish,of 1 rating,$28
CWST,$5.97,1440688239007,"45,487",50% bullish,of 2 ratings,$7.25
CATYW,NULL,1440688239039,0,100% bearish,of 1 rating,N/A
CVCO,$70.68,1440688239257,"5,379",100% bearish,of 1 rating,N/A
CAVM,$68.161,1440688239334,"78,608",67% bearish,of 3 ratings,$72
CNLM,NULL,1440688239390,0,Not yet rated,NULL,N/A
CNLMR,NULL,1440688239463,0,Not yet rated,NULL,N/A
CNLMU,NULL,1440688239551,0,100% bullish,of 1 rating,N/A
CBOE,$63.05,1440688239737,"88,157",Not yet rated,NULL,$60
CDW,$39.63,1440688239768,"380,076",75% bullish,of 4 ratings,$44
CDK,$48.74,1440688239794,"59,891",67% bearish,of 3 ratings,$50
CBFV,NULL,1440688239821,0,Not yet rated,NULL,$25
CPXX,$2.0601,1440688239867,"55,634",100% bullish,of 2 ratings,$7
CELG,$121.8,1440688239957,"1,074,306",92% bullish,of 13 ratings,$155.50
CECE,$9.29,1440688240030,"9,684",50% bullish,of 2 ratings,$16
CELGZ,$1.69,1440688240099,"4,500",80% bullish,of 5 ratings,N/A
CLDN,$1.0497,1440688240205,"21,799",71% bullish,of 7 ratings,$3
CLDX,$15.23,1440688240285,"420,023",89% bullish,of 9 ratings,$36
CNLMW,NULL,1440688240310,0,Not yet rated,NULL,N/A
CLRB,$3.1078,1440688240442,331,100% bearish,of 1 rating,N/A
CLRBW,NULL,1440688240476,0,Not yet rated,NULL,N/A
CLLS,$32.83,1440688240503,"38,364",75% bullish,of 4 ratings,$51.50
CBMG,$22.4,1440688240569,"16,242",50% bullish,of 2 ratings,N/A
CLSN,$2.05,1440688240595,"28,094",80% bullish,of 10 ratings,$7.50
CLTX,$2.3199,1440688240725,"168,038",100% bullish,of 2 ratings,N/A
CYAD,$49.53,1440688240750,"2,800",100% bullish,of 1 rating,$87.50
CEMP,$34.15,1440688240775,"142,104",71% bullish,of 7 ratings,$52
CSFL,$13.76,1440688240922,"54,044",Not yet rated,NULL,$15
CETX,$2.38,1440688240947,"6,300",Not yet rated,NULL,$5.60
CETV,$2.1175,1440688241005,"31,358",67% bullish,of 3 ratings,$2.80
CFBK,$1.371,1440688241087,100,Not yet rated,NULL,N/A
CENT,$11.96,1440688241189,"47,622",Not yet rated,NULL,$10
CENTA,$12.445,1440688241252,"74,386",Not yet rated,NULL,N/A
CENX,$5.315,1440688241279,"661,718",67% bullish,of 6 ratings,$9
CVCY,$11.25,1440688241309,"2,000",Not yet rated,NULL,$12
CPHD,$48.49,1440688241410,"107,271",67% bearish,of 3 ratings,$66.50
CNTY,$5.76,1440688241484,"15,750",80% bullish,of 5 ratings,$7.75
CRNT,$1.37,1440688241514,"23,380",50% bullish,of 2 ratings,$2
CNBKA,$41.91,1440688241560,396,50% bullish,of 2 ratings,N/A
CERE,$1.13,1440688241651,"87,887",88% bullish,of 8 ratings,N/A
CERN,$62.2,1440688241705,"338,697",67% bullish,of 3 ratings,$79
CERS,$4.9,1440688241780,"130,970",75% bullish,of 4 ratings,$7
KOOL,$0.6273,1440688241925,200,100% bullish,of 5 ratings,$7
CERU,$3.5201,1440688241950,"4,128",75% bullish,of 4 ratings,$15
CYOU,$20.73,1440688242030,"37,229",50% bullish,of 6 ratings,$24
CEVA,$18.2,1440688242115,"12,119",100% bearish,of 1 rating,$25
HOTRW,NULL,1440688242161,0,Not yet rated,NULL,N/A
CHTR,$180.34,1440688242295,"164,246",100% bearish,of 2 ratings,$196
CTHR,NULL,1440688242326,0,50% bullish,of 2 ratings,$2.50
GTLS,$23.02,1440688242403,"90,788",50% bullish,of 4 ratings,$40
CHFN,$12.47,1440688242435,"4,620",Not yet rated,NULL,$14
CHKP,$80.44,1440688242507,"276,433",50% bullish,of 4 ratings,$92
CHEK,$2.06,1440688242534,"2,678",Not yet rated,NULL,$7.75
CHEKW,NULL,1440688242561,0,Not yet rated,NULL,N/A
HOTR,$1.511,1440688242588,"26,033",100% bullish,of 2 ratings,$5
CEMI,$3.95,1440688242870,"3,854",50% bullish,of 2 ratings,$7.50
CHFC,$31.54,1440688242899,"11,773",100% bearish,of 1 rating,$36
CCXI,$7.01,1440688242926,"10,688",67% bullish,of 3 ratings,$14
CHKE,$26.17,1440688243003,"4,060",100% bearish,of 1 rating,$32.50
CHMG,$26.07,1440688243061,100,Not yet rated,NULL,$30
CHEV,$14.29,1440688243135,200,Not yet rated,NULL,N/A
CHMA,$26,1440688243206,"30,380",Not yet rated,NULL,$40
CBNK,NULL,1440688243278,0,100% bearish,of 1 rating,N/A
PLCE,$58.7,1440688243347,"61,040",100% bearish,of 1 rating,$69
CMRX,$49.79,1440688243417,"55,543",50% bullish,of 2 ratings,$57
CALI,$0.903,1440688243450,"1,020",67% bullish,of 3 ratings,N/A
CADC,NULL,1440688243488,0,78% bullish,of 9 ratings,N/A
CAAS,$6.08,1440688243545,"10,414",93% bullish,of 14 ratings,$11.50
CBAK,$1.87,1440688243615,"3,824",67% bullish,of 9 ratings,N/A
CBPO,$99.545,1440688243711,"54,649",75% bullish,of 8 ratings,$140.50
CCCL,$0.765,1440688243736,"4,910",100% bullish,of 6 ratings,N/A
JRJC,$3.26,1440688243999,"52,176",82% bullish,of 11 ratings,N/A
CHOP,NULL,1440688244029,0,50% bullish,of 2 ratings,N/A
CCCR,$0.74,1440688244055,"5,500",67% bearish,of 3 ratings,N/A
CNIT,$1.41,1440688244128,"20,400",67% bullish,of 6 ratings,N/A
HGSH,$1.7,1440688244189,"9,111",67% bullish,of 3 ratings,N/A
CHLN,$2.11,1440688244216,"5,401",67% bullish,of 3 ratings,N/A
CJJD,$1.89,1440688244242,"6,055",100% bullish,of 1 rating,N/A
CREG,$0.67,1440688244419,"8,200",100% bullish,of 3 ratings,N/A
HTHT,$25.99,1440688244449,"19,448",50% bullish,of 2 ratings,$28.40
CHNR,$1.71,1440688244477,16,100% bearish,of 1 rating,N/A
CPGI,$6.83,1440688244649,22,Not yet rated,NULL,N/A
CSUN,$1.45,1440688244681,"12,409",80% bullish,of 5 ratings,N/A
CNTF,$0.767,1440688244712,"48,032",Not yet rated,NULL,N/A
CXDC,$5.8399,1440688244814,"18,669",67% bearish,of 3 ratings,N/A
CNET,$0.8081,1440688244981,"166,164",50% bullish,of 2 ratings,N/A
CNYD,$2.98,1440688245046,700,67% bullish,of 3 ratings,N/A
IMOS,$17.21,1440688245071,"42,837",60% bullish,of 5 ratings,$21.50
CCIH,$6.58,1440688245099,"79,943",67% bullish,of 6 ratings,$12.65
CHSCP,$30.6499,1440688245238,"1,750",Not yet rated,NULL,N/A
CHSCM,$25.96,1440688245268,"4,619",Not yet rated,NULL,N/A
CHSCO,$28.1201,1440688245341,"1,680",Not yet rated,NULL,N/A
CHSCN,$26.7,1440688245374,601,Not yet rated,NULL,N/A
CHSCL,$27.12,1440688245479,"3,336",Not yet rated,NULL,N/A
CHDN,$135.305,1440688245560,"6,636",Not yet rated,NULL,$165
CHUY,$30.51,1440688245585,"37,068",50% bullish,of 2 ratings,$34
CDTX,$14.245,1440688245625,"6,409",Not yet rated,NULL,$22
CMCT,$15.32,1440688245788,42,100% bearish,of 1 rating,N/A
CIFC,$7.3,1440688245817,992,100% bearish,of 1 rating,N/A
CMPR,$69.295,1440688245919,"59,970",50% bullish,of 2 ratings,$72.50
CINF,$52.42,1440688245965,"78,471",50% bullish,of 4 ratings,$50.50
CTAS,$85.05,1440688245994,"92,549",100% bearish,of 1 rating,$91
CRUS,$29.11,1440688246096,"386,314",75% bullish,of 12 ratings,$44.50
CPHR,$5.88,1440688246143,"2,004",100% bearish,of 1 rating,$17
CSCO,$25.88,1440688246197,"4,834,705",84% bullish,of 208 ratings,$32
CIDM,$0.5829,1440688246229,"11,712",50% bullish,of 2 ratings,$2.10
CTRN,$26.81,1440688246361,"7,420",100% bearish,of 1 rating,$31.50
CZNC,$19.7238,1440688246495,"5,700",Not yet rated,NULL,N/A
CZWI,NULL,1440688246542,0,Not yet rated,NULL,N/A
CIZN,NULL,1440688246627,0,Not yet rated,NULL,N/A
CTXS,$69.43,1440688246651,"328,504",86% bullish,of 7 ratings,$80
CZFC,NULL,1440688246683,0,Not yet rated,NULL,N/A
CHCO,$46.83,1440688246846,"5,908",Not yet rated,NULL,$46
CIVB,$10.257,1440688246939,680,Not yet rated,NULL,$11
CIVBP,NULL,1440688246975,0,Not yet rated,NULL,N/A
CDTI,$1.65,1440688247009,"54,147",75% bullish,of 4 ratings,$3.20
CLNT,$1.36,1440688247107,"10,602",75% bullish,of 8 ratings,N/A
CLFD,$16.6,1440688247194,"10,989",67% bullish,of 3 ratings,$18
CLNE,$4.92,1440688247215,"416,771",80% bullish,of 15 ratings,$9
CLRO,$11.42,1440688247244,618,50% bullish,of 2 ratings,$14.25
CLIR,$4.84,1440688247375,"17,338",100% bullish,of 3 ratings,N/A
CBLI,$3.76,1440688247400,"10,756",60% bullish,of 5 ratings,N/A
CLVS,$75.73,1440688247622,"113,972",60% bullish,of 5 ratings,$101.50
CMFN,$11.45,1440688247649,"9,485",100% bearish,of 1 rating,$15.50
CSBK,$13.635,1440688247677,"21,244",Not yet rated,NULL,N/A
CME,$92.7846,1440688247707,"237,901",67% bullish,of 3 ratings,$102
CCNE,$16.85,1440688247813,"2,310",50% bullish,of 2 ratings,$21.50
CNV,$4.48,1440688247841,"11,418",50% bullish,of 2 ratings,$7.15
COKE,$157.42,1440688247870,"7,542",79% bullish,of 19 ratings,N/A
CISG,$7.7,1440688247971,"13,536",100% bullish,of 5 ratings,$10
COBZ,$12.95,1440688248011,"12,101",100% bullish,of 1 rating,$14
CWAY,$11.29,1440688248106,100,Not yet rated,NULL,N/A
JVA,$4.56,1440688248240,"10,080",83% bullish,of 6 ratings,$7
CVLY,$20.56,1440688248269,424,Not yet rated,NULL,N/A
CDRB,$12.65,1440688248290,"2,342",67% bullish,of 3 ratings,N/A
CDXS,$3.51,1440688248311,"3,775",64% bullish,of 11 ratings,$6
CGNT,$1.5099,1440688248513,"13,407",100% bullish,of 2 ratings,$2
COHR,$56.13,1440688248640,"23,398",50% bullish,of 2 ratings,$72
CTSH,$63.15,1440688248669,"580,886",90% bullish,of 10 ratings,$75
CHRS,$28.075,1440688248698,"48,226",67% bearish,of 3 ratings,$37
COHU,$9.43,1440688248728,"31,246",100% bearish,of 1 rating,$14.25
CGNX,$35.06,1440688248751,"119,138",50% bullish,of 2 ratings,$47
CCOI,$27.53,1440688248780,"59,934",50% bullish,of 4 ratings,$35
CLRX,$0.565,1440688248832,"18,507",50% bullish,of 2 ratings,N/A
CLCT,$18.51,1440688249024,"4,788",100% bearish,of 1 rating,N/A
COLL,$15.31,1440688249125,"7,922",100% bearish,of 1 rating,$26
CBAN,NULL,1440688249184,0,Not yet rated,NULL,N/A
CIGI,$43.41,1440688249219,860,100% bearish,of 1 rating,$52
CLCD,$6.494,1440688249279,"18,432",100% bearish,of 1 rating,$20.50
COLM,$61.85,1440688249432,"23,661",100% bearish,of 1 rating,$71
CMCO,$18.125,1440688249459,"12,714",60% bullish,of 5 ratings,$28
COLB,$30.1,1440688249542,"44,098",Not yet rated,NULL,$36
CMCSK,$57.16,1440688249587,"616,382",Not yet rated,NULL,$84
CBMX,$1.1105,1440688249617,"8,142",83% bullish,of 6 ratings,$3.15
CBSH,$44.65,1440688249675,"32,475",50% bullish,of 2 ratings,$46
CMCSA,$56.5,1440688249704,"2,088,388",66% bullish,of 35 ratings,$69.50
CUBN,NULL,1440688249732,0,Not yet rated,NULL,N/A
CVGI,$4.96,1440688249864,"21,659",50% bullish,of 2 ratings,$6
CBSHP,$25.36,1440688249889,122,100% bearish,of 1 rating,N/A
COMM,$30.95,1440688250133,"235,232",67% bearish,of 3 ratings,$35
CSAL,$20.73,1440688250165,"87,421",75% bullish,of 4 ratings,$30
JCS,NULL,1440688250201,0,67% bullish,of 3 ratings,N/A
CYHHZ,$0.01,1440688250259,"18,300",100% bullish,of 1 rating,N/A
COB,$10.31,1440688250327,"4,257",100% bullish,of 1 rating,$11.75
ESXB,$5.0611,1440688250354,"1,400",Not yet rated,NULL,N/A
CTBI,$34.29,1440688250380,"6,614",Not yet rated,NULL,$36
CWBC,$6.74,1440688250402,204,Not yet rated,NULL,N/A
CVLT,$36.0356,1440688250670,"94,899",75% bullish,of 4 ratings,$44.50
CDC,$34.59,1440688250738,"1,299",Not yet rated,NULL,N/A
CIL,NULL,1440688250765,0,Not yet rated,NULL,N/A
CID,NULL,1440688250785,0,Not yet rated,NULL,N/A
CIZ,$33.42,1440688250806,832,100% bearish,of 1 rating,N/A
CSA,NULL,1440688250839,0,Not yet rated,NULL,N/A
CSF,$36.32,1440688250996,"1,685",100% bearish,of 1 rating,N/A
CDL,NULL,1440688251128,0,Not yet rated,NULL,N/A
CSB,NULL,1440688251171,0,Not yet rated,NULL,N/A
CPSI,$45.2,1440688251197,"15,893",100% bearish,of 1 rating,$45.50
CGEN,$5.01,1440688251259,"28,303",50% bullish,of 2 ratings,$11
CFO,$35.37,1440688251284,"1,759",100% bearish,of 1 rating,N/A
CFA,$35.57,1440688251305,"9,967",100% bearish,of 1 rating,N/A
SCOR,$53.89,1440688251452,"50,677",100% bearish,of 1 rating,$66
CTG,$6.44,1440688251482,"8,610",100% bearish,of 1 rating,$8.50
CHCI,$0.748,1440688251773,"6,030",50% bullish,of 2 ratings,N/A
CNAT,$3.65,1440688251805,"31,635",83% bullish,of 6 ratings,$13
CMTL,$25.45,1440688251831,"21,004",100% bearish,of 2 ratings,$37
CNCE,$15.55,1440688251856,"39,884",75% bullish,of 4 ratings,$22
CXRX,$73.9,1440688251881,"1,900",100% bearish,of 1 rating,$90
CNSI,$18.99,1440688251906,"11,999",100% bearish,of 2 ratings,$29
CCUR,$4.649,1440688252050,"11,600",75% bullish,of 4 ratings,N/A
CDORP,NULL,1440688252079,0,100% bearish,of 1 rating,N/A
CDOR,$1.28,1440688252211,100,100% bullish,of 1 rating,N/A
CDORO,$17,1440688252241,162,100% bearish,of 1 rating,N/A
CNFR,$10.4644,1440688252272,"1,112",Not yet rated,NULL,N/A
CNMD,$53.04,1440688252292,"20,044",Not yet rated,NULL,$59
CTWS,$34.1,1440688252321,"3,490",100% bearish,of 1 rating,$44
CFMS,$19.745,1440688252373,"70,020",Not yet rated,NULL,$27
CONN,$31.075,1440688252661,"98,551",67% bullish,of 3 ratings,$48.50
CNOB,$19.2175,1440688252690,"9,576",100% bullish,of 1 rating,$23.50
CNSL,$19.43,1440688252763,"33,393",100% bearish,of 1 rating,$23
CTCT,$24.28,1440688252793,"36,505",67% bullish,of 3 ratings,$37
CNXR,$6.34,1440688252822,"13,905",100% bearish,of 1 rating,$12
CWCO,$10.287,1440688252867,"23,647",67% bullish,of 3 ratings,$14.50
CFRX,$5.08,1440688252895,"3,200",Not yet rated,NULL,$14
CPSS,$5.67,1440688252923,"10,670",100% bullish,of 1 rating,$10
CFRXZ,NULL,1440688253053,0,Not yet rated,NULL,N/A
CFRXW,$1.64,1440688253079,"1,229",100% bearish,of 1 rating,N/A
CTRV,$3.81,1440688253211,309,Not yet rated,NULL,$6.40
CRBP,$1.8801,1440688253236,"136,995",100% bullish,of 2 ratings,$6.25
CPRT,$34.41,1440688253381,"42,216",67% bearish,of 3 ratings,$40
CTRL,$8.27,1440688253430,"49,635",50% bullish,of 2 ratings,$11
CORT,$4.99,1440688253461,"77,468",67% bullish,of 3 ratings,$12
BVA,NULL,1440688253487,0,50% bullish,of 2 ratings,N/A
CORE,$58.81,1440688253663,"15,908",100% bearish,of 1 rating,$72
CORI,$10.35,1440688253741,"6,614",100% bearish,of 1 rating,$18
CSOD,$35.75,1440688253765,"164,404",50% bullish,of 2 ratings,$42
CRVL,$30.77,1440688253790,"3,668",100% bearish,of 1 rating,N/A
COSI,$1.1475,1440688253838,"49,934",100% bullish,of 1 rating,N/A
COST,$140.025,1440688253934,"465,676",79% bullish,of 24 ratings,$154.50
CSGP,$179.49,1440688253967,"24,357",50% bullish,of 2 ratings,$235
CPAH,$0.47,1440688254036,"3,779",50% bullish,of 2 ratings,N/A
ICBK,NULL,1440688254065,0,Not yet rated,NULL,$21
CVTI,$23.25,1440688254294,"25,734",67% bearish,of 3 ratings,$39
COWN,$5.06,1440688254320,"152,579",75% bullish,of 4 ratings,$7
COVS,$2.545,1440688254345,"14,292",67% bullish,of 3 ratings,N/A
CPSH,$2.24,1440688254476,"1,300",Not yet rated,NULL,N/A
COWNL,NULL,1440688254502,0,Not yet rated,NULL,N/A
CRAI,$21.58,1440688254523,"11,332",100% bearish,of 1 rating,$36
CBRL,$146.42,1440688254582,"50,358",50% bullish,of 2 ratings,$155
GLDI,$10.95,1440688254721,"5,474",100% bearish,of 1 rating,N/A
BREW,$7.64,1440688254747,"10,530",67% bullish,of 6 ratings,$15
CRAY,$20.461,1440688254797,"55,210",83% bullish,of 6 ratings,$38.50
CACC,$196,1440688254828,"25,248",50% bullish,of 2 ratings,$158.50
CREE,$26.43,1440688254850,"283,581",65% bullish,of 17 ratings,$29.50
SLVO,$9.8799,1440688254931,"13,933",100% bearish,of 1 rating,N/A
CRESY,$10.3,1440688255075,"8,624",100% bearish,of 1 rating,$19
CROX,$13.97,1440688255253,"195,040",63% bullish,of 8 ratings,$16.50
CCRN,$13.81,1440688255278,"44,132",100% bearish,of 1 rating,$14.25
CRTO,$44.37,1440688255318,"71,866",67% bullish,of 6 ratings,$64
CRWS,$8.1,1440688255446,"3,574",Not yet rated,NULL,$10
CYRXW,$0.869,1440688255504,"2,900",Not yet rated,NULL,N/A
CYRX,$2.8788,1440688255529,"2,764",Not yet rated,NULL,$9
CRDS,$1.05,1440688255559,"63,500",50% bullish,of 4 ratings,$4.50
CRWN,$4.4,1440688255664,"10,804",75% bullish,of 4 ratings,N/A
CSGS,$30.08,1440688255693,"26,134",Not yet rated,NULL,$40
CSPI,NULL,1440688255728,0,67% bullish,of 3 ratings,N/A
CCLP,$14.008,1440688255797,"13,591",67% bearish,of 3 ratings,$20
CTCM,$1.745,1440688255831,"89,007",80% bearish,of 5 ratings,$3.90
CTIC,$1.61,1440688255928,"550,842",84% bullish,of 76 ratings,$5.75
CTIB,$3.55,1440688255953,"3,299",100% bearish,of 1 rating,N/A
CTRP,$69.24,1440688256170,"839,655",75% bullish,of 8 ratings,$92
CUI,$5.06,1440688256195,"2,131",50% bullish,of 2 ratings,$10
CPIX,$6.01,1440688256221,900,Not yet rated,NULL,N/A
CUNB,$20.95,1440688256254,"2,462",Not yet rated,NULL,$24.50
CUTR,$14.24,1440688256354,"14,522",67% bearish,of 3 ratings,$18
CMLS,$1.41,1440688256375,"97,110",50% bullish,of 4 ratings,$6
CVBF,$16.04,1440688256409,"60,427",Not yet rated,NULL,$18
CRIS,$2.5,1440688256430,"83,176",100% bullish,of 8 ratings,$6
CYAN,$7.8,1440688256772,"3,402",100% bearish,of 1 rating,N/A
CYBX,$66.7101,1440688256798,"75,291",50% bullish,of 4 ratings,$71.50
CYBE,$6.18,1440688256823,"10,910",100% bearish,of 1 rating,N/A
CVV,$10.7875,1440688256872,"2,261",100% bullish,of 5 ratings,N/A
CYBR,$50.55,1440688256968,"438,929",75% bullish,of 8 ratings,$66
CYCC,$0.515,1440688257071,"5,792",73% bullish,of 11 ratings,N/A
CBAY,$2.63,1440688257166,"18,956",100% bullish,of 1 rating,$4
CYRN,$1.76,1440688257301,"5,750",67% bullish,of 3 ratings,$4
CYCCP,NULL,1440688257330,0,100% bearish,of 1 rating,N/A
CY,$9.665,1440688257357,"878,945",80% bullish,of 10 ratings,$15.50
CYNA,$16.07,1440688257383,"5,437",100% bullish,of 1 rating,$31.50
CONE,$31.6,1440688257411,"90,478",67% bearish,of 3 ratings,$35.50
CYTK,$6.8,1440688257514,"47,079",71% bullish,of 14 ratings,$13.50
CYTX,$0.31,1440688257542,"1,120,409",83% bullish,of 12 ratings,$5.50
CYNO,$31.9004,1440688257567,"42,248",67% bearish,of 3 ratings,$45.50
CTSO,$6.4688,1440688257754,"16,720",Not yet rated,NULL,$15.625
TVIX,$11.1799,1440688257954,"4,722,047",81% bullish,of 16 ratings,N/A
DAEG,NULL,1440688257979,0,100% bearish,of 1 rating,N/A
XIV,$29.55,1440688258003,"9,725,010",75% bearish,of 4 ratings,N/A
TVIZ,$16.4185,1440688258029,"4,942",100% bearish,of 1 rating,N/A
CYTR,$2.32,1440688258050,"182,867",67% bullish,of 6 ratings,$10
ZIV,$43.1768,1440688258080,"45,096",Not yet rated,NULL,N/A
DJCO,$196.33,1440688258213,360,Not yet rated,NULL,N/A
DAKT,$8.555,1440688258238,"113,752",50% bullish,of 2 ratings,$14
DARA,$0.8499,1440688258378,"32,559",83% bullish,of 6 ratings,$1.50
DTLK,$5.51,1440688258409,"14,509",100% bearish,of 1 rating,$9
DWCH,$5.0201,1440688258438,"12,302",75% bullish,of 4 ratings,$8.25
DAIO,$2.63,1440688258542,404,Not yet rated,NULL,N/A
DRAM,$1.19,1440688258570,"8,820",78% bullish,of 9 ratings,N/A
PLAY,$34.82,1440688258753,"91,619",100% bullish,of 5 ratings,$42
DWSN,$4.315,1440688258783,"3,090",67% bullish,of 3 ratings,N/A
DTEA,$12.66,1440688258804,"20,557",100% bearish,of 2 ratings,$24
TRAK,$62.82,1440688258886,"102,374",50% bullish,of 2 ratings,$62.50
TACO,$13.18,1440688258975,"11,436",75% bullish,of 4 ratings,$20
DHRM,$1.4989,1440688259016,500,Not yet rated,NULL,N/A
DFRG,$14.48,1440688259041,"27,079",100% bearish,of 1 rating,$20
DBVT,$40.96,1440688259073,"74,412",100% bearish,of 1 rating,$53
TACOW,NULL,1440688259175,0,100% bullish,of 1 rating,N/A
DGAS,$20.69,1440688259225,442,67% bearish,of 3 ratings,N/A
DCTH,$0.3949,1440688259250,"64,845",78% bullish,of 9 ratings,N/A
DELTW,NULL,1440688259489,0,Not yet rated,NULL,N/A
DELT,$2.5,1440688259620,800,Not yet rated,NULL,N/A
DEPO,$29.34,1440688259651,"117,178",60% bullish,of 5 ratings,$29
DENN,$11.53,1440688259672,"54,851",100% bullish,of 3 ratings,$15
XRAY,$53.145,1440688259706,"88,311",100% bullish,of 1 rating,$58
DEST,$11.097,1440688259757,"29,482",50% bullish,of 2 ratings,N/A
DERM,$25.33,1440688259802,"28,584",100% bearish,of 1 rating,$33.50
DSCI,$5.87,1440688259863,"10,880",50% bullish,of 2 ratings,$16
DXLG,$5.15,1440688259908,"75,792",100% bearish,of 1 rating,$8
DXM,$0.3106,1440688260104,"20,718",50% bullish,of 2 ratings,N/A
DSWL,NULL,1440688260236,0,100% bullish,of 1 rating,N/A
DXCM,$93.13,1440688260295,"156,751",57% bullish,of 7 ratings,$98
DHIL,$191.87,1440688260342,560,Not yet rated,NULL,N/A
DHXM,NULL,1440688260388,0,Not yet rated,NULL,N/A
FANG,$66.5,1440688260522,"171,924",50% bullish,of 2 ratings,$86.50
DCIX,$1.71,1440688260614,"34,311",50% bullish,of 4 ratings,$3.50
DRNA,$10.75,1440688260662,"15,438",67% bearish,of 3 ratings,$25
DMND,$28.12,1440688260692,"40,507",75% bullish,of 12 ratings,$32
DGII,$9.61,1440688260713,"17,246",100% bearish,of 1 rating,$10
DRAD,$3.6875,1440688260749,"7,762",100% bullish,of 1 rating,$5.25
DGLY,$8.0288,1440688260770,"101,449",50% bullish,of 6 ratings,$20
DMRC,$34.665,1440688260803,"11,332",100% bearish,of 1 rating,$44
APPS,$2.3,1440688260978,"17,116",100% bearish,of 1 rating,$10.25
DIOD,$19.68,1440688261110,"26,216",75% bearish,of 4 ratings,$24
DCOM,$16.84,1440688261186,"61,709",100% bearish,of 2 ratings,$16.50
DPRX,$12.51,1440688261254,"2,306",100% bullish,of 2 ratings,$27.75
DISCA,$27.05,1440688261284,"334,053",67% bullish,of 3 ratings,$34
DISCB,NULL,1440688261311,0,100% bearish,of 1 rating,$35
DISH,$59.21,1440688261458,"294,856",69% bullish,of 13 ratings,$73
DSCO,$0.3615,1440688261494,"77,199",83% bullish,of 6 ratings,$2.75
DVCR,$11.19,1440688261520,902,100% bullish,of 1 rating,N/A
DISCK,$25.54,1440688261590,"128,218",100% bearish,of 1 rating,$32
DLHC,$2.45,1440688261618,"1,034",100% bearish,of 1 rating,N/A
BAGR,$2.73,1440688261678,"13,303",100% bearish,of 1 rating,$6
DLTR,$76.57,1440688261705,"1,522,457",82% bullish,of 11 ratings,$88
DGICB,NULL,1440688261838,0,100% bearish,of 1 rating,N/A
DNBF,$26.3,1440688261928,200,Not yet rated,NULL,$27.50
DGICA,$14.22,1440688262010,"4,286",100% bearish,of 1 rating,$17
DORM,$50.87,1440688262153,"25,590",100% bearish,of 1 rating,$56
DMLP,$14.4138,1440688262180,"17,745",100% bearish,of 1 rating,N/A
HILL,$9.675,1440688262201,"269,788",60% bearish,of 5 ratings,$9.75
DRWI,$0.2197,1440688262336,"30,896",60% bullish,of 5 ratings,$.45
DRWIW,$0.049,1440688262394,400,Not yet rated,NULL,N/A
DWA,$20.23,1440688262473,"139,596",63% bullish,of 8 ratings,$26
DSKX,$3.305,1440688262528,"24,000",100% bullish,of 1 rating,N/A
DRYS,$0.403,1440688262572,"1,767,443",77% bullish,of 31 ratings,$.60
CADT,NULL,1440688262628,0,Not yet rated,NULL,N/A
CADTR,$0.2,1440688262657,"10,500",Not yet rated,NULL,N/A
DSPG,$8.65,1440688262706,"12,638",100% bearish,of 1 rating,$13.50
CADTW,NULL,1440688262875,0,Not yet rated,NULL,N/A
CADTU,NULL,1440688262911,0,Not yet rated,NULL,N/A
DNKN,$51.3603,1440688263148,"168,067",67% bullish,of 15 ratings,$56.50
BOOM,$9.32,1440688263182,"16,436",67% bullish,of 3 ratings,$12
DRRX,$2.04,1440688263203,"41,851",50% bullish,of 6 ratings,$3
DTSI,$26.39,1440688263236,"12,008",100% bearish,of 2 ratings,$39.50
DXPE,$26.58,1440688263279,"166,681",50% bullish,of 2 ratings,N/A
DYAX,$23.82,1440688263304,"238,178",89% bullish,of 9 ratings,$30
DYSL,$1.4992,1440688263331,"18,622",100% bullish,of 2 ratings,N/A
DYNT,$2.9999,1440688263363,"5,347",75% bullish,of 4 ratings,N/A
DVAX,$28.55,1440688263566,"91,866",70% bullish,of 10 ratings,$40
EBMT,NULL,1440688263595,0,Not yet rated,NULL,$13.50
EGBN,$41.56,1440688263620,"18,421",Not yet rated,NULL,$48
ETFC,$26.28,1440688263701,"945,981",57% bullish,of 14 ratings,$32.50
EGLE,$6.54,1440688263752,"3,764",60% bullish,of 5 ratings,N/A
EGRX,$82.3,1440688263835,"127,709",67% bullish,of 3 ratings,$97
EWBC,$39.875,1440688264004,"188,725",100% bearish,of 1 rating,$50
ELNK,$8.415,1440688264041,"102,810",60% bullish,of 5 ratings,$9.50
EACQU,NULL,1440688264061,0,Not yet rated,NULL,N/A
EBAY,$27.0636,1440688264138,"3,539,619",81% bullish,of 117 ratings,$48
EROC,$1.42,1440688264165,"151,977",50% bullish,of 2 ratings,$3
EML,$16.74,1440688264195,502,Not yet rated,NULL,N/A
ELON,$0.5439,1440688264398,"10,530",50% bullish,of 2 ratings,N/A
EVBS,NULL,1440688264425,0,Not yet rated,NULL,$7
ECHO,$23.37,1440688264451,"49,429",67% bearish,of 3 ratings,$35.50
EBIX,$28.1463,1440688264495,"100,300",69% bullish,of 13 ratings,$40
ECTE,$1.55,1440688264623,634,75% bullish,of 4 ratings,N/A
SATS,$44.15,1440688264722,"9,037",50% bullish,of 2 ratings,$60
ECACU,$10.06,1440688264858,100,Not yet rated,NULL,N/A
ESES,NULL,1440688264879,0,100% bearish,of 1 rating,$7
EEI,$11.32,1440688264914,"3,250",67% bearish,of 3 ratings,N/A
EDGW,$6.66,1440688264944,474,100% bearish,of 1 rating,N/A
EDAP,$3.53,1440688264965,"59,120",60% bullish,of 5 ratings,$4.50
EDUC,$5.1056,1440688264997,"2,073",100% bearish,of 1 rating,N/A
EFUT,$4.3127,1440688265046,"1,000",Not yet rated,NULL,N/A
EGAN,$3.4,1440688265239,"8,640",50% bullish,of 2 ratings,$6.25
EGLT,$10.36,1440688265317,"11,320",50% bullish,of 2 ratings,$21
EHTH,$14.065,1440688265343,"16,166",50% bullish,of 4 ratings,$16.50
EMITF,$1.2499,1440688265377,"2,694",75% bullish,of 4 ratings,N/A
LOCO,$12.71,1440688265402,"273,521",69% bullish,of 13 ratings,$20
ERI,$9.45,1440688265609,"20,347",100% bearish,of 1 rating,$10
ESIO,$4.245,1440688265662,"13,954",50% bullish,of 2 ratings,$10
ESLT,$76.9599,1440688265693,"1,968",67% bullish,of 3 ratings,N/A
EFII,$43.865,1440688265739,"42,017",80% bullish,of 5 ratings,$55
EA,$66.8104,1440688265765,"397,929",77% bullish,of 35 ratings,$80
ELRC,$10.36,1440688265825,"9,532",100% bearish,of 1 rating,N/A
ELSE,$4.01,1440688265850,"1,097",60% bullish,of 5 ratings,N/A
ELEC,NULL,1440688266054,0,Not yet rated,NULL,N/A
ELECU,NULL,1440688266132,0,Not yet rated,NULL,N/A
ELECW,NULL,1440688266469,0,Not yet rated,NULL,N/A
EBIO,$3.41,1440688266787,"104,540",100% bearish,of 2 ratings,$8.35
CAPX,$22.58,1440688267039,"4,000",Not yet rated,NULL,N/A
EMCI,$23.05,1440688267067,"3,321",Not yet rated,NULL,N/A
RDEN,$10.65,1440688267088,"14,090",100% bearish,of 4 ratings,$15
LONG,$17.03,1440688267109,"8,362",67% bullish,of 3 ratings,$15.75
ESBK,$19.62,1440688267145,340,Not yet rated,NULL,N/A
ELTK,$1.2189,1440688267166,"42,564",67% bearish,of 3 ratings,N/A
EMCF,NULL,1440688267186,0,100% bearish,of 1 rating,N/A
EMKR,$6.88,1440688267324,"14,616",75% bullish,of 4 ratings,$8.50
NYNY,$4.255,1440688267451,"4,918",50% bullish,of 2 ratings,N/A
ENTA,$41.67,1440688267481,"30,796",50% bullish,of 2 ratings,$42
EMMS,NULL,1440688267508,0,83% bullish,of 6 ratings,N/A
ERS,$2.88,1440688267533,"1,400",Not yet rated,NULL,N/A
EMMSP,NULL,1440688267558,0,100% bearish,of 1 rating,N/A
ECPG,$39.23,1440688267615,"33,455",100% bullish,of 2 ratings,$52
WIRE,$31.09,1440688267847,"22,270",100% bearish,of 1 rating,$37
ENDP,$79.19,1440688267878,"226,851",50% bullish,of 6 ratings,$104
ECYT,$5.18,1440688267904,"40,870",83% bullish,of 6 ratings,$12
ELGX,$12.8,1440688267947,"74,789",75% bullish,of 4 ratings,$17
EIGI,$15.25,1440688267973,"77,285",67% bearish,of 3 ratings,$22.50
WATT,$6.3101,1440688268039,"23,544",50% bullish,of 2 ratings,$13
EFOI,$21.0999,1440688268119,"485,943",50% bullish,of 2 ratings,$20.50
EXXI,$1.7351,1440688268259,"777,007",86% bullish,of 7 ratings,$3.50
ERII,$2.67,1440688268288,"4,519",80% bullish,of 5 ratings,$2.50
ESGR,$147.39,1440688268362,"1,345",100% bearish,of 1 rating,$185
ENPH,$4.6822,1440688268393,"170,085",75% bullish,of 4 ratings,$11
ENOC,$8.42,1440688268493,"30,362",75% bullish,of 4 ratings,$18
ENG,NULL,1440688268538,0,100% bullish,of 3 ratings,N/A
ENFC,NULL,1440688268566,0,Not yet rated,NULL,N/A
ENTG,$13.67,1440688268705,"71,927",100% bearish,of 1 rating,$18
ENTL,$21.9,1440688268733,"2,308",Not yet rated,NULL,$28
ETRM,$0.2597,1440688268785,"371,981",69% bearish,of 35 ratings,$1.625
EBTC,$21.16,1440688268837,"1,880",Not yet rated,NULL,N/A
EFSC,$23.65,1440688268887,"18,684",Not yet rated,NULL,$27
EGT,$1.94,1440688269028,106,100% bullish,of 1 rating,N/A
ENVI,$1.9,1440688269078,"30,529",67% bullish,of 3 ratings,N/A
ENZN,$1.0421,1440688269106,"289,898",100% bullish,of 9 ratings,N/A
ENZY,$9.19,1440688269127,"2,577",67% bullish,of 3 ratings,$9.50
EPIQ,$13.03,1440688269259,"18,016",100% bearish,of 1 rating,$18
EPRS,$4.97,1440688269286,"14,047",82% bullish,of 11 ratings,$15
PLUS,$75.15,1440688269313,"22,852",50% bullish,of 2 ratings,$88
EPZM,$17.675,1440688269334,"97,460",60% bullish,of 5 ratings,$34
EQIX,$263.45,1440688269481,"77,478",75% bullish,of 4 ratings,$312.50
EAC,$3.24,1440688269548,"2,712",100% bearish,of 1 rating,$8
EQFN,NULL,1440688269575,0,100% bearish,of 1 rating,N/A
ERIE,$82.285,1440688269820,"2,622",Not yet rated,NULL,$73
ESCRP,$1.4,1440688269848,"1,750",100% bearish,of 1 rating,N/A
ESCA,$17.0675,1440688269869,"2,312",100% bearish,of 1 rating,$22
ESCR,$0.165,1440688269897,"93,324",50% bullish,of 2 ratings,N/A
ERIC,$9.85,1440688269923,"313,763",67% bullish,of 9 ratings,$12.20
ESPR,$52.3299,1440688270052,"151,355",70% bearish,of 10 ratings,$123
ESMC,NULL,1440688270103,0,Not yet rated,NULL,N/A
ESSA,$12.76,1440688270129,446,100% bearish,of 1 rating,N/A
ESND,$33.91,1440688270289,"15,537",100% bearish,of 2 ratings,$40
ETSY,$13.996,1440688270316,"193,699",80% bullish,of 5 ratings,$16
EPIX,NULL,1440688270341,0,Not yet rated,NULL,N/A
CLWT,$2.4415,1440688270368,100,100% bearish,of 1 rating,N/A
ESSX,$0.3706,1440688270393,"30,419",50% bullish,of 2 ratings,N/A
EEFT,$64.54,1440688270678,"35,569",100% bearish,of 1 rating,$67.50
ESEA,$5.55,1440688270748,401,100% bullish,of 1 rating,$15
EVOL,$6.18,1440688270773,"1,410",75% bullish,of 4 ratings,$10
EVK,$3.75,1440688270808,300,75% bearish,of 4 ratings,N/A
EVOK,$4.01,1440688270841,"5,886",100% bearish,of 1 rating,$13.375
EVLV,$2.54,1440688270938,"65,483",60% bullish,of 5 ratings,$6
EXA,$11.21,1440688270967,"2,862",100% bearish,of 1 rating,$13
EVEP,$7.9301,1440688270994,"98,641",50% bullish,of 2 ratings,$15
EXAC,$18.06,1440688271198,"5,408",100% bearish,of 1 rating,$22.50
EXEL,$5.8599,1440688271275,"3,311,861",81% bullish,of 16 ratings,$6
EXAS,$21.91,1440688271302,"245,412",78% bullish,of 9 ratings,$31
EXFO,$2.83,1440688271458,"13,848",67% bearish,of 3 ratings,$3.95
EXLS,$35.4,1440688271510,"28,197",50% bullish,of 2 ratings,$41
EXPO,$41.88,1440688271538,"11,223",100% bearish,of 1 rating,$45.50
EXPE,$116.99,1440688271564,"213,312",64% bullish,of 11 ratings,$130
EXPD,$49.85,1440688271641,"262,472",80% bullish,of 5 ratings,$52
ESRX,$84.78,1440688271737,"464,034",67% bearish,of 6 ratings,$101
EXLP,$19.13,1440688271766,"36,181",100% bearish,of 1 rating,$25
EXTR,$2.79,1440688271836,"83,913",80% bullish,of 5 ratings,$3
EYEGW,$0.9024,1440688271939,172,Not yet rated,NULL,N/A
EZCH,$22.05,1440688271965,"46,495",75% bullish,of 8 ratings,$19.50
EYEG,$3.63,1440688272038,"4,035",Not yet rated,NULL,N/A
FFIV,$125.34,1440688272140,"204,132",63% bullish,of 8 ratings,$132
EZPW,$5.82,1440688272189,"34,305",50% bullish,of 4 ratings,$7.50
FB,$89.4,1440688272291,"9,764,578",73% bullish,of 1067 ratings,$111
FRP,$15.52,1440688272354,"17,254",100% bearish,of 1 rating,$18
FCS,$13.545,1440688272381,"172,519",67% bearish,of 3 ratings,$17
FWM,$2.4764,1440688272425,"42,939",100% bearish,of 2 ratings,$3.20
FALC,$1.6501,1440688272562,"57,390",63% bearish,of 8 ratings,N/A
FARM,$21.47,1440688272606,"20,650",100% bearish,of 1 rating,$35
DAVE,$14.58,1440688272665,"1,022",100% bearish,of 1 rating,$15.50
FFKT,$25.7699,1440688272708,"1,836",Not yet rated,NULL,$29
FARO,$37.6,1440688272804,"12,773",50% bullish,of 2 ratings,$48
FAST,$38.8,1440688272836,"549,390",80% bullish,of 5 ratings,$45.50
FATE,$6.69,1440688272908,"4,704",50% bullish,of 2 ratings,$11
FMNB,$8.09,1440688272978,"10,772",Not yet rated,NULL,N/A
FBSS,NULL,1440688273009,0,Not yet rated,NULL,N/A
FBRC,$21.75,1440688273111,"28,820",100% bearish,of 1 rating,$29
FDML,$8.52,1440688273138,"93,520",50% bullish,of 4 ratings,$14
FNHC,$21.9,1440688273167,"12,206",100% bearish,of 1 rating,$35
FEIC,$74.81,1440688273301,"50,378",50% bullish,of 2 ratings,$95.50
FHCO,$1.34,1440688273376,"2,801",50% bullish,of 4 ratings,N/A
FENX,$9.47,1440688273473,"7,524",100% bullish,of 1 rating,$14.25
FCSC,$5.51,1440688273499,"26,522",100% bearish,of 1 rating,$8.125
FGEN,$23.6,1440688273567,"45,592",100% bearish,of 1 rating,$39
ONEQ,$188.53,1440688273628,"18,183",100% bullish,of 1 rating,N/A
LION,$18.64,1440688273657,"20,603",100% bullish,of 1 rating,$20
FDUS,$14.11,1440688273684,"8,957",50% bullish,of 2 ratings,$18
FRGI,$51.85,1440688273709,"42,924",50% bullish,of 2 ratings,$70
FSC,$6.395,1440688273971,"253,692",60% bullish,of 5 ratings,$8
FSAM,$8.3,1440688274005,"2,314",100% bearish,of 1 rating,$10.25
FSCFL,$24.35,1440688274026,"2,106",Not yet rated,NULL,N/A
FITB,$19.8,1440688274102,"1,835,708",54% bullish,of 13 ratings,$22
FSFR,$8.81,1440688274127,"12,787",100% bearish,of 1 rating,$11.50
FITBI,$27.519,1440688274180,"6,499",Not yet rated,NULL,N/A
FNGN,$32.73,1440688274206,"67,867",67% bullish,of 3 ratings,$47
FISI,$24.4,1440688274382,"3,580",100% bullish,of 2 ratings,$24.50
FNSR,$15.59,1440688274408,"220,674",71% bullish,of 7 ratings,$24.50
FNTC,$9.83,1440688274429,1,Not yet rated,NULL,N/A
FNTCU,NULL,1440688274563,0,Not yet rated,NULL,N/A
FNJN,$1.9364,1440688274591,"34,389",100% bearish,of 1 rating,$5
FNTCW,NULL,1440688274612,0,Not yet rated,NULL,N/A
FEYE,$39.2699,1440688274643,"952,429",87% bullish,of 15 ratings,$55.50
FBNC,$16.91,1440688274777,"4,210",100% bullish,of 1 rating,$20
FNLC,$18.51,1440688274875,"3,266",100% bullish,of 1 rating,N/A
FBIZ,$44.07,1440688274969,"5,950",100% bearish,of 2 ratings,$52
FRBA,NULL,1440688275002,0,Not yet rated,NULL,$8
FCVA,NULL,1440688275030,0,Not yet rated,NULL,N/A
BUSE,$6.31,1440688275051,"15,538",Not yet rated,NULL,$6.875
FCAP,$27.4,1440688275186,88,Not yet rated,NULL,N/A
FCNCA,$237.24,1440688275213,"1,659",Not yet rated,NULL,N/A
FCFS,$39.42,1440688275240,"25,389",100% bearish,of 3 ratings,$48
FCLF,NULL,1440688275425,0,Not yet rated,NULL,N/A
FCBC,$17.33,1440688275475,"5,085",Not yet rated,NULL,$18
FCFP,$6.823,1440688275501,250,Not yet rated,NULL,N/A
FCCO,$12.05,1440688275558,"3,350",Not yet rated,NULL,$13.25
FDEF,$37.73,1440688275583,"10,512",Not yet rated,NULL,$38
FBNK,$16.94,1440688275630,"8,957",100% bearish,of 1 rating,$17.50
FFBC,$18.28,1440688275761,"31,115",67% bearish,of 3 ratings,$20.25
FFNM,$6.1701,1440688275890,850,Not yet rated,NULL,N/A
FFBCW,NULL,1440688275915,0,100% bearish,of 1 rating,N/A
FFIN,$30.61,1440688275972,"32,699",50% bullish,of 2 ratings,$31.75
THFF,$32.81,1440688275998,"5,212",Not yet rated,NULL,$35
FFNW,$11.9547,1440688276133,"4,100",Not yet rated,NULL,$14
FFWM,$20.9,1440688276158,"20,004",Not yet rated,NULL,$24
FIBK,$26.42,1440688276210,"23,068",Not yet rated,NULL,$32
FRME,$25.63,1440688276346,"23,466",Not yet rated,NULL,$26.50
INBK,$30.2594,1440688276377,"2,424",50% bullish,of 2 ratings,$37
FNFG,$9.035,1440688276448,"533,296",80% bullish,of 5 ratings,$9
FMBH,NULL,1440688276472,0,Not yet rated,NULL,N/A
FMBI,$17.44,1440688276519,"49,215",Not yet rated,NULL,$20
FNBC,$34.15,1440688276691,"20,648",Not yet rated,NULL,$40
FSFG,NULL,1440688276768,0,Not yet rated,NULL,N/A
FNWB,NULL,1440688276796,0,Not yet rated,NULL,N/A
FSGI,$2.47,1440688276868,75,Not yet rated,NULL,N/A
FSLR,$47.82,1440688276951,"402,935",72% bullish,of 39 ratings,$65
BICK,$19.84,1440688276976,"4,440",100% bullish,of 1 rating,N/A
FSBK,$7.63,1440688277010,100,100% bullish,of 1 rating,N/A
FBZ,NULL,1440688277203,0,Not yet rated,NULL,N/A
FCAN,$24.2145,1440688277253,"1,196",Not yet rated,NULL,N/A
FTCS,$36.5799,1440688277356,"8,644",100% bearish,of 1 rating,N/A
FCA,$19.88,1440688277419,"1,127",Not yet rated,NULL,N/A
IFV,$17.905,1440688277448,"141,539",100% bearish,of 1 rating,N/A
FV,$23.5198,1440688277475,"941,852",100% bearish,of 1 rating,N/A
FEMB,NULL,1440688277500,0,Not yet rated,NULL,N/A
FTSM,$59.8468,1440688277693,"2,265",100% bearish,of 1 rating,N/A
FEUZ,NULL,1440688277838,0,Not yet rated,NULL,N/A
TDIV,$24.6151,1440688277863,"30,689",100% bearish,of 1 rating,N/A
FGM,$35.8771,1440688277914,"3,455",Not yet rated,NULL,N/A
FTHI,$19.375,1440688278003,"2,500",Not yet rated,NULL,N/A
FTGC,$22.0976,1440688278033,"4,100",Not yet rated,NULL,N/A
MDIV,$19.17,1440688278054,"40,962",Not yet rated,NULL,N/A
HYLS,$49.56,1440688278180,"7,088",100% bearish,of 1 rating,N/A
FHK,$33.85,1440688278283,"8,468",Not yet rated,NULL,N/A
FPXI,$27.38,1440688278349,100,Not yet rated,NULL,N/A
SKYY,$28.9553,1440688278415,"15,497",100% bullish,of 1 rating,N/A
CU,$12.869,1440688278454,"2,005",100% bearish,of 1 rating,N/A
YDIV,$16.3783,1440688278482,"3,736",Not yet rated,NULL,N/A
PLTM,$6.2355,1440688278556,"10,875",100% bearish,of 1 rating,N/A
FJP,$47.2376,1440688278642,"1,089",Not yet rated,NULL,N/A
FTLB,$19.3595,1440688278731,"1,100",100% bearish,of 1 rating,N/A
FMB,$51.1425,1440688278862,165,Not yet rated,NULL,N/A
LMBS,$50.14,1440688278895,300,Not yet rated,NULL,N/A
QABA,$37.2622,1440688278967,"5,566",100% bearish,of 1 rating,N/A
CIBR,$17.95,1440688278994,"46,159",Not yet rated,NULL,N/A
FONE,NULL,1440688279020,0,Not yet rated,NULL,N/A
GRID,NULL,1440688279047,0,100% bearish,of 1 rating,N/A
QCLN,$14.84,1440688279177,"12,437",Not yet rated,NULL,N/A
RDVY,$21.1101,1440688279313,"4,215",Not yet rated,NULL,N/A
CARZ,$34.81,1440688279338,"3,652",100% bearish,of 1 rating,N/A
QQXT,$40.6162,1440688279411,"18,155",Not yet rated,NULL,N/A
QTEC,$40.1199,1440688279480,"29,491",Not yet rated,NULL,N/A
QQEW,$41.9027,1440688279644,"20,799",Not yet rated,NULL,N/A
AIRR,$16.04,1440688279671,"1,024",100% bearish,of 1 rating,N/A
FTSL,$48.56,1440688279708,"19,064",100% bearish,of 1 rating,N/A
FKO,$23.07,1440688279743,47,Not yet rated,NULL,N/A
QINC,NULL,1440688279808,0,Not yet rated,NULL,N/A
FDIV,$46.46,1440688279836,300,100% bearish,of 1 rating,N/A
TUSA,$24.8599,1440688279863,389,Not yet rated,NULL,N/A
FSZ,$39.23,1440688279917,"4,678",Not yet rated,NULL,N/A
FKU,$41.595,1440688280136,"4,626",Not yet rated,NULL,N/A
FTW,NULL,1440688280161,0,Not yet rated,NULL,N/A
FUNC,$8.2,1440688280204,300,Not yet rated,NULL,N/A
SVVC,$9.4,1440688280336,"7,425",50% bullish,of 2 ratings,$26
FMER,$17.89,1440688280441,"203,381",50% bullish,of 2 ratings,$20
FSV,$31.22,1440688280474,"1,233",Not yet rated,NULL,$33.60
FPRX,$18.83,1440688280514,"45,886",50% bullish,of 2 ratings,$35
FIVN,$3.95,1440688280610,"29,186",100% bullish,of 1 rating,$8.50
FIVE,$36.87,1440688280667,"107,346",75% bearish,of 4 ratings,$44
FISV,$85.66,1440688280691,"215,181",100% bearish,of 3 ratings,$90
FLML,$22.35,1440688280715,"54,112",50% bullish,of 2 ratings,$30
FLKS,$12.432,1440688280763,"4,762",50% bullish,of 2 ratings,$27
FLXN,$24.55,1440688280860,"29,050",100% bearish,of 1 rating,$40
SKOR,NULL,1440688280934,0,Not yet rated,NULL,N/A
FLXS,$31.47,1440688281169,"7,690",100% bearish,of 2 ratings,N/A
MBSD,NULL,1440688281193,0,Not yet rated,NULL,N/A
FLEX,$10.645,1440688281219,"471,914",63% bullish,of 8 ratings,$12
FLIR,$28.64,1440688281270,"280,707",100% bearish,of 1 rating,$38.50
FLDM,$11.13,1440688281295,"141,675",67% bearish,of 3 ratings,$15
FOMX,$9.9,1440688281355,"25,977",50% bullish,of 2 ratings,$23.50
FFIC,$19.9285,1440688281427,"10,868",Not yet rated,NULL,$21
FOGO,$18.1,1440688281497,"27,816",50% bullish,of 2 ratings,$25.50
FORM,$6.15,1440688281560,"27,551",67% bullish,of 3 ratings,$10.50
FES,$0.95,1440688281641,"21,678",50% bullish,of 2 ratings,$1
FORTY,NULL,1440688281670,0,100% bearish,of 1 rating,N/A
FONR,$9.737,1440688281692,"3,796",100% bullish,of 1 rating,N/A
FORR,$31.72,1440688281722,"9,208",Not yet rated,NULL,N/A
FTNT,$43.11,1440688281888,"185,994",80% bullish,of 10 ratings,$52
FBIO,$2.63,1440688281918,"19,800",83% bullish,of 6 ratings,N/A
FORD,$2.28,1440688282052,"5,617,266",67% bullish,of 3 ratings,N/A
FWRD,$45.52,1440688282078,"126,561",100% bearish,of 1 rating,$50
FOSL,$60.34,1440688282108,"143,444",60% bearish,of 5 ratings,$80
FMI,$22.23,1440688282207,"53,177",100% bearish,of 2 ratings,$27.50
FWP,$25.95,1440688282233,"6,353",100% bearish,of 1 rating,$45
FXCB,$17.04,1440688282276,"26,518",Not yet rated,NULL,$19
FOXF,$15.4,1440688282376,"7,186",100% bearish,of 1 rating,$19
FRAN,$10.94,1440688282406,"80,008",50% bullish,of 4 ratings,$15
FRED,$12.1,1440688282533,"130,361",50% bullish,of 2 ratings,$16.50
FREE,$0.38,1440688282605,"237,802",92% bullish,of 12 ratings,N/A
FELE,$28.301,1440688282710,"34,763",50% bullish,of 4 ratings,$33
RAIL,$19.6425,1440688282736,"18,943",100% bearish,of 1 rating,$24.50
FEIM,$10.87,1440688282763,108,100% bearish,of 1 rating,N/A
FRPT,$12.9399,1440688282788,"99,351",67% bearish,of 3 ratings,$23.50
FTR,$4.9201,1440688282949,"5,857,304",78% bullish,of 27 ratings,$6.25
FTRPR,$98.5,1440688282979,"1,520",100% bearish,of 1 rating,N/A
FRPH,$31.39,1440688283006,"1,469",100% bearish,of 1 rating,N/A
FTEK,$2.03,1440688283154,"4,898",75% bullish,of 4 ratings,N/A
FSYS,$6.42,1440688283187,"4,014",67% bullish,of 3 ratings,$10
FSBW,NULL,1440688283208,0,Not yet rated,NULL,N/A
FTD,$29.72,1440688283237,"10,797",100% bearish,of 1 rating,$40
FCEL,$0.7247,1440688283290,"515,738",88% bullish,of 41 ratings,$2.65
FULL,$3.0497,1440688283369,"13,798",67% bearish,of 3 ratings,$4.25
FULLL,NULL,1440688283457,0,Not yet rated,NULL,N/A
FLL,$1.48,1440688283562,45,75% bullish,of 4 ratings,$3.50
FULT,$12.135,1440688283638,"130,927",100% bearish,of 1 rating,$13
FSNN,NULL,1440688283691,0,67% bullish,of 3 ratings,$6
FFHL,NULL,1440688283768,0,50% bullish,of 4 ratings,N/A
FXENP,NULL,1440688283795,0,100% bearish,of 1 rating,N/A
FXEN,$0.8336,1440688283820,"5,526",75% bullish,of 4 ratings,$1.10
GK,$67.445,1440688283951,"9,787",Not yet rated,NULL,$78
GAIA,$5.86,1440688284007,"11,861",50% bullish,of 2 ratings,$8.50
WILC,$4.7784,1440688284080,569,100% bullish,of 2 ratings,N/A
GALTU,NULL,1440688284174,0,100% bearish,of 1 rating,N/A
GLPG,$60.58,1440688284201,"12,381",100% bullish,of 1 rating,$75
GALT,$1.85,1440688284222,"8,692",80% bullish,of 5 ratings,N/A
GALTW,NULL,1440688284354,0,100% bullish,of 1 rating,N/A
GALE,$1.485,1440688284379,"310,732",89% bullish,of 47 ratings,$4
GLPI,$31.63,1440688284629,"67,886",100% bearish,of 1 rating,$37.50
GRMN,$37.96,1440688284656,"162,811",50% bullish,of 6 ratings,$46.50
GGACR,$0.26,1440688284683,"290,254",100% bullish,of 1 rating,N/A
GGAC,$9.95,1440688284713,"3,332",100% bearish,of 1 rating,N/A
GPIC,NULL,1440688284742,0,100% bearish,of 1 rating,N/A
GLMD,$8.8576,1440688284815,"7,316",67% bullish,of 3 ratings,$20.50
GGACW,$0.18,1440688284841,"225,736",Not yet rated,NULL,N/A
GENC,$9.26,1440688285056,600,100% bearish,of 1 rating,N/A
GGACU,$10.3,1440688285082,"12,700",Not yet rated,NULL,N/A
GARS,$14.23,1440688285113,"16,763",Not yet rated,NULL,$16
GNCMA,$17.18,1440688285218,"99,239",100% bearish,of 1 rating,$12
GFNCP,NULL,1440688285245,0,Not yet rated,NULL,N/A
GFN,$3.5,1440688285270,788,100% bearish,of 2 ratings,$8
GFNSL,NULL,1440688285428,0,Not yet rated,NULL,N/A
GENE,$2.21,1440688285516,"117,234",100% bullish,of 12 ratings,N/A
GNCA,$12.6399,1440688285581,"26,870",100% bearish,of 1 rating,$20
GNMK,$9.43,1440688285609,"21,791",67% bullish,of 6 ratings,$14
GHDX,$26.15,1440688285634,"29,489",50% bullish,of 2 ratings,$30
THRM,$44.53,1440688285662,"36,420",75% bearish,of 4 ratings,$55.50
GNTX,$15.305,1440688285791,"466,735",Not yet rated,NULL,$20
GTWN,NULL,1440688285854,0,Not yet rated,NULL,N/A
GNVC,$2.49,1440688285879,500,90% bullish,of 10 ratings,$8.50
GEOS,$15.1301,1440688285931,"27,446",100% bearish,of 3 ratings,$21
GERN,$3.07,1440688286069,"411,613",88% bullish,of 16 ratings,$5.25
GABC,$29.135,1440688286097,"4,284",Not yet rated,NULL,$31
GEVO,$2.3669,1440688286123,"141,969",75% bullish,of 12 ratings,$5
GIGA,$1.4411,1440688286338,"11,810",100% bearish,of 1 rating,N/A
GIII,$68.0784,1440688286360,"59,088",67% bullish,of 3 ratings,$75
ROCK,$16.46,1440688286389,"13,850",80% bullish,of 5 ratings,$24
GIGM,$0.5651,1440688286421,800,100% bullish,of 2 ratings,N/A
GILD,$109.098,1440688286450,"2,366,621",91% bullish,of 87 ratings,$129
GILT,$4.38,1440688286519,"8,427",50% bullish,of 2 ratings,N/A
GLADO,NULL,1440688286547,0,Not yet rated,NULL,N/A
GLAD,$8.69,1440688286653,"100,569",50% bullish,of 2 ratings,$8.75
GOOD,$14.47,1440688286753,"21,972",Not yet rated,NULL,$19
GBCI,$25.59,1440688286850,"70,839",50% bullish,of 2 ratings,$31
GOODN,NULL,1440688286938,0,Not yet rated,NULL,N/A
GAIN,$7.39,1440688286997,"49,424",100% bullish,of 2 ratings,$8.25
GOODP,NULL,1440688287026,0,Not yet rated,NULL,N/A
GAINO,$25.33,1440688287079,100,Not yet rated,NULL,N/A
GOODO,$25.4699,1440688287128,500,Not yet rated,NULL,N/A
GAINN,$25.2799,1440688287153,785,Not yet rated,NULL,N/A
GAINP,$25.8366,1440688287307,504,Not yet rated,NULL,N/A
LAND,$9.36,1440688287335,"8,136",50% bullish,of 2 ratings,$13.75
GLBZ,NULL,1440688287363,0,Not yet rated,NULL,N/A
GBT,$41.935,1440688287412,"9,080",100% bearish,of 1 rating,N/A
GDEF,NULL,1440688287467,0,Not yet rated,NULL,N/A
GBLI,$26.6,1440688287558,"3,642",Not yet rated,NULL,N/A
ENT,$11.48,1440688287587,"37,205",100% bearish,of 1 rating,$18
GPACU,NULL,1440688287688,0,Not yet rated,NULL,N/A
ACTX,$13.2247,1440688287845,"3,901",100% bullish,of 1 rating,N/A
GSOL,$7.91,1440688287871,"4,020",100% bearish,of 1 rating,N/A
QQQC,$19.36,1440688287930,"4,307",100% bearish,of 1 rating,N/A
ALTY,$14.35,1440688287966,558,Not yet rated,NULL,N/A
SOCL,$17.5601,1440688288055,"2,715",100% bullish,of 2 ratings,N/A
SRET,$13.22,1440688288082,"2,000",Not yet rated,NULL,N/A
YLCO,NULL,1440688288102,0,Not yet rated,NULL,N/A
GAI,$5.93,1440688288232,10,50% bullish,of 2 ratings,N/A
GSM,$13.45,1440688288282,"95,291",50% bullish,of 2 ratings,$23
GBIM,$2.1788,1440688288307,"18,421",50% bullish,of 2 ratings,N/A
GLBS,$1.01,1440688288385,800,67% bullish,of 3 ratings,N/A
GLUU,$4.375,1440688288467,"719,996",92% bullish,of 26 ratings,$9
GLRI,$0.995,1440688288629,"2,099",100% bearish,of 1 rating,$4.25
GLYC,$6.91,1440688288657,"2,090",50% bullish,of 2 ratings,$14
GOGO,$15.51,1440688288686,"161,184",80% bullish,of 5 ratings,$25
GDEN,$9.08,1440688288757,200,50% bullish,of 2 ratings,N/A
GLNG,$36.81,1440688288819,"140,441",83% bullish,of 6 ratings,$58
GLDC,$4.15,1440688288847,5,50% bullish,of 2 ratings,N/A
GMLP,$17.32,1440688288868,"56,960",50% bullish,of 4 ratings,$32.50
GOGL,$2.83,1440688289032,"127,023",75% bullish,of 4 ratings,$5
GBDC,$16.79,1440688289060,"35,532",Not yet rated,NULL,$17.75
GOOG,$637.52,1440688289091,"496,224",89% bullish,of 70 ratings,$825
GTIM,$6.63,1440688289166,"8,324",Not yet rated,NULL,$11.50
GPRO,$49.0999,1440688289238,"2,382,388",78% bullish,of 58 ratings,$72
GOOGL,$667.2425,1440688289371,"481,720",88% bullish,of 1080 ratings,$749
GPIA,NULL,1440688289401,0,Not yet rated,NULL,N/A
GMAN,$3.96,1440688289454,"30,757",60% bullish,of 5 ratings,$8.50
GPIAU,NULL,1440688289501,0,Not yet rated,NULL,N/A
GPIAW,$0.975,1440688289598,"4,500",Not yet rated,NULL,N/A
LOPE,$37.35,1440688289629,"33,392",100% bearish,of 2 ratings,$50
GRVY,NULL,1440688289654,0,50% bullish,of 2 ratings,N/A
GBSNU,NULL,1440688289728,0,NULL,NULL,NULL
GLDD,$5.3,1440688289860,"51,967",100% bearish,of 4 ratings,$7.75
GBSN,$0.4101,1440688289958,"5,575,128",50% bullish,of 2 ratings,$8.25
GSBC,$39.5004,1440688289986,"4,568",100% bullish,of 1 rating,$44
GNBC,$11.39,1440688290037,"3,588",100% bearish,of 1 rating,$16.50
GPP,$13.432,1440688290058,"14,250",Not yet rated,NULL,$20.50
GPRE,$19.59,1440688290141,"99,446",67% bullish,of 6 ratings,$28.50
GRBK,$12.17,1440688290189,"45,193",77% bullish,of 13 ratings,N/A
GCBC,NULL,1440688290319,0,100% bullish,of 1 rating,N/A
GLRE,$24.51,1440688290348,"52,757",50% bullish,of 2 ratings,$41
GRFS,$30.57,1440688290454,"128,378",50% bullish,of 2 ratings,$35
OMAB,$39.69,1440688290509,"5,023",100% bullish,of 1 rating,$44
GRIF,$29.94,1440688290556,588,100% bearish,of 1 rating,N/A
GRPN,$4.23,1440688290581,"2,081,085",61% bullish,of 71 ratings,$6.75
GGAL,$19.24,1440688290718,"50,253",80% bullish,of 5 ratings,$40
GSIG,$12.795,1440688290772,"10,232",100% bearish,of 2 ratings,N/A
GSIT,NULL,1440688290818,0,100% bearish,of 1 rating,N/A
GSVC,$8.926,1440688290845,"26,982",50% bullish,of 2 ratings,$14.50
GTXI,$0.8228,1440688291000,"7,112",100% bullish,of 5 ratings,$.75
GFED,NULL,1440688291068,0,Not yet rated,NULL,$17
GBNK,$15.51,1440688291099,"5,105",100% bearish,of 1 rating,$18
GUID,$6.91,1440688291120,"42,264",100% bearish,of 3 ratings,$10
GULTU,$0.3,1440688291254,"33,921",100% bearish,of 1 rating,N/A
GIFI,$11.67,1440688291281,"7,600",100% bearish,of 1 rating,$16
GPOR,$35.49,1440688291310,"312,004",75% bullish,of 4 ratings,$55
GWPH,$107.7901,1440688291458,"52,307",78% bullish,of 9 ratings,$148.50
GURE,$1.64,1440688291487,"6,685",88% bullish,of 8 ratings,N/A
GWGH,NULL,1440688291541,0,100% bearish,of 1 rating,$15.05
GYRO,NULL,1440688291592,0,100% bearish,of 1 rating,N/A
HEES,$19.1,1440688291690,"203,069",67% bearish,of 3 ratings,$31
HLG,$8.0501,1440688291723,200,100% bearish,of 1 rating,N/A
HNRG,$7.6,1440688291819,"38,160",100% bearish,of 1 rating,$10
HALL,$11.05,1440688291844,"3,522",Not yet rated,NULL,N/A
HALO,$17.782,1440688291873,"243,451",67% bullish,of 3 ratings,$22.50
HBHC,$27.33,1440688291978,"76,450",50% bullish,of 2 ratings,$30
HBK,$13.8,1440688292007,200,50% bullish,of 2 ratings,N/A
HMPR,$1.8255,1440688292111,"9,370",100% bullish,of 1 rating,N/A
HBHCL,$24.35,1440688292240,"3,889",Not yet rated,NULL,N/A
HNH,$26.13,1440688292268,"6,407",100% bullish,of 1 rating,N/A
HNSN,$0.5107,1440688292289,"17,902",88% bullish,of 8 ratings,$.40
HDNG,$9.7101,1440688292418,"2,101",50% bullish,of 4 ratings,N/A
HQCL,$12.54,1440688292444,"20,875",67% bullish,of 3 ratings,$14
HAFC,$24.245,1440688292465,"20,493",100% bullish,of 2 ratings,$28.50
HRMN,NULL,1440688292658,0,Not yet rated,NULL,N/A
HRMNW,NULL,1440688292699,0,Not yet rated,NULL,N/A
HLIT,$5.67,1440688292754,"38,452",100% bearish,of 1 rating,$6.50
HRMNU,NULL,1440688292798,0,Not yet rated,NULL,N/A
HART,$0.89,1440688292898,"18,560",100% bearish,of 1 rating,N/A
TINY,$2.5,1440688292971,"15,200",50% bullish,of 2 ratings,$5.26
HBIO,$4.46,1440688293000,"12,020",Not yet rated,NULL,$10
HAS,$74.41,1440688293137,"175,264",63% bullish,of 8 ratings,$84.50
HCAP,$12.0418,1440688293163,"6,643",50% bullish,of 2 ratings,$15
HCAPL,NULL,1440688293186,0,Not yet rated,NULL,N/A
HCOM,$22,1440688293344,"2,648",100% bearish,of 1 rating,$28
HWKN,$36.6012,1440688293398,"5,103",Not yet rated,NULL,N/A
HA,$22.74,1440688293454,"192,476",67% bullish,of 9 ratings,$27
HDS,$32.95,1440688293498,"413,104",100% bearish,of 2 ratings,$39.50
HAYN,$37.65,1440688293524,"9,962",100% bearish,of 1 rating,$59
HWBK,$13.5,1440688293665,300,100% bearish,of 1 rating,N/A
HIIQ,$4.422,1440688293711,"10,020",50% bullish,of 2 ratings,$7
HQY,$29.16,1440688293738,"44,512",67% bullish,of 3 ratings,$31
HCSG,$33.16,1440688293889,"42,793",50% bullish,of 4 ratings,$35
HTLD,$20.43,1440688293924,"56,242",Not yet rated,NULL,$22.50
HSTM,$24.68,1440688293949,"10,368",50% bullish,of 2 ratings,$33.75
HTLF,$35.85,1440688294080,"5,870",100% bullish,of 1 rating,$39.50
HTWR,$84.26,1440688294129,"44,590",50% bullish,of 2 ratings,$103
HTBX,$5.1864,1440688294156,"2,000",50% bullish,of 2 ratings,$15.50
HWAY,$12.02,1440688294237,"31,024",100% bearish,of 1 rating,$15
HSII,$19.52,1440688294286,"15,914",100% bullish,of 3 ratings,$25
HMNY,NULL,1440688294313,0,100% bearish,of 1 rating,N/A
HELE,$85.22,1440688294376,"27,758",67% bearish,of 3 ratings,$100
HNNA,$24.5401,1440688294579,"1,102",Not yet rated,NULL,N/A
HMTV,$13.59,1440688294612,"10,314",100% bearish,of 1 rating,$16
HCACU,NULL,1440688294711,0,Not yet rated,NULL,N/A
HERO,NULL,1440688294735,0,NULL,NULL,NULL
HTBK,$10.73,1440688294764,"10,481",Not yet rated,NULL,$12
HSIC,$138.19,1440688294785,"79,557",83% bullish,of 6 ratings,$146
HFWA,$17.4905,1440688294927,"4,404",100% bullish,of 1 rating,$20
HEOP,$7.651,1440688294952,"3,718",Not yet rated,NULL,$8.50
HRTX,$35.08,1440688295096,"71,918",67% bullish,of 6 ratings,$41
MLHR,$26.82,1440688295125,"83,272",50% bullish,of 2 ratings,$33.50
HSKA,$33.78,1440688295176,"13,372",100% bearish,of 1 rating,$38
HCCI,$11,1440688295230,"10,624",100% bearish,of 1 rating,$16.50
HFFC,$16,1440688295270,"3,038",Not yet rated,NULL,N/A
HIBB,$38.48,1440688295303,"39,090",100% bearish,of 1 rating,$46.50
HPJ,$2.23,1440688295432,"21,584",75% bullish,of 4 ratings,$12.43
HIFS,$117.89,1440688295633,"1,386",Not yet rated,NULL,N/A
HMNF,NULL,1440688295659,0,Not yet rated,NULL,N/A
HIHO,$3.94,1440688295680,"1,425",Not yet rated,NULL,N/A
HIMX,$6.665,1440688295712,"231,073",86% bullish,of 21 ratings,$8.50
HOLI,$17.51,1440688295739,"49,464",50% bullish,of 4 ratings,$27
HSGX,$5.99,1440688295759,600,100% bearish,of 1 rating,$17
HMSY,$9.72,1440688295905,"194,663",67% bullish,of 3 ratings,$19.35
HOLX,$39.11,1440688295969,"189,727",67% bullish,of 3 ratings,$42
HFBL,$21.54,1440688296128,200,Not yet rated,NULL,N/A
HBCP,NULL,1440688296160,0,Not yet rated,NULL,$29
AWAY,$28.57,1440688296181,"175,531",67% bullish,of 3 ratings,$36
HOMB,$37.885,1440688296202,"36,270",Not yet rated,NULL,$42
HMIN,$27.62,1440688296271,"109,798",100% bearish,of 2 ratings,$35
HTBI,$18.15,1440688296400,"9,188",67% bullish,of 3 ratings,$18.625
HMST,$21.72,1440688296425,"58,375",100% bullish,of 2 ratings,$27
HOFT,$23.515,1440688296561,"20,537",100% bearish,of 1 rating,N/A
HKTV,$4.465,1440688296597,"25,950",100% bearish,of 1 rating,N/A
CETC,$0.73,1440688296618,"44,786",86% bullish,of 7 ratings,N/A
HFBC,$11.25,1440688296660,700,Not yet rated,NULL,N/A
HBNC,$23.04,1440688296690,"2,635",100% bullish,of 1 rating,$27
HZNP,$29.875,1440688296754,"508,874",85% bullish,of 20 ratings,$40
HRZN,$10.17,1440688296792,"10,390",50% bullish,of 2 ratings,$14.25
HDP,$24.63,1440688297025,"102,482",67% bearish,of 3 ratings,$30.50
ZINC,$7.36,1440688297069,"149,297",100% bearish,of 1 rating,$17
HWCC,$7.3,1440688297094,"8,780",100% bearish,of 1 rating,$9
HMHC,$23.01,1440688297155,"99,133",Not yet rated,NULL,$27
HOVNP,$4.238,1440688297242,113,100% bearish,of 1 rating,N/A
HSNI,$62.249,1440688297292,"28,242",Not yet rated,NULL,$80
HBMD,$14.4,1440688297423,100,100% bearish,of 1 rating,N/A
HCBK,$9.395,1440688297470,"395,075",83% bullish,of 6 ratings,$8.61
HUBG,$38.29,1440688297497,"47,564",100% bearish,of 1 rating,$43
HTGM,$5.79,1440688297628,12,100% bearish,of 1 rating,$19.50
HSON,$2.7099,1440688297661,"1,171",100% bearish,of 1 rating,$5
HBAN,$10.79,1440688297759,"1,735,993",76% bullish,of 17 ratings,$12.29
HBANP,$1345.4,1440688297787,20,100% bearish,of 1 rating,N/A
HDSN,$3.065,1440688297842,"2,239",100% bullish,of 1 rating,$6.25
HURC,$30,1440688297997,"4,980",100% bearish,of 1 rating,N/A
HTCH,$1.46,1440688298088,"34,026",100% bearish,of 1 rating,$3.50
HURN,$72.68,1440688298140,"43,197",50% bullish,of 2 ratings,$80
HBP,$3.15,1440688298191,292,100% bullish,of 1 rating,N/A
HDRA,$9.69,1440688298216,"7,600",Not yet rated,NULL,N/A
HDRAR,NULL,1440688298273,0,Not yet rated,NULL,N/A
HDRAW,NULL,1440688298346,0,Not yet rated,NULL,N/A
HDRAU,NULL,1440688298416,0,Not yet rated,NULL,N/A
HYGS,$8.12,1440688298553,"11,250",50% bullish,of 2 ratings,$13
IDSY,$3.8199,1440688298578,"1,600",100% bearish,of 1 rating,$7
IKGH,$1.65,1440688298647,"61,783",75% bullish,of 4 ratings,N/A
IBKC,$60.23,1440688298672,"51,446",100% bullish,of 1 rating,$70
IACI,$70.9,1440688298803,"113,232",75% bullish,of 4 ratings,$90
IEP,$72.24,1440688299011,"33,646",75% bullish,of 4 ratings,$99
ICON,$13.39,1440688299040,"132,728",50% bullish,of 2 ratings,$18.50
ICUI,$113.94,1440688299061,"23,268",Not yet rated,NULL,$122
ICLR,$79.13,1440688299095,"126,997",100% bearish,of 3 ratings,$85
ICFI,$34.19,1440688299122,"8,404",50% bullish,of 2 ratings,$48.50
ICAD,$3.45,1440688299189,"4,017",50% bullish,of 2 ratings,$7.25
INVE,$4.02,1440688299318,"20,416",75% bullish,of 4 ratings,$4
IPWR,$7.28,1440688299344,510,100% bullish,of 1 rating,$15
DSKY,$11.27,1440688299541,"60,061",67% bullish,of 6 ratings,$11.50
IDRA,$2.905,1440688299568,"486,433",89% bullish,of 9 ratings,$6.50
IDXX,$72.8,1440688299602,"71,208",100% bearish,of 1 rating,$77
IRG,$4.57,1440688299702,"5,059",100% bearish,of 1 rating,$4.25
IROQ,$17,1440688299727,204,100% bullish,of 1 rating,N/A
RXDX,$13.39,1440688299752,"60,576",100% bullish,of 1 rating,$20
IIVI,$16.95,1440688299776,"27,583",100% bearish,of 1 rating,$22
IKAN,$2.73,1440688299943,"8,831",83% bullish,of 6 ratings,$5
KANG,$15.75,1440688299988,"63,937",50% bullish,of 2 ratings,$22.55
IKNX,NULL,1440688300039,0,100% bearish,of 1 rating,N/A
ILMN,$200.5194,1440688300069,"325,435",80% bullish,of 5 ratings,$245
ISNS,$3.93,1440688300200,309,50% bullish,of 2 ratings,N/A
ICCC,$7.525,1440688300229,"6,788",100% bullish,of 1 rating,N/A
IMMR,$11.8325,1440688300249,"33,357",80% bullish,of 5 ratings,$15.50
IMNP,$1.3199,1440688300528,"40,267",50% bullish,of 2 ratings,$6
IMGN,$14.04,1440688300615,"131,688",75% bullish,of 4 ratings,$17.50
IPXL,$44.07,1440688300642,"60,352",67% bullish,of 3 ratings,$46.50
IMMY,$7.3,1440688300695,"3,194",100% bearish,of 1 rating,$11
SAAS,$7.36,1440688300770,"48,236",50% bullish,of 2 ratings,$15
IMMU,$1.98,1440688300827,"186,407",86% bullish,of 7 ratings,$2
IMDZ,$16.09,1440688300926,"29,633",100% bearish,of 1 rating,$33
INCR,$42.36,1440688300953,"87,536",50% bullish,of 2 ratings,$53
INCY,$111.99,1440688301011,"268,774",50% bullish,of 6 ratings,$125.50
IBCP,$14.2,1440688301094,"24,928",100% bullish,of 1 rating,$14.50
INDB,$44.64,1440688301148,"7,011",Not yet rated,NULL,$44
IDSA,NULL,1440688301177,0,Not yet rated,NULL,N/A
IBTX,$40.35,1440688301205,"6,360",100% bullish,of 2 ratings,$47.25
INFI,$9.08,1440688301335,"74,669",50% bullish,of 4 ratings,$18
IPCC,$76.93,1440688301372,"3,820",Not yet rated,NULL,$77.50
INFN,$21.98,1440688301429,"491,414",71% bullish,of 7 ratings,$28
III,$3.971,1440688301703,"13,428",57% bullish,of 7 ratings,$6
IFON,$1.22,1440688301728,"51,336",75% bullish,of 4 ratings,N/A
IMKTA,$51.34,1440688301756,"9,365",100% bearish,of 1 rating,N/A
INNL,$11.67,1440688301781,3,100% bearish,of 1 rating,$16.50
INWK,$7.02,1440688301812,"22,894",50% bullish,of 2 ratings,$10
INOD,$2.38,1440688301885,"12,135",100% bearish,of 1 rating,N/A
IPHS,$47.34,1440688301944,"18,770",100% bearish,of 1 rating,$60
IOSP,$47.93,1440688301971,"59,157",100% bearish,of 1 rating,N/A
ISSC,$2.8,1440688302110,352,67% bearish,of 3 ratings,N/A
ITEK,$12.3,1440688302179,"161,144",100% bearish,of 3 ratings,$20
INGN,$46.9,1440688302208,"31,428",100% bearish,of 1 rating,$50.50
INO,$6.923,1440688302307,"295,236",89% bullish,of 18 ratings,$20
INOV,$21.05,1440688302340,"262,291",100% bearish,of 1 rating,$33
NSIT,$25.24,1440688302470,"29,916",50% bullish,of 2 ratings,N/A
IIIN,$16.98,1440688302603,"8,080",100% bearish,of 2 ratings,N/A
PODD,$29.49,1440688302631,"44,350",67% bearish,of 3 ratings,$35
ISIG,$2.5998,1440688302652,"3,640",100% bearish,of 1 rating,N/A
INSM,$24.79,1440688302688,"49,276",71% bullish,of 7 ratings,$31.50
IART,$60.09,1440688302714,"35,673",100% bearish,of 1 rating,$71.50
INSY,$33.15,1440688302735,"125,487",75% bullish,of 4 ratings,$48
NTEC,$5.6299,1440688302799,"1,701",100% bearish,of 1 rating,N/A
IDTI,$18.88,1440688302967,"755,056",60% bullish,of 5 ratings,$25
ISSI,$21.81,1440688303073,"31,945",67% bullish,of 3 ratings,$19.75
INTC,$27.55,1440688303102,"5,788,583",82% bullish,of 238 ratings,$36
IESC,$6.84,1440688303141,"2,781",100% bearish,of 1 rating,N/A
IQNT,$18.61,1440688303205,"52,757",86% bullish,of 7 ratings,$20
IBKR,$39.14,1440688303412,"168,435",100% bullish,of 1 rating,N/A
ININ,$35.735,1440688303482,"19,107",67% bearish,of 3 ratings,$57
IPCI,$2.17,1440688303513,"26,900",67% bullish,of 6 ratings,$8
ICPT,$189.69,1440688303541,"42,176",70% bullish,of 10 ratings,$359.50
ICLDW,NULL,1440688303567,0,100% bearish,of 1 rating,N/A
IDCC,$49.12,1440688303616,"66,709",80% bullish,of 5 ratings,$63
ICLD,$1.8696,1440688303756,"48,288",75% bullish,of 4 ratings,N/A
IPAR,$25.81,1440688303781,"15,292",67% bullish,of 3 ratings,$38
IMI,$2,1440688303849,"86,482",67% bullish,of 3 ratings,$2.22
INAP,$7.875,1440688304057,"19,538",75% bullish,of 4 ratings,$11
IBOC,$25.34,1440688304088,"18,048",100% bearish,of 1 rating,N/A
ISCA,$31.2,1440688304193,"8,726",100% bearish,of 1 rating,N/A
TILE,$23.71,1440688304233,"136,383",100% bearish,of 3 ratings,$27
IGLD,$6.8501,1440688304272,"3,100",50% bullish,of 2 ratings,N/A
IIJI,$9.22,1440688304299,30,50% bullish,of 2 ratings,$11.50
PTNT,NULL,1440688304368,0,Not yet rated,NULL,N/A
INPH,$0.2801,1440688304428,"16,450",50% bullish,of 2 ratings,N/A
XENT,$25.76,1440688304528,"20,970",50% bullish,of 2 ratings,$36.50
INTX,$2,1440688304665,"8,036",67% bullish,of 3 ratings,N/A
ISIL,$10.49,1440688304704,"210,932",50% bullish,of 6 ratings,$15
IVAC,$4.62,1440688304732,"25,032",100% bearish,of 1 rating,$6.625
IILG,$19.84,1440688304802,"20,416",100% bearish,of 1 rating,$29
INTL,$26.05,1440688304935,"13,641",67% bearish,of 3 ratings,N/A
INTLL,NULL,1440688304959,0,Not yet rated,NULL,N/A
ITCI,$25.87,1440688305094,"116,591",75% bearish,of 4 ratings,$40
INTU,$85.96,1440688305157,"425,485",86% bullish,of 7 ratings,$107.50
INVT,$0.2701,1440688305289,"7,700",67% bullish,of 3 ratings,N/A
IIN,$6.04,1440688305317,200,100% bearish,of 1 rating,$12
ISRG,$514.97,1440688305338,"32,044",67% bullish,of 3 ratings,$600
ISTR,$15.61,1440688305372,104,100% bearish,of 1 rating,$18.50
SNAK,$8.445,1440688305468,"25,122",50% bullish,of 2 ratings,$14
ISBC,$11.67,1440688305559,"396,937",100% bullish,of 1 rating,$13.25
ITIC,NULL,1440688305640,0,100% bearish,of 2 ratings,N/A
NVIV,$9.72,1440688305740,"60,320",50% bullish,of 4 ratings,$24.50
IPAS,$1.08,1440688305772,"20,106",67% bullish,of 3 ratings,N/A
IVTY,$14.07,1440688305798,"3,698",Not yet rated,NULL,$18
DTUL,NULL,1440688305881,0,Not yet rated,NULL,N/A
DFVL,NULL,1440688305926,0,Not yet rated,NULL,N/A
IPGP,$85.524,1440688306072,"46,923",100% bearish,of 2 ratings,$109.50
IPCM,$78.99,1440688306128,"49,253",50% bullish,of 2 ratings,$80.125
IRMD,$25.2,1440688306154,"3,532",67% bearish,of 3 ratings,$25
IRIX,$6.735,1440688306231,"5,200",100% bearish,of 1 rating,N/A
IRDM,$7.005,1440688306315,"117,382",60% bullish,of 5 ratings,$11.50
IRDMB,$275.6,1440688306369,103,67% bearish,of 3 ratings,N/A
IRBT,$28.715,1440688306395,"45,191",67% bullish,of 6 ratings,$37
COMT,$32.283,1440688306569,"3,120",100% bearish,of 1 rating,N/A
IRCP,NULL,1440688306595,0,100% bullish,of 2 ratings,N/A
FCHI,NULL,1440688306621,0,NULL,NULL,NULL
IRWD,$11.03,1440688306649,"166,916",100% bearish,of 1 rating,$13
GNMA,$50.09,1440688306734,"1,688",Not yet rated,NULL,N/A
IFAS,NULL,1440688306792,0,NULL,NULL,NULL
IFNA,NULL,1440688306865,0,NULL,NULL,NULL
IFEU,$38.5,1440688306925,"5,264",Not yet rated,NULL,N/A
IFGL,$28.73,1440688306951,"33,044",Not yet rated,NULL,N/A
AXJS,NULL,1440688307129,0,NULL,NULL,NULL
ACWX,$41.0788,1440688307157,"196,534",100% bearish,of 1 rating,N/A
AAXJ,$53.89,1440688307178,"250,713",Not yet rated,NULL,N/A
ACWI,$56.14,1440688307210,"988,043",Not yet rated,NULL,N/A
EMDI,NULL,1440688307305,0,NULL,NULL,NULL
AAIT,NULL,1440688307335,0,NULL,NULL,NULL
EEMA,$50.6299,1440688307408,"4,581",Not yet rated,NULL,N/A
EEME,NULL,1440688307464,0,NULL,NULL,NULL
EGRW,NULL,1440688307536,0,NULL,NULL,NULL
EEML,$27.7,1440688307672,"8,206",Not yet rated,NULL,N/A
EMEY,NULL,1440688307697,0,NULL,NULL,NULL
EVAL,NULL,1440688307780,0,NULL,NULL,NULL
EUFN,$22.0445,1440688307886,"16,177",100% bearish,of 1 rating,N/A
IEUS,$45.52,1440688307927,176,100% bearish,of 1 rating,N/A
QAT,$20.8,1440688307953,124,Not yet rated,NULL,N/A
IBB,$348.895,1440688308103,"607,784",63% bullish,of 8 ratings,N/A
UAE,$18.24,1440688308165,"10,420",Not yet rated,NULL,N/A
ICLN,$9.601,1440688308231,"14,872",50% bullish,of 2 ratings,N/A
SOXX,$82,1440688308295,"310,405",50% bullish,of 2 ratings,N/A
WOOD,$47.74,1440688308324,776,50% bullish,of 2 ratings,N/A
INDY,$27.84,1440688308426,"92,095",50% bullish,of 2 ratings,N/A
EMIF,$28.7101,1440688308453,"1,582",Not yet rated,NULL,N/A
ISHG,$79.72,1440688308609,"5,080",100% bearish,of 1 rating,N/A
IGOV,$91.16,1440688308634,"4,797",100% bearish,of 1 rating,N/A
ISIS,$51.33,1440688308666,"351,820",53% bullish,of 15 ratings,$67
ISRL,$129.36,1440688308709,100,100% bearish,of 1 rating,N/A
ITRI,$29.5,1440688308763,"103,161",Not yet rated,NULL,$37
ISLE,$17.22,1440688308906,"74,925",50% bullish,of 4 ratings,$16
ITRN,$24.11,1440688308935,"1,200",50% bullish,of 2 ratings,N/A
ITUS,$4.11,1440688309066,"2,602",Not yet rated,NULL,N/A
IXYS,$10.71,1440688309092,"20,246",50% bullish,of 4 ratings,N/A
XXIA,$15.19,1440688309136,"74,718",71% bullish,of 7 ratings,$14.625
JJSF,$114.11,1440688309161,"4,988",100% bearish,of 1 rating,N/A
MAYS,NULL,1440688309219,0,Not yet rated,NULL,N/A
JBHT,$73.66,1440688309314,"149,246",50% bullish,of 4 ratings,$89.50
JCOM,$68.51,1440688309344,"39,135",100% bullish,of 2 ratings,$77
JACK,$81.15,1440688309515,"74,091",83% bullish,of 6 ratings,$105
JXSB,NULL,1440688309542,0,Not yet rated,NULL,N/A
JASO,$7.9937,1440688309606,"322,655",82% bullish,of 17 ratings,$10
JKHY,$67.58,1440688309674,"128,060",50% bullish,of 2 ratings,$72
JAXB,NULL,1440688309699,0,100% bullish,of 1 rating,N/A
JAKK,$9.5,1440688309831,"32,412",60% bearish,of 5 ratings,$11
JAGX,$4.5299,1440688309857,"6,843",Not yet rated,NULL,N/A
JMBA,$13.71,1440688309988,"17,946",75% bullish,of 4 ratings,$18
JRVR,$26.55,1440688310016,"8,435",Not yet rated,NULL,$32
ERW,NULL,1440688310125,0,Not yet rated,NULL,N/A
JASNW,NULL,1440688310160,0,50% bullish,of 2 ratings,N/A
JASN,$4.9,1440688310185,"2,607",50% bullish,of 2 ratings,$9.50
JD,$26.49,1440688310230,"1,908,438",75% bullish,of 16 ratings,$36
JAZZ,$169.42,1440688310257,"77,608",80% bullish,of 15 ratings,$206.50
JTPY,$2.95,1440688310327,100,100% bearish,of 1 rating,N/A
JBLU,$22.47,1440688310355,"1,534,818",94% bullish,of 18 ratings,$27
JCTCF,$9.5,1440688310574,"1,800",100% bullish,of 1 rating,N/A
DATE,$6.1201,1440688310704,"21,110",75% bullish,of 4 ratings,$9
JST,$3.78,1440688310730,"25,935",75% bullish,of 4 ratings,N/A
WYIGU,NULL,1440688310803,0,Not yet rated,NULL,N/A
JOEZ,$0.1718,1440688310884,"80,648",92% bullish,of 12 ratings,N/A
JIVE,$4.28,1440688310932,"76,014",75% bullish,of 4 ratings,$5
JBSS,$52.85,1440688310983,"6,711",67% bearish,of 3 ratings,N/A
JOUT,$22.87,1440688311015,"1,268",100% bearish,of 1 rating,$34
JUNO,$37.4684,1440688311042,"356,293",73% bullish,of 11 ratings,$71.50
KTWO,$21.13,1440688311114,"8,584",100% bearish,of 1 rating,$28.50
KALU,$81.23,1440688311143,"28,051",67% bearish,of 3 ratings,$91
KBIO,$2.038,1440688311279,"8,527",50% bullish,of 4 ratings,N/A
KMDA,NULL,1440688311308,0,50% bullish,of 2 ratings,$8
KCLI,$46.19,1440688311414,"11,217",Not yet rated,NULL,N/A
KNDI,$6.63,1440688311466,"227,521",86% bullish,of 22 ratings,N/A
JNP,$10.47,1440688311546,"15,249",100% bullish,of 3 ratings,$15
KBSF,NULL,1440688311678,0,100% bullish,of 1 rating,N/A
KRNY,$11.29,1440688311808,"103,393",100% bearish,of 1 rating,$12
KCAP,$4.5803,1440688311835,"23,299",75% bullish,of 4 ratings,$6
KELYA,$13.88,1440688311857,"49,766",67% bullish,of 6 ratings,$20
KELYB,NULL,1440688311886,0,50% bullish,of 2 ratings,N/A
KMPH,$20.1099,1440688311917,"5,775",100% bearish,of 2 ratings,$22
KPTI,$13.87,1440688311938,"51,874",67% bearish,of 3 ratings,$39
GMCR,$53.72,1440688312136,"544,455",71% bullish,of 42 ratings,$64
KERX,$6.19,1440688312161,"201,608",82% bullish,of 11 ratings,$12
KFFB,$8.6713,1440688312187,100,100% bearish,of 1 rating,N/A
KTEC,NULL,1440688312318,0,Not yet rated,NULL,N/A
KEQU,$17.01,1440688312347,100,100% bullish,of 1 rating,N/A
KTCC,$10.18,1440688312447,"2,971",100% bearish,of 1 rating,$16
KE,$11.51,1440688312507,"5,438",67% bearish,of 3 ratings,$16
KIN,$5.81,1440688312535,"2,348",50% bullish,of 2 ratings,$6.25
KBAL,$10.72,1440688312606,"16,234",50% bullish,of 2 ratings,N/A
KFRC,$26.78,1440688312632,"24,603",100% bullish,of 2 ratings,$29
KINS,$8.48,1440688312707,"1,100",100% bullish,of 1 rating,N/A
