Symbol,Price,Date,Volume,Rating,RatingVoteCount,OneYearEstimate
TFSC,NULL,1440264002438,0,100% bearish,of 1 rating,N/A
PIH,$7.2,1440264002472,"15,400",100% bearish,of 1 rating,N/A
FCCY,$11.6,1440264002498,354,100% bullish,of 1 rating,$13
TFSCU,NULL,1440264002523,0,Not yet rated,NULL,N/A
FLWS,$9.36,1440264002573,"220,692",100% bullish,of 5 ratings,$15
VNET,$19.27,1440264002599,"733,790",60% bullish,of 5 ratings,$29.50
SRCE,$30.03,1440264002756,"55,334",100% bullish,of 3 ratings,$33
TFSCR,NULL,1440264002785,0,Not yet rated,NULL,N/A
TFSCW,NULL,1440264002889,0,100% bearish,of 1 rating,N/A
UGLD,$9.99,1440264002914,"253,649",100% bearish,of 1 rating,N/A
FCTY,$7.63,1440264002940,300,100% bullish,of 1 rating,$8.50
DSLV,$61.29,1440264003102,"22,007",100% bearish,of 1 rating,N/A
TWOU,$34.02,1440264003133,"673,961",50% bullish,of 2 ratings,$39
DGLD,$76.08,1440264003154,"21,135",100% bullish,of 1 rating,N/A
USLV,$14.59,1440264003234,"218,982",86% bullish,of 7 ratings,N/A
SIXD,$1.47,1440264003463,"250,988",Not yet rated,NULL,N/A
JOBS,$25.35,1440264003488,"172,084",50% bullish,of 4 ratings,$36
AVHI,$13.95,1440264003558,"37,920",100% bearish,of 1 rating,$19
ABY,$20,1440264003631,"1,100,886",100% bearish,of 2 ratings,$46
AAON,$21.67,1440264003658,"166,594",100% bearish,of 1 rating,$24
ABAX,$47.54,1440264003714,"139,615",100% bearish,of 1 rating,$60
SHLM,$34.05,1440264003736,"123,800",100% bearish,of 1 rating,$50
CAFD,$15.52,1440264003788,"330,925",Not yet rated,NULL,$25
ABGB,$4.09,1440264003814,"34,916",67% bullish,of 3 ratings,$5.50
ABEO,$4.83,1440264003955,"140,862",67% bullish,of 3 ratings,$15.50
ABEOW,$1.76,1440264003989,"2,525",100% bullish,of 1 rating,N/A
ACTG,$8.87,1440264004087,"323,174",67% bullish,of 3 ratings,$18.50
EGHT,$8.215,1440264004119,"436,691",82% bullish,of 17 ratings,$11
ABMD,$97.08,1440264004171,"831,796",75% bullish,of 4 ratings,$100.50
ACHC,$73.6762,1440264004351,"815,815",50% bullish,of 2 ratings,$92
ACAD,$38.13,1440264004415,"928,540",80% bullish,of 20 ratings,$48
ACST,$0.361,1440264004445,"71,223",100% bullish,of 2 ratings,N/A
AXAS,$1.56,1440264004482,"860,487",78% bullish,of 9 ratings,$3.50
AXDX,$17.93,1440264004513,"220,988",100% bearish,of 1 rating,N/A
ANCX,$18.76,1440264004550,"31,836",Not yet rated,NULL,$19
ARAY,$6.53,1440264004616,"3,387,732",100% bearish,of 1 rating,$10.50
XLRN,$28.36,1440264004685,"111,031",50% bullish,of 2 ratings,$57
VXUP,$27,1440264004759,"49,956",Not yet rated,NULL,N/A
ACRX,$4.05,1440264004790,"360,315",67% bearish,of 6 ratings,$5.50
VXDN,$5.5,1440264004816,"50,671",100% bearish,of 1 rating,N/A
ACET,$24.41,1440264005152,"127,207",75% bullish,of 4 ratings,$30
ACNB,$20.33,1440264005203,"1,376",Not yet rated,NULL,N/A
AKAO,$6.9457,1440264005233,"55,800",75% bullish,of 4 ratings,$15
ACOR,$29.75,1440264005298,"642,828",67% bearish,of 3 ratings,$38.50
ACTS,$1.3,1440264005335,"51,585",100% bearish,of 1 rating,N/A
ACPW,$1.856,1440264005527,"65,399",100% bullish,of 4 ratings,$3.50
ACTA,$13.89,1440264005561,"113,227",67% bearish,of 3 ratings,$25
ACHN,$7.75,1440264005598,"1,754,841",90% bullish,of 21 ratings,$16
ATVI,$27.2167,1440264005627,"5,132,751",68% bullish,of 84 ratings,$31.50
ACXM,$20.1276,1440264005654,"350,940",67% bullish,of 3 ratings,N/A
ADMS,$20.07,1440264005684,"78,833",100% bearish,of 2 ratings,$36
ACIW,$21.89,1440264005712,"571,274",50% bullish,of 2 ratings,$24
ACUR,$0.6182,1440264005733,"65,134",100% bullish,of 5 ratings,$1
ADMP,$3.65,1440264005901,"21,417",50% bullish,of 2 ratings,$10
ADAP,$12.53,1440264005926,"216,853",67% bullish,of 3 ratings,$22
AEY,$2.29,1440264006239,"39,023",100% bearish,of 2 ratings,N/A
ADUS,$29.83,1440264006268,"59,827",100% bearish,of 1 rating,$31
ADMA,$9.3,1440264006297,"3,500",Not yet rated,NULL,$19
ADTN,$15.59,1440264006318,"349,681",67% bullish,of 3 ratings,$17.125
ADEP,$6.75,1440264006340,"33,889",50% bullish,of 2 ratings,$10.75
AEIS,$25.055,1440264006373,"198,884",50% bullish,of 2 ratings,$32.50
ADRO,$19.44,1440264006395,"252,323",80% bullish,of 5 ratings,$45.50
ADXS,$14.5,1440264006565,"919,015",64% bullish,of 14 ratings,$27
AMD,$1.76,1440264006616,"7,935,981",83% bullish,of 103 ratings,$2
AEGR,$18.26,1440264006704,"394,681",50% bullish,of 6 ratings,$26
ADXSW,$10.15,1440264006836,"5,206",100% bullish,of 1 rating,N/A
ADBE,$78.87,1440264006969,"4,323,734",65% bullish,of 17 ratings,$90
MULT,NULL,1440264006993,0,100% bearish,of 1 rating,N/A
YPRO,$23.29,1440264007018,"4,120",100% bearish,of 1 rating,N/A
AEGN,$18.24,1440264007153,"212,917",100% bearish,of 1 rating,$21
AERI,$15.92,1440264007179,"361,223",75% bullish,of 4 ratings,$31.50
AEHR,$2.24,1440264007214,"7,972",50% bullish,of 2 ratings,N/A
AVAV,$24.38,1440264007240,"143,405",50% bullish,of 4 ratings,$31
AFMD,$9.78,1440264007376,"174,087",50% bullish,of 4 ratings,$15
AEMD,$7.22,1440264007423,"187,619",Not yet rated,NULL,$27.50
AEPI,$57.13,1440264007697,"21,960",100% bearish,of 1 rating,N/A
AEZS,$0.1005,1440264007726,"5,371,374",90% bullish,of 21 ratings,$1.50
AGEN,$7.04,1440264007752,"940,432",85% bullish,of 13 ratings,$14
AFFX,$9.4,1440264007781,"587,032",80% bullish,of 5 ratings,$12
AMTX,$3.09,1440264007883,"17,253",50% bullish,of 2 ratings,$26.11
AGRX,$8.17,1440264007988,"49,951",100% bearish,of 1 rating,$17.50
AGIO,$85.65,1440264008126,"509,530",88% bullish,of 8 ratings,$114
AIMT,$21.1,1440264008148,"120,787",Not yet rated,NULL,N/A
AGFS,$9.8121,1440264008175,"73,206",100% bearish,of 1 rating,N/A
AGYS,$9.63,1440264008206,"33,010",100% bearish,of 1 rating,N/A
AGFSW,$1.79,1440264008232,"28,997",100% bearish,of 2 ratings,N/A
ATSG,$9.1,1440264008421,"264,911",67% bullish,of 3 ratings,$13
AMCN,$4.9,1440264008453,"424,894",83% bullish,of 6 ratings,N/A
AIXG,$5.98,1440264008549,"34,571",67% bearish,of 3 ratings,$5.25
AKAM,$68.463,1440264008581,"1,585,448",63% bullish,of 8 ratings,$77
AIRM,$36.55,1440264008634,"309,312",80% bearish,of 5 ratings,$53
AIRT,$22.94,1440264008765,51,100% bullish,of 1 rating,N/A
AKER,$2.62,1440264008830,"93,096",Not yet rated,NULL,N/A
ALSK,$2.11,1440264008861,"112,029",78% bullish,of 18 ratings,$2
AKRX,$40.2552,1440264008893,"930,040",78% bullish,of 9 ratings,$56
ALRM,$16.46,1440264008919,"358,434",100% bearish,of 1 rating,$22
AKBA,$6.65,1440264008940,"184,781",100% bearish,of 1 rating,$18
AMRI,$19.73,1440264008972,"245,268",75% bearish,of 4 ratings,$24
ALXN,$173.81,1440264009367,"1,548,456",88% bullish,of 8 ratings,$223
ALXA,$1.07,1440264009560,"26,737",83% bullish,of 6 ratings,$2.125
ADHD,$8.31,1440264009830,"220,062",50% bullish,of 4 ratings,$18
ABDC,$12.7,1440264009933,"21,785",Not yet rated,NULL,$15
ALGN,$56.4432,1440264009958,"422,327",100% bearish,of 2 ratings,$73
ALCO,$42.36,1440264009984,"24,127",50% bullish,of 2 ratings,N/A
ALDX,$7.62,1440264010014,"6,759",100% bearish,of 1 rating,$14.50
ALIM,$3.15,1440264010113,"169,442",80% bullish,of 5 ratings,$10
ALLB,$23.48,1440264010170,"1,820",Not yet rated,NULL,N/A
AFOP,$17.51,1440264010253,"139,898",75% bullish,of 8 ratings,$21
ALDR,$36.64,1440264010284,"474,720",67% bearish,of 3 ratings,$62
AHGP,$36.6344,1440264010312,"31,919",67% bullish,of 3 ratings,N/A
ARLP,$24.94,1440264010384,"151,729",67% bearish,of 3 ratings,$32
AIQ,$14.7,1440264010554,"29,906",67% bullish,of 3 ratings,N/A
AHPI,$1.46,1440264010579,435,50% bullish,of 2 ratings,N/A
AMOT,$17.09,1440264010843,"80,719",100% bearish,of 1 rating,N/A
ALGT,$216.09,1440264011082,"164,611",100% bearish,of 1 rating,$235
ALKS,$60.35,1440264011113,"705,866",67% bullish,of 3 ratings,$75
AOSL,$7.21,1440264011261,"45,497",67% bullish,of 3 ratings,$9
MDRX,$13.52,1440264011289,"1,235,763",60% bullish,of 5 ratings,$16
ALQA,$4.43,1440264011340,"36,237",75% bullish,of 4 ratings,$8.50
SMCP,$22.56,1440264011361,"1,500",Not yet rated,NULL,N/A
ASPS,$29.2565,1440264011565,"228,767",67% bullish,of 3 ratings,$46.50
AIMC,$25.28,1440264011669,"92,117",100% bearish,of 1 rating,$28.50
AFAM,$46.84,1440264011695,"72,495",50% bullish,of 2 ratings,$44
AMAG,$59.95,1440264011837,"476,323",100% bullish,of 2 ratings,$77.50
ALNY,$100.3178,1440264012044,"414,351",67% bullish,of 3 ratings,$148.50
ALLT,$5.04,1440264012115,"71,089",75% bullish,of 4 ratings,$6.25
ATEC,$0.5768,1440264012175,"46,618",100% bullish,of 1 rating,$2
ALTR,$48.17,1440264012245,"2,956,121",80% bearish,of 5 ratings,$54
AMRN,$2.03,1440264012511,"741,425",85% bullish,of 39 ratings,$8
AMRK,$10.57,1440264012739,"4,627",50% bullish,of 2 ratings,$14
AMBCW,$7.0532,1440264013742,"1,178",100% bearish,of 1 rating,N/A
AMCX,$67.7119,1440264013827,"687,069",67% bullish,of 3 ratings,$85.50
AMBC,$15.6,1440264013882,"245,406",100% bearish,of 1 rating,$16.50
EPAX,$2.69,1440264013908,"74,357",100% bearish,of 1 rating,N/A
AMBA,$89,1440264013937,"5,366,218",83% bullish,of 12 ratings,$102.50
AYA,$21.62,1440264014041,"63,923",100% bearish,of 1 rating,$40
DOX,$59,1440264014202,"282,272",50% bullish,of 2 ratings,$60
AMZN,$495.5,1440264014232,"3,790,755",81% bullish,of 263 ratings,$646
AMED,$40.5,1440264014272,"290,278",100% bearish,of 1 rating,$42
ASBI,$22.55,1440264014334,154,Not yet rated,NULL,N/A
UHAL,$363.52,1440264014478,"15,187",100% bullish,of 2 ratings,$393.50
ATAX,$5.23,1440264014895,"155,087",100% bullish,of 1 rating,$6.50
AAL,$39.75,1440264014959,"11,179,538",93% bullish,of 88 ratings,$57
AMDA,$0.463,1440264014984,"1,233,767",90% bullish,of 10 ratings,$1
AMOV,$17.65,1440264015009,"5,863",100% bearish,of 1 rating,N/A
AGNC,$19.553,1440264015205,"3,952,543",75% bullish,of 28 ratings,$22
AGNCP,$25.34,1440264015246,"7,150",Not yet rated,NULL,N/A
AGNCB,$24.23,1440264015285,"21,668",Not yet rated,NULL,N/A
MTGE,$15.7,1440264015315,"402,399",75% bullish,of 4 ratings,$19.50
MTGEP,$24.12,1440264015337,"1,127",Not yet rated,NULL,N/A
ANCI,$1.59,1440264015368,"10,070",100% bearish,of 1 rating,N/A
ACSF,$12.225,1440264015420,"33,060",100% bearish,of 1 rating,$15
AMIC,$10.21,1440264015621,8,Not yet rated,NULL,N/A
AETI,$4.28,1440264015650,2,67% bearish,of 3 ratings,N/A
AMNB,$22.8,1440264015697,"22,976",Not yet rated,NULL,$25.50
ANAT,$100,1440264015751,"19,158",100% bullish,of 1 rating,N/A
ACAS,$13.74,1440264015829,"1,556,266",60% bullish,of 5 ratings,$16.75
AMRB,$10,1440264015969,"2,054",Not yet rated,NULL,$11
AMWD,$67.8,1440264016038,"272,213",50% bullish,of 2 ratings,$58
ASEI,$39.68,1440264016065,"53,467",100% bearish,of 1 rating,$52.50
AMSWA,$9.06,1440264016091,"86,700",100% bearish,of 2 ratings,$10.75
AMSC,$3.48,1440264016221,"36,442",50% bullish,of 4 ratings,N/A
CRMT,$37.91,1440264016290,"120,497",100% bearish,of 1 rating,$49
ARII,$38.75,1440264016325,"183,877",67% bearish,of 3 ratings,$45
AMSF,$49.68,1440264016346,"122,373",Not yet rated,NULL,$57.50
ABCB,$27.64,1440264016386,"189,477",Not yet rated,NULL,$31
ASRV,$3.27,1440264016416,840,100% bullish,of 2 ratings,N/A
APEI,$21.26,1440264016475,"155,037",100% bearish,of 1 rating,$25.50
ASRVP,NULL,1440264016653,0,Not yet rated,NULL,N/A
ATLO,$23.31,1440264016678,"15,885",Not yet rated,NULL,N/A
AMGN,$155.9,1440264016748,"4,702,712",89% bullish,of 19 ratings,$185
FOLD,$14.05,1440264016820,"2,614,067",56% bullish,of 9 ratings,$21
AMSG,$81.5,1440264016976,"320,262",100% bearish,of 1 rating,$85.50
AMKR,$4.39,1440264017033,"1,544,185",100% bearish,of 2 ratings,$5
ASYS,$5.18,1440264017106,"35,518",67% bullish,of 3 ratings,$12
AMPH,$13.79,1440264017134,"166,636",50% bullish,of 2 ratings,$20
AMSGP,NULL,1440264017158,0,Not yet rated,NULL,N/A
AMRS,$1.63,1440264017199,"53,848",70% bullish,of 10 ratings,N/A
AFSI,$58.44,1440264017229,"1,008,977",60% bullish,of 5 ratings,$72
ANAC,$129.49,1440264017334,"607,726",80% bullish,of 5 ratings,$180.50
ANAD,$0.333,1440264017460,"132,364",100% bullish,of 2 ratings,$.50
ALOG,$83.13,1440264017503,"75,588",100% bearish,of 2 ratings,$100.50
ANCB,$22.3001,1440264017563,500,Not yet rated,NULL,$23
ADI,$53.78,1440264017611,"3,922,593",67% bullish,of 3 ratings,$69
ABCW,$39.96,1440264017707,"10,347",67% bullish,of 3 ratings,N/A
AMCF,$0.26,1440264017940,"9,494",100% bullish,of 7 ratings,N/A
ANIP,$49.38,1440264017975,"250,484",89% bullish,of 19 ratings,$66
ANGO,$14.71,1440264018007,"99,313",67% bullish,of 3 ratings,$19
ATRS,$1.81,1440264018076,"537,668",92% bullish,of 12 ratings,$4.50
ANSS,$90.92,1440264018104,"391,059",100% bearish,of 1 rating,$100
ANIK,$34.88,1440264018129,"106,488",60% bullish,of 5 ratings,$51.25
ANGI,$4.64,1440264018269,"919,270",64% bullish,of 11 ratings,$5.50
ANTH,$7.04,1440264018353,"1,783,771",80% bullish,of 10 ratings,$13
ABAC,$0.73,1440264018381,"36,221",100% bearish,of 1 rating,N/A
APIC,$6.49,1440264018407,"180,683",100% bearish,of 1 rating,$19
ATNY,$2.37,1440264018434,"2,775",50% bullish,of 2 ratings,$3.75
APOG,$51.6,1440264018619,"212,697",100% bullish,of 1 rating,$67
APOL,$10.9787,1440264018648,"992,661",87% bearish,of 68 ratings,$14
AINV,$6.4767,1440264018669,"1,117,263",50% bullish,of 4 ratings,$8
AAPL,$105.9,1440264018804,"82,174,464",86% bullish,of 2338 ratings,$150
ARCI,$1.33,1440264018829,"3,906",Not yet rated,NULL,N/A
APDN,$3.22,1440264018859,"61,834",Not yet rated,NULL,$9
APPF,$16.84,1440264018886,"52,701",50% bullish,of 2 ratings,$22
APDNW,$1.15,1440264018966,"2,800",Not yet rated,NULL,N/A
AMAT,$15.497,1440264019051,"12,956,491",82% bullish,of 11 ratings,$23
AGTC,$15.74,1440264019206,"119,853",50% bullish,of 2 ratings,$33
APRI,$1.33,1440264019233,"155,441",83% bullish,of 6 ratings,$4.86
APTO,$5.09,1440264019261,"8,208",Not yet rated,NULL,$17
AREX,$2.03,1440264019283,"890,815",100% bearish,of 1 rating,$3
AMCC,$5.35,1440264019311,"963,117",80% bullish,of 5 ratings,$8
AAOI,$19.89,1440264019471,"285,163",50% bullish,of 4 ratings,$26
AQMS,$5,1440264019560,"19,025",Not yet rated,NULL,N/A
AUMA,NULL,1440264019593,0,Not yet rated,NULL,N/A
AUMAU,$9.94,1440264019622,"1,200",Not yet rated,NULL,N/A
AQXP,$18.2999,1440264019647,"469,595",50% bullish,of 2 ratings,$2
AUMAW,NULL,1440264019691,0,Not yet rated,NULL,N/A
ARDM,$7.03,1440264019718,"4,358",100% bullish,of 1 rating,$26
PETX,$17.4,1440264019888,"307,971",100% bearish,of 2 ratings,$26
ABIO,$0.9,1440264019948,"131,271",50% bullish,of 2 ratings,$3.75
RKDA,$5.76,1440264020041,"19,343",100% bearish,of 2 ratings,$10
ARCB,$29.47,1440264020069,"211,071",50% bullish,of 2 ratings,$39.50
ABUS,$7.21,1440264020091,"502,243",86% bullish,of 14 ratings,$23
ARCW,$3.48,1440264020120,"25,137",100% bearish,of 2 ratings,$10.50
ACAT,$26.89,1440264020254,"260,125",100% bearish,of 3 ratings,$33
ARDX,$17.41,1440264020293,"91,948",50% bullish,of 2 ratings,$24.50
ACGL,$70.5015,1440264020325,"414,489",50% bullish,of 2 ratings,$72
ARCC,$15.47,1440264020396,"1,615,433",67% bearish,of 3 ratings,$17.875
AGII,$57.69,1440264020424,"141,575",Not yet rated,NULL,$59.50
ARNA,$2.97,1440264020455,"4,127,037",90% bullish,of 77 ratings,$5.50
AGIIL,$25.45,1440264020553,"5,893",Not yet rated,NULL,N/A
ARGS,$6.17,1440264020580,"116,903",50% bullish,of 2 ratings,$19.50
ARIS,$3.3,1440264020646,"8,290",Not yet rated,NULL,$4.50
ARIA,$6.7,1440264020781,"3,153,702",87% bullish,of 46 ratings,$9
ARKR,$25.36,1440264020850,552,50% bullish,of 2 ratings,N/A
ARMH,$40.1,1440264020908,"1,339,073",54% bearish,of 13 ratings,$61
ARWA,NULL,1440264020935,0,Not yet rated,NULL,N/A
ARTX,$1.48,1440264021007,"105,854",88% bullish,of 16 ratings,$4.50
ARWAR,NULL,1440264021066,0,Not yet rated,NULL,N/A
ARQL,$1.67,1440264021202,"200,267",75% bullish,of 4 ratings,$5
ARWAU,NULL,1440264021228,0,100% bullish,of 1 rating,N/A
ARRY,$5.45,1440264021282,"1,219,732",100% bullish,of 7 ratings,$10
ARWAW,NULL,1440264021358,0,Not yet rated,NULL,N/A
ARRS,$26.44,1440264021413,"1,060,211",50% bullish,of 2 ratings,$38
AROW,$27.24,1440264021449,"41,580",Not yet rated,NULL,N/A
DWAT,$9.92,1440264021474,"46,463",100% bearish,of 1 rating,N/A
ARWR,$5.57,1440264021546,"814,360",75% bullish,of 4 ratings,$10.50
ARTNA,$22.48,1440264021629,"42,576",100% bearish,of 1 rating,$29
ARTW,$4.45,1440264021714,"3,048",75% bearish,of 4 ratings,N/A
ASBB,$25.05,1440264021741,372,Not yet rated,NULL,N/A
ASNA,$11.2187,1440264021806,"8,984,030",50% bullish,of 2 ratings,$18
ASND,$18.23,1440264021895,"38,275",100% bullish,of 1 rating,$30
ASTI,$0.13,1440264022024,"1,817,223",83% bullish,of 6 ratings,$3
APWC,$1.9,1440264022055,406,100% bearish,of 1 rating,N/A
ASCMA,$28.6,1440264022099,"180,787",100% bearish,of 1 rating,$45
ASML,$85.91,1440264022131,"1,134,628",67% bullish,of 3 ratings,$127
ASMI,NULL,1440264022150,0,NULL,NULL,NULL
AZPN,$38.4,1440264022183,"991,920",50% bullish,of 2 ratings,$42
ASMB,$12.44,1440264022282,"80,806",67% bullish,of 3 ratings,N/A
ASFI,$8.95,1440264022320,"3,732",100% bullish,of 1 rating,N/A
ATRO,$52.77,1440264022465,"98,668",100% bearish,of 2 ratings,$80
ASTE,$36.28,1440264022495,"88,638",100% bearish,of 1 rating,$48
ALOT,$13.51,1440264022597,"1,011",100% bearish,of 1 rating,N/A
ASTC,$2.2,1440264022677,"39,970",100% bullish,of 5 ratings,N/A
ASUR,$5.76,1440264022706,"10,939",100% bearish,of 1 rating,$8
ATAI,$2.78,1440264022728,"31,993",100% bearish,of 1 rating,N/A
ATRA,$42.01,1440264022780,"183,569",50% bullish,of 2 ratings,$68
ATHN,$135.79,1440264022866,"193,647",67% bearish,of 3 ratings,$153
AFCB,$28.01,1440264022893,249,Not yet rated,NULL,N/A
ACFC,$6.11,1440264023027,"95,163",Not yet rated,NULL,$6.50
ATNI,$73.68,1440264023056,"66,107",100% bearish,of 1 rating,$69.50
AAPC,$10.21,1440264023078,394,Not yet rated,NULL,N/A
ATHX,$1.17,1440264023130,"238,940",89% bullish,of 9 ratings,$5
AAME,$3.58,1440264023226,"1,190",Not yet rated,NULL,N/A
ATLC,$3.9,1440264023251,"17,113",67% bullish,of 3 ratings,N/A
AAWW,$41.78,1440264023281,"365,924",50% bullish,of 2 ratings,$65
ATOS,$0.85,1440264023459,"182,378",100% bullish,of 7 ratings,$7
AFH,$16.545,1440264023486,"75,284",Not yet rated,NULL,$21.50
ATRC,$25.67,1440264023562,"198,665",100% bullish,of 1 rating,$30
ATRI,$389.5,1440264023618,"4,458",Not yet rated,NULL,N/A
ATRM,$2.89,1440264023647,"1,200",50% bullish,of 2 ratings,N/A
LIFE,$14.04,1440264023745,"32,217",86% bullish,of 7 ratings,$43
ATML,$6.95,1440264023785,"2,918,067",78% bullish,of 9 ratings,$9.50
AUBN,$27.68,1440264023849,948,Not yet rated,NULL,N/A
AUDC,$3.18,1440264023922,"55,482",80% bullish,of 5 ratings,$5
ATTU,$13.55,1440264023952,"51,302",100% bearish,of 1 rating,$20.50
AUPH,$3.19,1440264024007,"14,987",100% bearish,of 1 rating,$8
EARS,$4.845,1440264024037,"14,045",100% bearish,of 2 ratings,$11.50
ADAT,$0.12,1440264024168,"123,764",100% bullish,of 2 ratings,N/A
ABTL,$18.05,1440264024198,"70,992",100% bullish,of 4 ratings,$20.25
ADSK,$51.76,1440264024307,"2,339,645",83% bullish,of 6 ratings,$69.50
ADP,$79.23,1440264024402,"2,485,062",100% bearish,of 1 rating,$88
AVNU,$12.7,1440264024538,506,Not yet rated,NULL,$14
AVEO,$1.38,1440264024613,"1,367,791",75% bullish,of 8 ratings,$3
AVGO,$112.787,1440264024648,"3,328,073",88% bullish,of 8 ratings,$160
AVID,$8.01,1440264024675,"539,251",100% bearish,of 1 rating,$20
AAVL,$10.62,1440264024705,"258,588",100% bearish,of 1 rating,$20
AVGR,$14.23,1440264024742,"21,077",100% bearish,of 1 rating,$20
CAR,$42.2749,1440264024767,"1,835,525",80% bullish,of 5 ratings,$60
AVNW,$1.24,1440264024806,"161,594",50% bullish,of 2 ratings,$2.20
AWRE,$3.14,1440264024971,"21,064",67% bullish,of 3 ratings,N/A
AXPWW,NULL,1440264025034,0,Not yet rated,NULL,N/A
AXPW,$1.1,1440264025060,"56,422",83% bullish,of 6 ratings,N/A
ACLS,$3.29,1440264025091,"557,776",67% bullish,of 6 ratings,$4.75
AXGN,$3.94,1440264025117,"27,034",Not yet rated,NULL,$5
AXTI,$2.15,1440264025194,"35,695",50% bullish,of 2 ratings,$2.75
BCOM,NULL,1440264025351,0,100% bearish,of 1 rating,N/A
RILY,$10,1440264025406,600,Not yet rated,NULL,N/A
BCPC,$57.76,1440264025432,"128,021",100% bearish,of 1 rating,$75
BEAV,$48.57,1440264025461,"742,264",67% bearish,of 3 ratings,$59
BOSC,$2.37,1440264025488,"1,297",50% bullish,of 2 ratings,N/A
BWINB,$23.01,1440264025566,"25,265",Not yet rated,NULL,N/A
BIDU,$152.9,1440264025713,"3,843,564",81% bullish,of 88 ratings,$210
BANFP,NULL,1440264025784,0,Not yet rated,NULL,N/A
BWINA,NULL,1440264025812,0,Not yet rated,NULL,N/A
BLDP,$1.24,1440264025836,"470,551",91% bullish,of 22 ratings,$2.50
BANF,$60.97,1440264025866,"18,077",Not yet rated,NULL,$68
BKMU,$7.19,1440264025889,"511,937",Not yet rated,NULL,$8
BOCH,$5.76,1440264026085,"16,932",Not yet rated,NULL,$6.50
BMRC,$48.75,1440264026133,"17,961",Not yet rated,NULL,$52
BOTJ,$11.15,1440264026286,"3,090",Not yet rated,NULL,N/A
OZRK,$40.71,1440264026312,"553,107",67% bullish,of 3 ratings,$49.50
BKSC,$15.6,1440264026443,705,Not yet rated,NULL,N/A
BFIN,$12.01,1440264026730,"29,911",Not yet rated,NULL,$13
BWFG,$18.03,1440264026759,"3,688",100% bearish,of 1 rating,N/A
BANR,$45.64,1440264026796,"84,960",100% bullish,of 3 ratings,$50
BHAC,NULL,1440264026895,0,Not yet rated,NULL,N/A
BZUN,$5.65,1440264026926,"399,133",50% bullish,of 2 ratings,$12.60
TAPR,$29.38,1440264026950,"4,550",100% bearish,of 1 rating,N/A
BHACR,$0.25,1440264026975,700,Not yet rated,NULL,N/A
BHACU,NULL,1440264027013,0,Not yet rated,NULL,N/A
BHACW,NULL,1440264027104,0,Not yet rated,NULL,N/A
BBSI,$34.87,1440264027265,"71,494",67% bearish,of 3 ratings,$62.50
BYBK,$5.02,1440264027330,"1,546",100% bearish,of 1 rating,N/A
BV,$5.08,1440264027463,"375,082",67% bullish,of 6 ratings,$9
BSET,$29.1,1440264027495,"49,205",100% bearish,of 1 rating,$35
BCBP,$11.73,1440264027522,"8,625",Not yet rated,NULL,N/A
BYLK,$12.95,1440264027553,"4,701",Not yet rated,NULL,$14
BDCV,$4.84,1440264027577,"9,821",100% bearish,of 1 rating,$10.19
BBCN,$14.81,1440264027607,"308,877",100% bearish,of 1 rating,$16
BECN,$35.48,1440264027638,"294,756",50% bullish,of 2 ratings,$40
BBGI,$4.68,1440264027745,2,100% bearish,of 1 rating,N/A
BSF,$8.62,1440264027817,"18,869",Not yet rated,NULL,N/A
BELFA,$15.5,1440264027889,100,100% bearish,of 1 rating,N/A
BEBE,$1.81,1440264027948,"150,846",75% bullish,of 4 ratings,$3.075
BELFB,$17.92,1440264028020,"70,318",100% bearish,of 1 rating,N/A
BBBY,$61.8626,1440264028050,"2,676,226",71% bullish,of 7 ratings,$75
BLCM,$17.46,1440264028155,"701,289",50% bullish,of 4 ratings,$40
BLPH,$5.01,1440264028186,"26,371",100% bearish,of 1 rating,$12.50
BNCL,$12.64,1440264028229,"393,855",100% bullish,of 3 ratings,$12.50
BNTC,$8.6562,1440264028319,"29,198",100% bullish,of 1 rating,N/A
BGMD,$0.8536,1440264028378,"210,316",100% bullish,of 10 ratings,N/A
BNFT,$36.3,1440264028406,"94,715",67% bullish,of 3 ratings,$46
BGCP,$8.8,1440264028537,"2,203,135",88% bullish,of 8 ratings,$14
BIND,$4.56,1440264028562,"42,392",67% bullish,of 3 ratings,$13.50
BGFV,$10.86,1440264028591,"167,409",57% bullish,of 7 ratings,$12
ORPN,$5.34,1440264028621,"18,329",100% bullish,of 1 rating,$28.50
BCDA,NULL,1440264028721,0,Not yet rated,NULL,N/A
BASI,$1.39,1440264028822,"12,876",Not yet rated,NULL,N/A
BIOC,$2.08,1440264028853,"466,899",83% bullish,of 6 ratings,$3.85
BIOD,$0.6899,1440264028955,"144,374",80% bullish,of 5 ratings,$4
BCRX,$11.99,1440264029035,"637,416",63% bullish,of 8 ratings,$18
BIOL,$1.46,1440264029108,"36,518",Not yet rated,NULL,N/A
BDSI,$6.52,1440264029141,"1,009,736",88% bullish,of 8 ratings,$17
BLFS,$2.03,1440264029242,"86,446",100% bearish,of 1 rating,$4.75
BIIB,$298,1440264029269,"2,250,449",88% bullish,of 16 ratings,$400
BMRN,$130,1440264029303,"823,308",80% bullish,of 5 ratings,$160
BLRX,$1.42,1440264029343,"228,173",100% bullish,of 12 ratings,$5
BVXV,$3.86,1440264029406,"7,057",Not yet rated,NULL,N/A
BRLI,NULL,1440264029487,0,NULL,NULL,NULL
BVXVW,$0.77,1440264029535,"1,008",100% bearish,of 1 rating,N/A
BPTH,$1.13,1440264029622,"64,428",100% bullish,of 2 ratings,$5
BIOS,$1.84,1440264029711,"1,061,659",71% bullish,of 7 ratings,$4
BBP,$32.07,1440264029751,"91,659",Not yet rated,NULL,N/A
BSTC,$49.71,1440264029777,"66,008",100% bearish,of 1 rating,$76
BBC,$30.48,1440264029798,"62,013",Not yet rated,NULL,N/A
BSPM,$0.72,1440264029937,"10,225",50% bullish,of 2 ratings,N/A
BOTA,$2.2,1440264029977,"47,009",88% bullish,of 8 ratings,N/A
TECH,$101.4978,1440264030069,"129,987",100% bullish,of 1 rating,$117
BITI,$17.33,1440264030138,"31,694",100% bullish,of 1 rating,$28
BEAT,$13.69,1440264030166,"339,071",67% bearish,of 3 ratings,$15
BDMS,NULL,1440264030193,0,100% bearish,of 1 rating,N/A
BJRI,$44.71,1440264030221,"215,274",50% bullish,of 2 ratings,$55
BBOX,$15.44,1440264030246,"68,675",100% bearish,of 1 rating,N/A
BDE,$7.5,1440264030466,"220,690",50% bullish,of 2 ratings,$9
BBRY,$7.15,1440264030508,"5,450,296",61% bullish,of 330 ratings,$9
BLKB,$58.91,1440264030533,"225,935",100% bearish,of 2 ratings,$66
ADRA,$27.52,1440264030595,"1,065",Not yet rated,NULL,N/A
BKCC,$9.118,1440264030622,"334,015",100% bullish,of 2 ratings,$10
HAWK,$42,1440264030644,"525,334",91% bullish,of 11 ratings,$49
ADRE,$29.55,1440264030772,"44,928",Not yet rated,NULL,N/A
ADRU,$21.85,1440264030864,"2,468",100% bearish,of 1 rating,N/A
ADRD,$22.12,1440264030901,"8,231",100% bearish,of 1 rating,N/A
BLMN,$20.36,1440264030965,"1,559,840",83% bullish,of 6 ratings,$27.50
BLBD,$11.53,1440264030991,"7,869",Not yet rated,NULL,N/A
BUFF,$26.91,1440264031061,"472,572",83% bullish,of 12 ratings,$31.50
BHBK,$14.06,1440264031131,"103,355",100% bullish,of 1 rating,$14.50
BBLU,$0.89,1440264031227,"120,329",100% bullish,of 2 ratings,$4.43
NILE,$34.29,1440264031257,"91,641",50% bullish,of 2 ratings,$34
BCOR,$13.4,1440264031312,"257,015",57% bullish,of 7 ratings,$15
BLUE,$124.9,1440264031340,"511,022",71% bullish,of 7 ratings,$217.50
BKEPP,$7.773,1440264031385,"1,100",100% bearish,of 1 rating,N/A
BKEP,$6.6,1440264031410,"42,067",100% bearish,of 1 rating,$8.50
BPMC,$25.74,1440264031627,"43,864",50% bullish,of 2 ratings,$47.50
BOJA,$20.83,1440264031757,"194,845",100% bullish,of 1 rating,$30
BOBE,$44.5,1440264031793,"144,944",75% bullish,of 4 ratings,$57
BOKF,$61.8126,1440264031815,"136,973",100% bearish,of 1 rating,$70.50
WIFI,$7.83,1440264031849,"402,837",50% bullish,of 2 ratings,$13.50
BONA,$11.82,1440264031884,"182,491",75% bullish,of 4 ratings,$8.50
BOFI,$123.99,1440264031911,"365,678",100% bullish,of 6 ratings,$144
BNCN,$21.26,1440264031950,"105,692",Not yet rated,NULL,$23
BNSO,$1.38,1440264031983,"6,280",100% bearish,of 1 rating,N/A
BAMM,$3.21,1440264032126,"12,873",60% bullish,of 5 ratings,N/A
BPFH,$12.155,1440264032178,"304,942",100% bearish,of 1 rating,$14
BPFHP,$25,1440264032225,"1,571",100% bearish,of 1 rating,N/A
EPAY,$25.46,1440264032252,"155,496",100% bearish,of 2 ratings,$30
BPFHW,$5.5,1440264032279,837,100% bearish,of 1 rating,N/A
BDBD,$8.43,1440264032432,"500,690",60% bullish,of 5 ratings,$10
BCLI,$2.92,1440264032624,"80,439",80% bullish,of 5 ratings,$12
BBEP,$2.26,1440264032678,"2,113,660",69% bullish,of 13 ratings,$5.625
BDGE,$27.4,1440264032699,"33,067",Not yet rated,NULL,$31.75
BLIN,$1.15,1440264032735,"21,500",50% bullish,of 2 ratings,$2.20
BBRG,$12.58,1440264032758,"83,065",67% bullish,of 3 ratings,$14.50
BBEPP,$13.24,1440264032779,"73,231",100% bearish,of 1 rating,N/A
BCOV,$5.22,1440264032837,"120,648",67% bullish,of 3 ratings,$10.20
BRID,$8.62,1440264032917,86,100% bearish,of 1 rating,N/A
BRCM,$48.57,1440264033051,"5,158,085",75% bullish,of 12 ratings,$56
BSFT,$30.87,1440264033080,"134,160",57% bullish,of 7 ratings,$40.50
BYFC,$1.37,1440264033107,200,50% bullish,of 2 ratings,N/A
BVSN,$5.54,1440264033128,"12,787",60% bearish,of 5 ratings,N/A
BWEN,$3.26,1440264033157,"21,709",100% bullish,of 3 ratings,$8
BRCD,$10.6,1440264033354,"10,780,307",92% bullish,of 13 ratings,$12.50
BRKS,$10.37,1440264033483,"191,066",67% bullish,of 3 ratings,$15.25
BLMT,$20.8,1440264033508,"14,194",Not yet rated,NULL,N/A
BRKR,$19.0677,1440264033533,"233,562",100% bearish,of 2 ratings,$22
BWLD,$189.5073,1440264033561,"260,082",82% bullish,of 11 ratings,$205
BMTC,$29.46,1440264033590,"89,269",Not yet rated,NULL,$34
BSQR,$6.03,1440264033612,"89,784",67% bullish,of 3 ratings,N/A
BRKL,$10.765,1440264033745,"389,012",100% bearish,of 1 rating,$10.75
BUR,$1.85,1440264033845,"2,443",100% bearish,of 1 rating,$8
BLDR,$14.9615,1440264033906,"1,078,324",50% bullish,of 2 ratings,$22
CFFI,$36,1440264033935,"6,616",100% bearish,of 1 rating,N/A
CHRW,$67.24,1440264033986,"1,128,419",Not yet rated,NULL,$72
CA,$27.33,1440264034064,"2,905,194",50% bullish,of 4 ratings,$33
CDNS,$19.8,1440264034217,"1,519,633",75% bullish,of 4 ratings,$22.50
CCMP,$44.25,1440264034250,"90,039",50% bullish,of 2 ratings,$59
CDZI,$7.53,1440264034305,"30,147",100% bearish,of 1 rating,N/A
CACQ,$7.1,1440264034344,"100,797",100% bearish,of 1 rating,$12.25
CZR,$8.02,1440264034373,"1,345,062",60% bearish,of 5 ratings,$10.50
CSTE,$45,1440264034400,"526,244",100% bearish,of 1 rating,$65
CLBS,$1.33,1440264034435,"263,782",79% bullish,of 14 ratings,$4
PRSS,$4.42,1440264034474,"18,224",80% bullish,of 5 ratings,$4.50
CLMS,$11.43,1440264034824,"84,354",Not yet rated,NULL,$10.50
CHY,$11.51,1440264034851,"256,541",Not yet rated,NULL,N/A
CCD,$19.57,1440264035044,"275,211",Not yet rated,NULL,N/A
CHI,$10.67,1440264035105,"301,618",100% bearish,of 1 rating,N/A
CHW,$7.59,1440264035140,"273,520",100% bearish,of 1 rating,N/A
CFGE,NULL,1440264035202,0,Not yet rated,NULL,N/A
CGO,$11.92,1440264035530,"30,892",100% bearish,of 1 rating,N/A
CSQ,$9.88,1440264035575,"547,189",Not yet rated,NULL,N/A
CFNB,$13.73,1440264035755,143,100% bearish,of 1 rating,N/A
CALA,$5.13,1440264035784,"381,343",100% bullish,of 3 ratings,$19.50
CALD,$15.56,1440264035815,"396,608",100% bearish,of 1 rating,$20.50
CALM,$49.67,1440264035840,"539,610",80% bullish,of 5 ratings,$65
CAMP,$15.71,1440264035884,"335,596",88% bullish,of 8 ratings,$25
CVGW,$54.49,1440264035947,"146,768",50% bullish,of 2 ratings,$58.50
CLMT,$25.21,1440264036015,"367,348",75% bullish,of 8 ratings,$31
ABCD,$4.64,1440264036117,"122,674",83% bullish,of 6 ratings,N/A
CAMB,NULL,1440264036143,0,Not yet rated,NULL,N/A
CAMBU,NULL,1440264036171,0,100% bearish,of 1 rating,N/A
CAC,$40.79,1440264036306,"25,045",Not yet rated,NULL,N/A
CAMT,$2.76,1440264036332,"17,958",73% bullish,of 11 ratings,$4
CAMBW,$0.14,1440264036376,200,Not yet rated,NULL,N/A
CSIQ,$17.5,1440264036545,"3,511,125",86% bullish,of 28 ratings,$45
CGIX,$9.21,1440264036580,"38,415",67% bullish,of 3 ratings,$14.375
CBNJ,$10.65,1440264036652,"60,681",100% bullish,of 1 rating,N/A
CPLA,$48.57,1440264036680,"84,854",50% bullish,of 2 ratings,$65
CPHC,$10.66,1440264036701,"2,320",100% bearish,of 1 rating,N/A
CBF,$30.13,1440264036729,"102,306",Not yet rated,NULL,$32
CCBG,$15.17,1440264036865,"20,399",Not yet rated,NULL,$17.25
CPTA,$14.22,1440264036964,"52,411",Not yet rated,NULL,$18.50
CSWC,$46.68,1440264036996,"16,339",Not yet rated,NULL,N/A
CPLP,$7.07,1440264037025,"470,786",71% bullish,of 7 ratings,$11
CFFN,$12.0086,1440264037051,"689,306",Not yet rated,NULL,$12.75
CAPN,$1.99,1440264037098,"269,769",100% bullish,of 1 rating,$10.85
CAPNW,$0.6199,1440264037122,615,Not yet rated,NULL,N/A
CPST,$0.3777,1440264037392,"956,493",95% bullish,of 22 ratings,$1.25
CBYL,$6.29,1440264037499,"38,631",100% bearish,of 1 rating,$20
CAPR,$3.95,1440264037536,"6,718",Not yet rated,NULL,$12
CARB,$11.43,1440264037561,"85,069",75% bullish,of 4 ratings,$12
CRDC,$0.38,1440264037594,"10,734",100% bullish,of 1 rating,$1.25
CARA,$21.01,1440264037626,"286,045",50% bullish,of 4 ratings,$25
CFNL,$22.47,1440264037730,"122,419",Not yet rated,NULL,$24
CRME,$9.535,1440264037752,"32,837",89% bullish,of 9 ratings,$11.25
CSII,$24.6527,1440264037967,"477,244",100% bearish,of 2 ratings,$42.125
CATM,$34.54,1440264038060,"283,184",100% bearish,of 1 rating,$44
CECO,$3.63,1440264038098,"476,999",67% bearish,of 3 ratings,$6
CDNA,$6.47,1440264038127,"6,286",100% bearish,of 1 rating,$9
CTRE,$12.03,1440264038153,"422,076",50% bullish,of 2 ratings,N/A
CLBH,$12.79,1440264038227,288,Not yet rated,NULL,$16.50
CKEC,$21.84,1440264038286,"283,627",50% bullish,of 2 ratings,$35.915
CART,NULL,1440264038424,0,100% bearish,of 1 rating,N/A
CARO,$15.35,1440264038451,"1,700",100% bearish,of 1 rating,$19
CRZO,$32,1440264038473,"968,169",67% bearish,of 3 ratings,$57
CRTN,$2.66,1440264038518,103,100% bearish,of 1 rating,N/A
TAST,$11.91,1440264038606,"220,515",Not yet rated,NULL,$14.25
CASM,$1.09,1440264038641,"4,748",100% bullish,of 1 rating,$3.50
CARV,$5.51,1440264038663,"1,650",50% bullish,of 2 ratings,N/A
CACB,$5.43,1440264038703,"111,472",Not yet rated,NULL,$5.50
CSCD,$14.23,1440264038804,"100,500",100% bullish,of 2 ratings,$17
CWST,$6.2,1440264038969,"271,280",50% bullish,of 2 ratings,$7
CASI,$1.42,1440264039069,"13,082",100% bullish,of 1 rating,$3.50
CASS,$47.46,1440264039099,"46,174",100% bearish,of 1 rating,N/A
CPRX,$3.66,1440264039132,"846,503",71% bullish,of 7 ratings,$7
CASY,$104.8974,1440264039154,"370,086",50% bullish,of 2 ratings,$99.50
CATB,$11.26,1440264039198,"70,464",100% bearish,of 1 rating,$28
CATY,$30.2864,1440264039224,"491,578",100% bearish,of 1 rating,$33.50
CVCO,$73.17,1440264039301,"73,964",100% bearish,of 1 rating,N/A
CATYW,$10.54,1440264039357,100,100% bearish,of 1 rating,N/A
CAVM,$66.14,1440264039401,"458,453",67% bearish,of 3 ratings,$72
CBFV,$20.75,1440264039456,"4,266",Not yet rated,NULL,N/A
CNLM,$9.97,1440264039485,"1,883",Not yet rated,NULL,N/A
CNLMR,NULL,1440264039545,0,Not yet rated,NULL,N/A
CNLMU,NULL,1440264039587,0,100% bullish,of 1 rating,N/A
CNLMW,NULL,1440264039625,0,Not yet rated,NULL,N/A
CDK,$48.5,1440264039833,"517,921",67% bearish,of 3 ratings,$50
CBOE,$61.4126,1440264039862,"495,206",Not yet rated,NULL,$60
CDW,$38.25,1440264039891,"1,490,342",75% bullish,of 4 ratings,$44
CECE,$9.45,1440264039942,"124,266",50% bullish,of 2 ratings,$16
CPXX,$2.13,1440264039967,"85,814",100% bullish,of 2 ratings,$7
CELGZ,$1.81,1440264040035,"14,200",80% bullish,of 5 ratings,N/A
CLDX,$13.53,1440264040170,"2,065,127",89% bullish,of 9 ratings,$36
CELG,$119.5,1440264040208,"5,582,818",92% bullish,of 13 ratings,$155.50
CLDN,$1.05,1440264040235,"324,992",71% bullish,of 7 ratings,$3
CLRB,$3.05,1440264040261,"5,111",100% bearish,of 1 rating,N/A
CLRBW,$0.94,1440264040303,300,Not yet rated,NULL,N/A
CLLS,$30.45,1440264040334,"113,250",75% bullish,of 4 ratings,$51.50
CBMG,$22.63,1440264040391,"40,791",50% bullish,of 2 ratings,N/A
CLSN,$2,1440264040432,"140,086",80% bullish,of 10 ratings,$7.50
CLTX,$3,1440264040579,"2,660,088",100% bullish,of 2 ratings,N/A
CYAD,$50.47,1440264040604,"5,476",100% bullish,of 1 rating,$87.50
CEMP,$35.5,1440264040739,"686,260",71% bullish,of 7 ratings,$52
CETX,$2.47,1440264040797,"12,950",Not yet rated,NULL,$5.60
CSFL,$14.06,1440264040843,"147,356",Not yet rated,NULL,$15
CETV,$2.02,1440264040902,"177,717",67% bullish,of 3 ratings,$2.80
CFBK,$1.38,1440264040927,"6,308",Not yet rated,NULL,N/A
CENT,$11.93,1440264040986,"28,453",Not yet rated,NULL,$10
CVCY,$11.19,1440264041019,675,Not yet rated,NULL,$12
CENTA,$12.57,1440264041119,"238,725",Not yet rated,NULL,N/A
CNBKA,$40.33,1440264041148,"9,839",100% bullish,of 1 rating,N/A
CENX,$5.17,1440264041176,"1,660,584",67% bullish,of 6 ratings,$9
CNTY,$6.02,1440264041203,"6,571",80% bullish,of 5 ratings,$7.75
CRNT,$1.37,1440264041375,"280,066",50% bullish,of 2 ratings,$2
CPHD,$47.8043,1440264041400,"535,219",50% bullish,of 2 ratings,$66.50
CERE,$1.1,1440264041425,"479,152",88% bullish,of 8 ratings,N/A
CERN,$61.72,1440264041598,"1,895,743",67% bullish,of 3 ratings,$79
CERU,$3.42,1440264041629,"35,413",75% bullish,of 4 ratings,$15
CERS,$4.73,1440264041651,"650,339",75% bullish,of 4 ratings,$7
KOOL,$0.6998,1440264041728,"19,783",100% bullish,of 5 ratings,$7
CEVA,$18.37,1440264041787,"70,931",100% bearish,of 1 rating,$25
CYOU,$20.0874,1440264041812,"457,679",50% bullish,of 6 ratings,$24
HOTR,$1.5,1440264041839,"212,526",100% bullish,of 2 ratings,$5
HOTRW,NULL,1440264041870,0,Not yet rated,NULL,N/A
CTHR,$1.23,1440264041974,"48,304",50% bullish,of 2 ratings,$2.50
GTLS,$22.3973,1440264042004,"330,795",50% bullish,of 4 ratings,$40
CHTR,$177.5087,1440264042102,"962,693",100% bearish,of 2 ratings,$196
CHFN,$12.45,1440264042158,"35,096",Not yet rated,NULL,$14
CHKP,$76.9,1440264042191,"1,048,652",50% bullish,of 4 ratings,$92
CHEK,$3.16,1440264042287,"1,665",Not yet rated,NULL,$7.75
CHEKW,NULL,1440264042317,0,Not yet rated,NULL,N/A
CEMI,$4.25,1440264042382,"5,139",50% bullish,of 2 ratings,$7.50
CHFC,$31.81,1440264042418,"100,386",100% bearish,of 1 rating,$36
CHMG,$26.6,1440264042566,700,Not yet rated,NULL,$30
CHEV,$14.63,1440264042592,"8,266",Not yet rated,NULL,N/A
CHKE,$25.42,1440264042619,"26,595",100% bearish,of 1 rating,$32.50
CCXI,$6.66,1440264042651,"125,627",67% bullish,of 3 ratings,$14
CHMA,$24.05,1440264042678,"123,730",Not yet rated,NULL,$40
PLCE,$58.5,1440264042751,"386,298",100% bearish,of 1 rating,$71
CBNK,$16.48,1440264042810,297,100% bearish,of 1 rating,N/A
CMRX,$46.44,1440264042889,"341,351",50% bullish,of 2 ratings,$57
CALI,$0.87,1440264042992,"7,037",67% bullish,of 3 ratings,N/A
CAAS,$6.48,1440264043122,"52,022",93% bullish,of 14 ratings,$11.50
CADC,NULL,1440264043149,0,78% bullish,of 9 ratings,N/A
CBAK,$1.8,1440264043176,"39,266",67% bullish,of 9 ratings,N/A
CBPO,$97.5633,1440264043197,"275,264",75% bullish,of 8 ratings,$140.50
CCCL,$0.85,1440264043228,"10,030",100% bullish,of 6 ratings,N/A
JRJC,$3.88,1440264043370,"166,421",82% bullish,of 11 ratings,N/A
CCCR,$0.89,1440264043406,"36,866",67% bearish,of 3 ratings,N/A
HGSH,$1.89,1440264043497,"13,900",67% bullish,of 3 ratings,N/A
CJJD,$1.9,1440264043538,"52,186",100% bullish,of 1 rating,N/A
CHLN,$2.05,1440264043564,"8,803",67% bullish,of 3 ratings,N/A
CHOP,$1.2,1440264043590,"146,084",50% bullish,of 2 ratings,N/A
CNIT,$1.54,1440264043616,"31,123",67% bullish,of 6 ratings,N/A
HTHT,$24.5,1440264043750,"81,284",50% bullish,of 2 ratings,$28
CHNR,$2.01,1440264043855,"1,911",100% bearish,of 1 rating,N/A
CREG,$0.7,1440264043899,"109,561",100% bullish,of 3 ratings,N/A
CSUN,$1.38,1440264043990,"19,180",80% bullish,of 5 ratings,N/A
CNYD,$3.17,1440264044022,"7,840",67% bullish,of 3 ratings,N/A
CPGI,$6.94,1440264044044,"2,888",Not yet rated,NULL,N/A
CNTF,$0.85,1440264044066,"130,860",Not yet rated,NULL,N/A
CXDC,$6.21,1440264044125,"128,308",67% bullish,of 3 ratings,N/A
CCIH,$6.0688,1440264044260,"995,724",67% bullish,of 6 ratings,$12.65
IMOS,$16.0456,1440264044337,"208,767",60% bullish,of 5 ratings,$21.50
CHSCL,$27.06,1440264044394,"26,654",Not yet rated,NULL,N/A
CNET,$0.8899,1440264044419,"36,501",50% bullish,of 2 ratings,N/A
CHSCM,$25.86,1440264044446,"33,418",Not yet rated,NULL,N/A
CHSCN,$27.02,1440264044476,"3,839",Not yet rated,NULL,N/A
CHSCO,$28.32,1440264044497,"9,147",Not yet rated,NULL,N/A
CHSCP,$30.29,1440264044633,"3,905",Not yet rated,NULL,N/A
CHUY,$31.27,1440264044778,"229,822",50% bullish,of 2 ratings,$34
CHDN,$134.37,1440264044806,"57,359",Not yet rated,NULL,$165
CDTX,$14.04,1440264044827,"21,619",Not yet rated,NULL,$22
CIFC,$6.85,1440264044859,"10,311",Not yet rated,NULL,N/A
CMPR,$67.75,1440264044991,"558,567",50% bullish,of 2 ratings,$72.50
CMCT,$15,1440264045020,"2,992",100% bearish,of 1 rating,N/A
CINF,$53.8535,1440264045061,"1,065,857",50% bullish,of 4 ratings,$50.50
CPHR,$6.2,1440264045091,"1,500",100% bearish,of 1 rating,$16
CIDM,$0.62,1440264045151,"87,510",50% bullish,of 2 ratings,$2.10
CRUS,$27.46,1440264045199,"973,633",75% bullish,of 12 ratings,$44.50
CTAS,$84.87,1440264045232,"522,195",100% bearish,of 1 rating,$91
CTRN,$27.92,1440264045381,"144,202",100% bearish,of 1 rating,$31.50
CZNC,$19.63,1440264045429,"13,840",Not yet rated,NULL,N/A
CSCO,$26.48,1440264045507,"34,066,946",84% bullish,of 208 ratings,$32
CZFC,$12.7201,1440264045533,700,Not yet rated,NULL,N/A
CZWI,$9.09,1440264045554,10,Not yet rated,NULL,N/A
CIZN,$19.55,1440264045696,"1,220",Not yet rated,NULL,N/A
CHCO,$47.47,1440264045749,"74,330",Not yet rated,NULL,$46
CTXS,$73.91,1440264045787,"1,231,547",86% bullish,of 7 ratings,$80
CLNE,$4.02,1440264045882,"1,114,136",80% bullish,of 15 ratings,$9
CIVBP,NULL,1440264045912,0,Not yet rated,NULL,N/A
CIVB,$10.29,1440264045933,"5,841",Not yet rated,NULL,$11
CLNT,$1.69,1440264045967,"56,834",75% bullish,of 8 ratings,N/A
CDTI,$1.56,1440264045992,"65,316",75% bullish,of 4 ratings,$3.20
CLFD,$16.89,1440264046129,"50,082",67% bullish,of 3 ratings,$18
CLRO,$11.74,1440264046155,"4,663",50% bullish,of 2 ratings,$14.25
CLIR,$5.07,1440264046189,"32,472",100% bullish,of 3 ratings,N/A
CBLI,$3.82,1440264046324,"47,562",60% bullish,of 5 ratings,N/A
CSBK,$13.76,1440264046397,"62,601",Not yet rated,NULL,N/A
CMFN,$11.79,1440264046474,"14,093",100% bearish,of 1 rating,$15.50
CME,$91.629,1440264046500,"3,306,208",67% bullish,of 3 ratings,$102
CLVS,$72.68,1440264046535,"346,682",60% bullish,of 5 ratings,$101.50
CCNE,$17.08,1440264046567,"21,997",50% bullish,of 2 ratings,$21.50
CISG,$7.78,1440264046636,"151,935",100% bullish,of 5 ratings,$10
CNV,$4.72,1440264046699,"20,202",50% bullish,of 2 ratings,$7.15
CWAY,$11.36,1440264046728,502,Not yet rated,NULL,N/A
COBZ,$13,1440264046832,"155,494",100% bullish,of 1 rating,$14
COKE,$154.15,1440264046876,"30,930",79% bullish,of 19 ratings,N/A
CDRB,$11.18,1440264046902,"11,033",67% bullish,of 3 ratings,N/A
CDXS,$3.96,1440264046927,"51,237",64% bullish,of 11 ratings,$6
CVLY,$20.55,1440264047395,"8,047",Not yet rated,NULL,N/A
JVA,$4.57,1440264047442,"28,204",83% bullish,of 6 ratings,$7
CCOI,$28.31,1440264047538,"322,021",50% bullish,of 4 ratings,$35
CGNX,$35.7,1440264047617,"695,000",50% bullish,of 2 ratings,$47
CTSH,$62.85,1440264047683,"3,763,692",90% bullish,of 10 ratings,$75
CHRS,$29.87,1440264047753,"170,994",67% bearish,of 3 ratings,$37
COHU,$9.89,1440264047781,"271,999",100% bearish,of 1 rating,$14.25
CGNT,$1.66,1440264047803,"34,162",100% bullish,of 2 ratings,$2
COLL,$15.25,1440264047824,"33,838",100% bearish,of 1 rating,$26
COHR,$57.2,1440264047865,"130,953",50% bullish,of 2 ratings,$72
CLCT,$18.06,1440264047954,"74,153",100% bearish,of 1 rating,N/A
CLRX,$0.4901,1440264047995,"59,544",50% bullish,of 2 ratings,N/A
CBAN,$8.95,1440264048037,520,Not yet rated,NULL,N/A
CLCD,$6.91,1440264048137,"23,570",100% bearish,of 1 rating,$20.50
COLB,$31.17,1440264048164,"236,131",Not yet rated,NULL,$36
CIGI,$44.35,1440264048236,"9,835",100% bearish,of 1 rating,$52
CMCO,$19.42,1440264048471,"118,644",60% bullish,of 5 ratings,$28
CBMX,$1.21,1440264048539,"39,549",83% bullish,of 6 ratings,$3.15
COLM,$62.63,1440264048565,"170,550",100% bearish,of 1 rating,$71
CMCSA,$56.78,1440264048595,"15,010,891",66% bullish,of 35 ratings,$69.50
CMCSK,$57.64,1440264048621,"4,128,285",Not yet rated,NULL,$84
CBSH,$45.3446,1440264048646,"380,222",50% bullish,of 2 ratings,$46
CBSHP,$25.25,1440264048697,"1,462",100% bearish,of 1 rating,N/A
COMM,$29.31,1440264048789,"1,032,402",67% bearish,of 3 ratings,$35
CSAL,$20.6075,1440264048886,"718,045",75% bullish,of 4 ratings,$30
CUBN,$13.6,1440264048928,"2,416",Not yet rated,NULL,N/A
CVGI,$4.69,1440264048954,"105,073",50% bullish,of 2 ratings,$6
JCS,$9.21,1440264048980,626,67% bullish,of 3 ratings,N/A
ESXB,$5.12,1440264049019,"12,099",Not yet rated,NULL,N/A
CYHHZ,$0.011,1440264049044,"5,341",100% bullish,of 1 rating,N/A
CTBI,$34.8,1440264049193,"47,075",Not yet rated,NULL,$36
COB,$10.42,1440264049331,"21,470",100% bullish,of 1 rating,$11.75
CWBC,$6.78,1440264049357,"5,828",Not yet rated,NULL,N/A
CVLT,$36.34,1440264049419,"370,999",75% bullish,of 4 ratings,$44.50
CID,$33.93,1440264049492,300,Not yet rated,NULL,N/A
CIZ,$33.33,1440264049522,"5,278",100% bearish,of 1 rating,N/A
CSA,$33.32,1440264049542,"2,560",Not yet rated,NULL,N/A
CIL,$33.53,1440264049573,500,Not yet rated,NULL,N/A
CDC,$35.22,1440264049621,"23,106",Not yet rated,NULL,N/A
CFA,$35.77,1440264049720,"2,458",100% bearish,of 1 rating,N/A
CSF,$36.84,1440264049797,"5,120",100% bearish,of 1 rating,N/A
CFO,$35.7,1440264049828,"16,998",100% bearish,of 1 rating,N/A
CSB,NULL,1440264049857,0,Not yet rated,NULL,N/A
CGEN,$5.15,1440264049898,"114,352",50% bullish,of 2 ratings,$11
CDL,$34.42,1440264049953,"7,600",Not yet rated,NULL,N/A
CPSI,$45.08,1440264050133,"89,664",100% bearish,of 1 rating,$45.50
CHCI,$0.6,1440264050162,"23,882",50% bullish,of 2 ratings,N/A
SCOR,$56.5,1440264050191,"463,584",100% bearish,of 1 rating,$66
CTG,$6.63,1440264050218,"46,409",100% bearish,of 1 rating,$8.50
CNSI,$18.79,1440264050299,"160,869",100% bearish,of 2 ratings,$29
CMTL,$26.49,1440264050351,"90,800",100% bearish,of 2 ratings,$37
CNCE,$15.39,1440264050484,"221,475",75% bullish,of 4 ratings,$22
CXRX,$71.01,1440264050511,"3,584",Not yet rated,NULL,$90
CCUR,$5.18,1440264050560,"18,754",75% bullish,of 4 ratings,N/A
CNAT,$4,1440264050585,"134,269",83% bullish,of 6 ratings,$13
CDORO,NULL,1440264050658,0,100% bearish,of 1 rating,N/A
CDOR,$1.47,1440264050685,"5,359",100% bullish,of 1 rating,N/A
CDORP,$6.7921,1440264050830,800,100% bearish,of 1 rating,N/A
CFMS,$21.32,1440264050855,"241,608",Not yet rated,NULL,$27
CNFR,$10.42,1440264050888,"16,866",Not yet rated,NULL,N/A
CNMD,$54.8,1440264050910,"186,789",Not yet rated,NULL,$59
CNOB,$19.5,1440264050984,"153,863",100% bullish,of 1 rating,$23.50
CNXR,$6.26,1440264051121,"22,458",100% bearish,of 1 rating,$12
CONN,$31.23,1440264051148,"383,835",67% bullish,of 3 ratings,$48.50
CTWS,$35.1,1440264051189,"49,177",100% bearish,of 1 rating,$44
CWCO,$10.65,1440264051220,"129,607",67% bullish,of 3 ratings,$14.50
CNSL,$20.06,1440264051241,"235,939",100% bearish,of 1 rating,$23
CTCT,$24.27,1440264051323,"286,115",67% bullish,of 3 ratings,$37
CPSS,$5.64,1440264051430,"88,625",100% bullish,of 1 rating,$10
CFRXZ,$0.531,1440264051530,"2,550",Not yet rated,NULL,N/A
CFRXW,$1.87,1440264051588,"4,588",100% bearish,of 1 rating,N/A
CFRX,$5.14,1440264051610,"29,285",Not yet rated,NULL,$14
CTRV,$3.55,1440264051660,"57,680",Not yet rated,NULL,$6.40
CORT,$4.57,1440264051691,"394,867",67% bullish,of 3 ratings,$12
CTRL,$7.91,1440264051751,"125,610",50% bullish,of 2 ratings,$11
CPRT,$34.5858,1440264051858,"275,415",67% bearish,of 3 ratings,$40
CRBP,$2.13,1440264051886,"925,466",100% bullish,of 2 ratings,$6.25
BVA,$3.75,1440264051918,"3,794",50% bullish,of 2 ratings,N/A
CORE,$59.8,1440264052020,"94,606",100% bearish,of 1 rating,$72
CRVL,$32.1,1440264052067,"47,501",100% bearish,of 1 rating,N/A
CORI,$10.8,1440264052146,"63,491",100% bearish,of 1 rating,$18
CSOD,$36.95,1440264052244,"368,582",50% bullish,of 2 ratings,$42
COSI,$1.11,1440264052269,"87,642",100% bullish,of 1 rating,N/A
CSGP,$181.61,1440264052297,"73,784",50% bullish,of 2 ratings,$235
CPAH,$0.4625,1440264052473,"11,752",50% bullish,of 2 ratings,N/A
COST,$139.357,1440264052503,"2,522,098",79% bullish,of 24 ratings,$154.50
ICBK,$18.6,1440264052532,402,Not yet rated,NULL,$21
CVTI,$22.53,1440264052605,"149,049",67% bearish,of 3 ratings,$39
COWNL,$27.19,1440264052635,"3,700",Not yet rated,NULL,N/A
COVS,$2.56,1440264052682,"72,882",67% bullish,of 3 ratings,N/A
COWN,$5.1,1440264052736,"839,094",75% bullish,of 4 ratings,$7
CRAI,$22.39,1440264052766,"55,819",Not yet rated,NULL,$36
CPSH,$2.36,1440264052800,300,Not yet rated,NULL,N/A
CBRL,$143.9027,1440264052901,"281,725",50% bullish,of 2 ratings,$155
CACC,$192.85,1440264052981,"121,732",50% bullish,of 2 ratings,$158.50
CRAY,$20.49,1440264053011,"284,812",83% bullish,of 6 ratings,$38.50
BREW,$7.3,1440264053033,"59,792",67% bullish,of 6 ratings,$15
GLDI,$11.09,1440264053190,"41,785",100% bearish,of 1 rating,N/A
SLVO,$10.46,1440264053327,"9,370",100% bearish,of 1 rating,N/A
CRTO,$43.49,1440264053349,"541,309",67% bullish,of 6 ratings,$64
CROX,$14.19,1440264053390,"1,360,754",63% bullish,of 8 ratings,$16.50
CREE,$25.45,1440264053412,"1,082,980",65% bullish,of 17 ratings,$29.50
CRDS,$1.05,1440264053483,"13,476",50% bullish,of 4 ratings,$4.50
CCRN,$14.41,1440264053505,"188,998",100% bearish,of 1 rating,$14.25
CRESY,$10.29,1440264053539,"38,860",100% bearish,of 1 rating,$19
CRWS,$8.03,1440264053566,"2,485",Not yet rated,NULL,$10
CRWN,$4.56,1440264053734,"130,545",75% bullish,of 4 ratings,N/A
CYRX,$2.88,1440264053763,"35,137",Not yet rated,NULL,$9
CYRXW,$0.86,1440264053864,"41,500",Not yet rated,NULL,N/A
CSGS,$31.06,1440264053903,"172,648",Not yet rated,NULL,$40
CSPI,$6.18,1440264053936,"3,803",67% bullish,of 3 ratings,N/A
CCLP,$13.8063,1440264054033,"64,248",67% bearish,of 3 ratings,$21
CTCM,$1.71,1440264054066,"372,018",80% bearish,of 5 ratings,$3.90
CTIB,NULL,1440264054162,0,100% bearish,of 1 rating,N/A
CTIC,$1.68,1440264054193,"1,708,372",84% bullish,of 76 ratings,$5.75
CUNB,$22.03,1440264054219,"49,607",Not yet rated,NULL,$24.50
CTRP,$64.2374,1440264054415,"1,571,691",75% bullish,of 8 ratings,$92
CPIX,$5.87,1440264054477,"3,515",Not yet rated,NULL,N/A
CUI,$4.8908,1440264054507,"121,551",50% bullish,of 2 ratings,$10
CRIS,$2.57,1440264054529,"442,411",100% bullish,of 8 ratings,$6
CUTR,$14.4,1440264054562,"57,497",67% bearish,of 3 ratings,$18
CMLS,$1.3,1440264054618,"970,308",50% bullish,of 4 ratings,$6
CVBF,$16.66,1440264054835,"658,942",Not yet rated,NULL,$18
CVV,$11.44,1440264054919,"25,260",100% bullish,of 5 ratings,N/A
CYBE,$5.96,1440264054952,"9,802",100% bearish,of 1 rating,N/A
CYBR,$51.5,1440264054979,"2,002,023",86% bullish,of 7 ratings,$66
CYBX,$66.48,1440264055006,"561,566",50% bullish,of 4 ratings,$70
CYAN,$7.3,1440264055027,"5,900",100% bearish,of 1 rating,N/A
CYCC,$0.5699,1440264055056,"125,541",73% bullish,of 11 ratings,N/A
CYCCP,NULL,1440264055256,0,100% bearish,of 1 rating,N/A
CBAY,$2.69,1440264055296,"42,788",100% bullish,of 1 rating,$4
CYNA,$16.08,1440264055322,"23,175",100% bullish,of 1 rating,$31.50
CYNO,$31.99,1440264055465,"242,311",67% bearish,of 3 ratings,$45.50
CY,$9.447,1440264055490,"3,384,357",80% bullish,of 10 ratings,$15.50
CYRN,$1.64,1440264055565,"253,906",67% bullish,of 3 ratings,$4
CYTK,$6.54,1440264055626,"193,233",71% bullish,of 14 ratings,$13.50
CYTX,$0.375,1440264055657,"766,187",83% bullish,of 12 ratings,$5.50
CONE,$32.98,1440264055694,"454,437",67% bearish,of 3 ratings,$35
CYTR,$2.18,1440264055758,"755,510",67% bullish,of 6 ratings,$10
DAEG,$0.3443,1440264055826,"4,306",100% bearish,of 1 rating,N/A
CTSO,$6.95,1440264055853,"54,249",Not yet rated,NULL,$15.625
TVIX,$8.99,1440264055984,"19,877,376",81% bullish,of 16 ratings,N/A
TVIZ,$14.69,1440264056012,"3,240",100% bearish,of 1 rating,N/A
XIV,$36.2,1440264056039,"25,218,869",75% bearish,of 4 ratings,N/A
ZIV,$46.57,1440264056082,"149,070",Not yet rated,NULL,N/A
DJCO,$197.2,1440264056226,"1,966",Not yet rated,NULL,N/A
DARA,$0.9,1440264056258,"39,987",83% bullish,of 6 ratings,$1.50
DAKT,$11.7,1440264056361,"198,964",50% bullish,of 2 ratings,$14
DAIO,$2.55,1440264056391,"4,354",Not yet rated,NULL,N/A
DRAM,$1.4,1440264056446,"5,900",78% bullish,of 9 ratings,N/A
DTLK,$5.5,1440264056474,"91,469",100% bearish,of 1 rating,$9
DWCH,$4.97,1440264056508,"77,045",75% bullish,of 4 ratings,$8.25
PLAY,$34.47,1440264056549,"228,236",100% bullish,of 5 ratings,$42
DTEA,$13.49,1440264056609,"126,308",100% bearish,of 2 ratings,$24
DBVT,$39.13,1440264056793,"112,606",100% bearish,of 1 rating,$53
DWSN,$4.02,1440264056818,"44,331",67% bullish,of 3 ratings,$6
TRAK,$62.93,1440264056877,"1,034,755",50% bullish,of 2 ratings,$62.50
DFRG,$14.75,1440264056982,"199,012",100% bearish,of 1 rating,$20
DHRM,$1.68,1440264057027,"4,586",Not yet rated,NULL,N/A
TACO,$13.13,1440264057057,"216,919",100% bullish,of 3 ratings,$20
TACOW,$4.01,1440264057086,"3,651",100% bullish,of 1 rating,N/A
DELT,$2.59,1440264057191,"2,349",Not yet rated,NULL,N/A
DCTH,$0.48,1440264057219,"110,038",78% bullish,of 9 ratings,N/A
DGAS,$20.24,1440264057297,"1,955",67% bearish,of 3 ratings,N/A
DELTW,NULL,1440264057353,0,Not yet rated,NULL,N/A
XRAY,$53.63,1440264057385,"910,051",100% bullish,of 1 rating,$58
DENN,$11.6,1440264057486,"551,633",100% bullish,of 3 ratings,$15
DSCI,$6.45,1440264057519,"49,351",50% bullish,of 2 ratings,$16
DERM,$24.15,1440264057546,"253,637",100% bearish,of 1 rating,$33.50
DEPO,$28.75,1440264057596,"1,112,213",60% bullish,of 5 ratings,$29
DEST,$11.83,1440264057728,"39,808",50% bullish,of 2 ratings,N/A
DXM,$0.32,1440264057857,"22,270",50% bullish,of 2 ratings,N/A
DXLG,$4.5,1440264057917,"65,758",100% bearish,of 1 rating,$8
DMND,$30.41,1440264057949,"181,308",75% bullish,of 12 ratings,$32
DXCM,$89.9992,1440264057970,"957,976",57% bullish,of 7 ratings,$98
DSWL,$1.75,1440264058008,"10,432",100% bullish,of 1 rating,N/A
FANG,$66.542,1440264058046,"1,043,554",50% bullish,of 2 ratings,$86
DHXM,NULL,1440264058099,0,Not yet rated,NULL,N/A
DHIL,$190.8,1440264058128,"18,491",Not yet rated,NULL,N/A
DRNA,$10.34,1440264058358,"90,197",67% bearish,of 3 ratings,$25
DCIX,$1.74,1440264058387,"92,529",50% bullish,of 4 ratings,$3.50
DGII,$9.95,1440264058412,"78,052",100% bearish,of 1 rating,$10
DMRC,$36.52,1440264058438,"70,922",100% bearish,of 1 rating,$44
DRAD,$3.88,1440264058489,"12,681",100% bullish,of 1 rating,$5.25
DGLY,$6.75,1440264058578,"241,709",50% bullish,of 6 ratings,$20
APPS,$2.36,1440264058620,"204,374",100% bearish,of 1 rating,$10.25
DCOM,$16.82,1440264058651,"156,270",100% bearish,of 2 ratings,$16.50
DIOD,$19.31,1440264058749,"281,801",75% bearish,of 4 ratings,$24
DPRX,$11.95,1440264058777,"18,525",100% bullish,of 2 ratings,$27.75
DISCB,NULL,1440264058806,0,100% bearish,of 1 rating,$35
DISCA,$27.1,1440264058849,"3,037,195",67% bullish,of 3 ratings,$34
DISH,$60.9427,1440264059035,"1,735,171",69% bullish,of 13 ratings,$73
DSCO,$0.4055,1440264059066,"156,711",83% bullish,of 6 ratings,$2.75
DISCK,$25.9869,1440264059096,"2,884,033",100% bearish,of 1 rating,$32
DVCR,$10.25,1440264059167,"18,982",100% bullish,of 1 rating,N/A
DLHC,$2.5,1440264059200,"6,270",100% bearish,of 1 rating,N/A
BAGR,$3.01,1440264059233,"16,511",100% bearish,of 1 rating,$6
DNBF,$27.15,1440264059299,"8,727",Not yet rated,NULL,$27.50
DGICB,NULL,1440264059394,0,100% bearish,of 1 rating,N/A
DGICA,$14.4,1440264059492,"16,557",100% bearish,of 1 rating,$17
DMLP,$13.9,1440264059522,"47,201",100% bearish,of 1 rating,N/A
HILL,$9.69,1440264059555,"2,314,246",60% bearish,of 5 ratings,$9.75
DLTR,$76.3408,1440264059579,"2,448,980",82% bullish,of 11 ratings,$88
DORM,$49.7,1440264059609,"307,182",100% bearish,of 1 rating,$56
DRWIW,$0.0589,1440264059653,"1,581",Not yet rated,NULL,N/A
DRWI,$0.2625,1440264059711,"193,656",60% bullish,of 5 ratings,$.45
DWA,$19.0777,1440264059840,"879,680",63% bullish,of 8 ratings,$26
DRYS,$0.357,1440264059999,"1,482,398",77% bullish,of 31 ratings,$.60
DSPG,$8.595,1440264060021,"67,339",100% bearish,of 1 rating,$13.50
DSKX,$3.44,1440264060064,"117,971",100% bullish,of 1 rating,N/A
CADT,$10.02,1440264060098,206,Not yet rated,NULL,N/A
CADTW,NULL,1440264060154,0,Not yet rated,NULL,N/A
CADTR,NULL,1440264060184,0,Not yet rated,NULL,N/A
CADTU,NULL,1440264060207,0,Not yet rated,NULL,N/A
DTSI,$26.055,1440264060236,"125,141",100% bearish,of 2 ratings,$39.50
DRRX,$1.99,1440264060392,"346,049",50% bullish,of 6 ratings,$3
DNKN,$49.874,1440264060434,"1,291,182",67% bullish,of 15 ratings,$56.50
DYSL,$1.55,1440264060523,"180,829",100% bullish,of 2 ratings,N/A
DYAX,$22.55,1440264060551,"854,965",89% bullish,of 9 ratings,$30
BOOM,$9.64,1440264060573,"57,962",67% bullish,of 3 ratings,$12
DXPE,$28.59,1440264060603,"166,279",50% bullish,of 2 ratings,N/A
DYNT,$2.86,1440264060815,"3,600",75% bullish,of 4 ratings,N/A
EGBN,$42.84,1440264060884,"89,593",Not yet rated,NULL,$48
DVAX,$27.73,1440264060919,"350,077",70% bullish,of 10 ratings,$40
EBMT,$11.53,1440264060943,"19,207",Not yet rated,NULL,$13.50
ETFC,$25.3,1440264060969,"2,489,422",57% bullish,of 14 ratings,$33
EGRX,$65.38,1440264061007,"389,557",67% bullish,of 3 ratings,$97
EGLE,$6,1440264061028,"60,394",60% bullish,of 5 ratings,N/A
ELNK,$8.58,1440264061058,"814,740",60% bullish,of 5 ratings,$9.50
EWBC,$41.405,1440264061219,"1,077,281",100% bearish,of 1 rating,$50
EROC,$1.1,1440264061248,"356,235",50% bullish,of 2 ratings,$3
EACQU,NULL,1440264061385,0,Not yet rated,NULL,N/A
EML,$16.81,1440264061416,"6,029",Not yet rated,NULL,N/A
EVBS,$6.45,1440264061557,"6,522",Not yet rated,NULL,$7
EBAY,$25.613,1440264061587,"13,096,604",81% bullish,of 117 ratings,$48
ELON,$0.545,1440264061609,"64,729",50% bullish,of 2 ratings,N/A
ECTE,$1.63,1440264061687,"78,541",75% bullish,of 4 ratings,N/A
SATS,$45.42,1440264061744,"155,588",50% bullish,of 2 ratings,$60
ECHO,$24.82,1440264061779,"412,036",67% bearish,of 3 ratings,$35.50
EEI,$11.09,1440264061813,"4,741",67% bearish,of 3 ratings,N/A
EBIX,$28.05,1440264061880,"477,773",69% bullish,of 13 ratings,$40
EDAP,$3.085,1440264061917,"136,353",60% bullish,of 5 ratings,$4.50
ECACU,$10.1,1440264061938,"1,738",Not yet rated,NULL,N/A
ESES,$3.45,1440264062014,"8,309",100% bearish,of 1 rating,$7
EDGW,$7.14,1440264062119,"35,959",100% bearish,of 1 rating,N/A
EGAN,$3.47,1440264062376,"10,092",50% bullish,of 2 ratings,$6.25
EGLT,$11.42,1440264062423,"23,570",50% bullish,of 2 ratings,$21
EFUT,NULL,1440264062449,0,Not yet rated,NULL,N/A
EDUC,$4.59,1440264062514,"7,183",100% bearish,of 1 rating,N/A
EMITF,$1.29,1440264062544,"7,100",75% bullish,of 4 ratings,N/A
ESLT,$80.34,1440264062565,"5,018",100% bullish,of 2 ratings,N/A
LOCO,$12.26,1440264062586,"1,085,303",69% bullish,of 13 ratings,$20
EHTH,$14.08,1440264062608,"414,120",50% bullish,of 4 ratings,$16.50
ERI,$9.6,1440264062742,"124,258",100% bearish,of 1 rating,$10
ESIO,$4.58,1440264062772,"42,139",50% bullish,of 2 ratings,$10
EFII,$43.93,1440264062911,"255,202",80% bullish,of 5 ratings,$55
EA,$66.47,1440264062954,"3,731,767",77% bullish,of 35 ratings,$80
ELRC,$10.65,1440264062981,"75,948",100% bearish,of 1 rating,N/A
ELSE,$4.02,1440264063002,"1,000",60% bullish,of 5 ratings,N/A
ELEC,NULL,1440264063196,0,Not yet rated,NULL,N/A
ELECU,NULL,1440264063363,0,Not yet rated,NULL,N/A
ESBK,$19.8,1440264063385,879,Not yet rated,NULL,N/A
EBIO,$3.39,1440264063420,"858,193",100% bearish,of 2 ratings,$8.35
CAPX,$22.63,1440264063468,"1,168",Not yet rated,NULL,N/A
ELECW,NULL,1440264063518,0,Not yet rated,NULL,N/A
EMCI,$23,1440264063546,"15,824",Not yet rated,NULL,N/A
LONG,$17.39,1440264063576,"18,568",67% bullish,of 3 ratings,$15.75
RDEN,$10.38,1440264063680,"93,838",100% bearish,of 4 ratings,$15
EMKR,$7.16,1440264063817,"129,455",75% bullish,of 4 ratings,$8.50
EMCF,NULL,1440264063852,0,100% bearish,of 1 rating,N/A
EMMS,$1.28,1440264063907,"12,299",67% bullish,of 6 ratings,N/A
ELTK,$1.04,1440264063950,"51,304",67% bearish,of 3 ratings,N/A
NYNY,$4.06,1440264064036,"74,163",50% bullish,of 2 ratings,N/A
ERS,$2.86,1440264064080,"1,336",Not yet rated,NULL,N/A
EMMSP,$3.25,1440264064211,400,100% bearish,of 1 rating,N/A
ECPG,$39.21,1440264064240,"126,955",100% bullish,of 2 ratings,$52
ENTA,$40.22,1440264064262,"172,455",50% bullish,of 2 ratings,$42
ENDP,$76.6008,1440264064301,"2,114,082",50% bullish,of 6 ratings,$104
ECYT,$5.2,1440264064401,"252,908",83% bullish,of 6 ratings,$12
WIRE,$32.7,1440264064427,"124,660",100% bearish,of 1 rating,$37
ELGX,$13.15,1440264064476,"557,451",75% bullish,of 4 ratings,$17
EIGI,$15.18,1440264064503,"788,018",67% bearish,of 3 ratings,$22.50
WATT,$6.74,1440264064630,"109,967",50% bullish,of 2 ratings,$13
EFOI,$15.8,1440264064670,"328,386",50% bullish,of 2 ratings,$20.50
ERII,$2.89,1440264064927,"84,939",80% bullish,of 5 ratings,$2.50
ENG,$1.02,1440264064988,"5,407",100% bullish,of 3 ratings,N/A
EXXI,$1.44,1440264065020,"1,757,742",86% bullish,of 7 ratings,$3.50
ENOC,$8.08,1440264065046,"211,114",75% bullish,of 4 ratings,$18
ESGR,$151,1440264065081,"69,547",100% bearish,of 1 rating,$185
ENFC,$18.34,1440264065116,"2,236",Not yet rated,NULL,N/A
ENPH,$4.42,1440264065148,"567,322",75% bullish,of 4 ratings,$11
ENTG,$13.72,1440264065186,"439,650",100% bearish,of 1 rating,$18
EBTC,$20.07,1440264065390,"8,123",Not yet rated,NULL,N/A
ENTL,$21.44,1440264065420,"15,857",Not yet rated,NULL,$28
ETRM,$0.2331,1440264065441,"441,727",69% bearish,of 35 ratings,$1.625
EFSC,$24.75,1440264065473,"69,838",Not yet rated,NULL,$27
EGT,$2.09,1440264065504,"1,500",100% bullish,of 1 rating,N/A
ENVI,$1.85,1440264065575,"15,528",67% bullish,of 3 ratings,N/A
ENZY,$8.98,1440264065719,"9,946",67% bullish,of 3 ratings,$9.50
ENZN,$1,1440264065877,"766,555",100% bullish,of 9 ratings,N/A
EPIQ,$13.87,1440264065905,"92,324",100% bearish,of 1 rating,$18
EPZM,$15.93,1440264065926,"285,509",60% bullish,of 5 ratings,$34
EQIX,$273,1440264065961,"589,444",75% bullish,of 4 ratings,$312.50
EPRS,$4.76,1440264065992,"74,298",82% bullish,of 11 ratings,$15
PLUS,$77.81,1440264066057,"952,339",50% bullish,of 2 ratings,$88
EAC,$3.67,1440264066087,"15,388",100% bearish,of 1 rating,$8
ERIC,$9.83,1440264066118,"2,368,815",63% bullish,of 8 ratings,$12.20
ERIE,$84.5099,1440264066278,"26,146",Not yet rated,NULL,$73
ESCA,$18.35,1440264066355,"25,641",100% bearish,of 1 rating,$22
EQFN,$8.3,1440264066381,300,Not yet rated,NULL,N/A
ESMC,$1.33,1440264066512,502,Not yet rated,NULL,N/A
ESCRP,$1.65,1440264066539,"5,017",100% bearish,of 1 rating,N/A
ESPR,$54.47,1440264066565,"1,355,738",67% bearish,of 9 ratings,$123
ESCR,$0.14,1440264066591,"63,314",50% bullish,of 2 ratings,N/A
ESSA,$12.45,1440264066726,"16,679",100% bearish,of 1 rating,N/A
EPIX,$6.1,1440264066755,"1,200",Not yet rated,NULL,N/A
ESSX,$0.5249,1440264066787,"6,504",50% bullish,of 2 ratings,N/A
ESND,$35.095,1440264066820,"147,368",100% bearish,of 2 ratings,$40
CLWT,NULL,1440264066883,0,100% bearish,of 1 rating,N/A
EEFT,$64.81,1440264066914,"236,603",100% bearish,of 1 rating,$67.50
ETSY,$13.46,1440264066969,"796,058",80% bullish,of 5 ratings,$16
ESEA,$6.15,1440264067070,"3,082",100% bullish,of 1 rating,$15
EVEP,$7.26,1440264067158,"294,425",50% bullish,of 2 ratings,$15
EVK,$3.74,1440264067238,982,75% bearish,of 4 ratings,N/A
EVLV,$2.14,1440264067293,"85,207",60% bullish,of 5 ratings,$6.50
EVOK,$4,1440264067319,"114,285",100% bearish,of 1 rating,$13.375
EXA,$10.73,1440264067370,"22,120",100% bearish,of 1 rating,$13
EXAS,$20.31,1440264067398,"1,234,918",78% bullish,of 9 ratings,$31
EXAC,$18.17,1440264067533,"136,951",100% bearish,of 1 rating,$22.50
EVOL,$5.85,1440264067592,"13,690",75% bullish,of 4 ratings,$10
EXFO,$2.9,1440264067640,"3,300",67% bearish,of 3 ratings,$3.95
EXEL,$5.25,1440264067671,"5,463,517",81% bullish,of 16 ratings,$6
EXLS,$36.55,1440264067731,"207,530",100% bullish,of 1 rating,$41
EXPD,$48.2,1440264067768,"1,810,722",80% bullish,of 5 ratings,$51.50
EXPE,$114.6,1440264067869,"1,238,899",64% bullish,of 11 ratings,$130
EXPO,$42.83,1440264067897,"146,412",100% bearish,of 1 rating,$45.50
ESRX,$84.81,1440264067974,"5,163,905",67% bearish,of 6 ratings,$101
EXLP,$18.2,1440264068107,"94,863",100% bearish,of 1 rating,$27
EYEG,$4.17,1440264068149,"19,980",Not yet rated,NULL,N/A
EZCH,$21.4963,1440264068180,"127,057",75% bullish,of 8 ratings,$19.50
EXTR,$2.85,1440264068201,"805,798",80% bullish,of 5 ratings,$3
EZPW,$6.08,1440264068280,"351,949",50% bullish,of 4 ratings,$7.50
EYEGW,$1.24,1440264068330,800,Not yet rated,NULL,N/A
FCS,$13.14,1440264068368,"1,086,086",67% bearish,of 3 ratings,$17
FFIV,$122.51,1440264068409,"846,241",63% bullish,of 8 ratings,$132
FRP,$16.9,1440264068501,"50,706",100% bearish,of 1 rating,$18
FB,$85.88,1440264068542,"39,696,768",73% bullish,of 1066 ratings,$111
FWM,$2.25,1440264068600,"178,419",100% bearish,of 2 ratings,$3.20
FALC,$1.65,1440264068647,"10,845",63% bearish,of 8 ratings,N/A
DAVE,$14.36,1440264068675,"19,659",100% bearish,of 1 rating,$15.50
FARM,$22.62,1440264068814,"21,053",100% bearish,of 1 rating,$35
FARO,$38.92,1440264068983,"118,530",50% bullish,of 2 ratings,$48
FMNB,$8.03,1440264069012,"3,562",Not yet rated,NULL,N/A
FATE,$6.24,1440264069045,"82,980",50% bullish,of 2 ratings,$11
FFKT,$26.79,1440264069144,"20,439",Not yet rated,NULL,$29
FNHC,$21.92,1440264069170,"80,132",100% bearish,of 1 rating,$35
FDML,$8.96,1440264069197,"230,349",50% bullish,of 4 ratings,$14
FBSS,NULL,1440264069218,0,Not yet rated,NULL,N/A
FAST,$39.1,1440264069258,"3,000,801",80% bullish,of 5 ratings,$46
FBRC,$22.24,1440264069355,"44,108",100% bearish,of 1 rating,$29
FEIC,$77.57,1440264069384,"344,496",50% bullish,of 2 ratings,$95.50
FENX,$9.84,1440264069489,"59,141",100% bullish,of 1 rating,$14.25
FGEN,$22.96,1440264069647,"374,029",100% bearish,of 1 rating,$39
ONEQ,$185.63,1440264069727,"41,902",100% bullish,of 1 rating,N/A
FCSC,$5.86,1440264069785,"212,270",100% bearish,of 1 rating,$8.125
FHCO,$1.43,1440264069856,"18,402",50% bullish,of 4 ratings,N/A
LION,$19.31,1440264069882,"108,630",100% bullish,of 1 rating,$20
FDUS,$14.42,1440264069910,"64,363",100% bullish,of 1 rating,$18
FRGI,$51.57,1440264069935,"149,676",50% bullish,of 2 ratings,$70
FITB,$19.7,1440264070079,"7,100,591",54% bullish,of 13 ratings,$22
FSCFL,$24.7,1440264070132,"11,419",Not yet rated,NULL,N/A
FSAM,$8.56,1440264070159,"20,457",100% bearish,of 1 rating,$11
FSFR,$8.92,1440264070211,"131,626",100% bearish,of 1 rating,$11.50
FSC,$6.42,1440264070242,"839,385",75% bullish,of 4 ratings,$8
FITBI,$27.68,1440264070341,"5,800",Not yet rated,NULL,N/A
FNGN,$33.616,1440264070371,"485,960",67% bullish,of 3 ratings,$47
FISI,$24.77,1440264070472,"41,074",100% bullish,of 2 ratings,$24.50
FNJN,$1.66,1440264070543,"15,161",100% bearish,of 1 rating,$5
FNSR,$15.33,1440264070678,"1,137,273",71% bullish,of 7 ratings,$24.50
FEYE,$37,1440264070708,"7,331,774",87% bullish,of 15 ratings,$55.50
FNTCU,NULL,1440264070777,0,Not yet rated,NULL,N/A
FNTC,NULL,1440264070816,0,Not yet rated,NULL,N/A
FNTCW,NULL,1440264070877,0,Not yet rated,NULL,N/A
FBNC,$16.81,1440264070910,"59,972",100% bullish,of 1 rating,$20
FNLC,$18.46,1440264070931,"17,421",100% bullish,of 1 rating,N/A
FRBA,$6.02,1440264070963,611,Not yet rated,NULL,$8
FBIZ,$44.04,1440264071063,"28,467",100% bearish,of 2 ratings,$52
BUSE,$6.37,1440264071277,"197,401",Not yet rated,NULL,$6.875
FCVA,$4.75,1440264071305,"1,132",Not yet rated,NULL,N/A
FCAP,$26.55,1440264071326,226,Not yet rated,NULL,N/A
FCNCA,$241.45,1440264071459,"17,885",Not yet rated,NULL,N/A
FCFS,$38.15,1440264071484,"157,660",100% bearish,of 2 ratings,$48
FCBC,$17.88,1440264071546,"60,860",Not yet rated,NULL,$18
FCLF,$9.08,1440264071575,55,Not yet rated,NULL,N/A
FBNK,$16.65,1440264071673,"60,146",100% bearish,of 1 rating,$17.50
FDEF,$38.3,1440264071703,"42,408",Not yet rated,NULL,$38
FFNM,$6.32,1440264071760,"3,040",Not yet rated,NULL,N/A
FCCO,$12.11,1440264071832,202,Not yet rated,NULL,$13.25
FCFP,$6.9,1440264071861,"2,500",Not yet rated,NULL,N/A
FFBC,$18.76,1440264071882,"176,775",67% bearish,of 3 ratings,$20.25
FFBCW,NULL,1440264071916,0,100% bearish,of 1 rating,N/A
FFIN,$31.1263,1440264071937,"286,801",50% bullish,of 2 ratings,$31.75
THFF,$33.27,1440264072223,"47,577",Not yet rated,NULL,$35
INBK,$32.43,1440264072256,"13,595",50% bullish,of 2 ratings,$37
FFNW,$12.46,1440264072283,"21,487",Not yet rated,NULL,$14
FFWM,$21.44,1440264072312,"10,014",Not yet rated,NULL,$24
FRME,$25.47,1440264072415,"199,009",Not yet rated,NULL,$26.50
FNFG,$9.2289,1440264072552,"1,658,831",80% bullish,of 5 ratings,$9
FIBK,$26.83,1440264072577,"83,623",Not yet rated,NULL,$32
FMBH,NULL,1440264072606,0,Not yet rated,NULL,N/A
FNBC,$34.45,1440264072627,"116,074",Not yet rated,NULL,$41.50
FNWB,$12.08,1440264072661,"8,662",Not yet rated,NULL,N/A
FSFG,$30.1754,1440264072682,729,Not yet rated,NULL,N/A
FSLR,$45.5,1440264072901,"2,207,203",74% bullish,of 39 ratings,$65
FSBK,$7.93,1440264072938,"1,441",100% bullish,of 1 rating,N/A
BICK,$19.6,1440264072963,"1,801",100% bullish,of 1 rating,N/A
FMBI,$17.84,1440264072988,"374,767",Not yet rated,NULL,$20
FSGI,$2.45,1440264073172,"4,889",Not yet rated,NULL,N/A
FCA,$20,1440264073250,"2,607",Not yet rated,NULL,N/A
FBZ,NULL,1440264073279,0,Not yet rated,NULL,N/A
FTCS,$36.65,1440264073300,"33,745",Not yet rated,NULL,N/A
FV,$23.23,1440264073337,"4,139,653",Not yet rated,NULL,N/A
FCAN,$24.47,1440264073358,964,Not yet rated,NULL,N/A
FEMB,NULL,1440264073379,0,Not yet rated,NULL,N/A
IFV,$17.6,1440264073434,"2,040,199",100% bearish,of 1 rating,N/A
TDIV,$24.46,1440264073594,"449,109",100% bearish,of 1 rating,N/A
FTSM,$59.9,1440264073620,"20,701",100% bearish,of 1 rating,N/A
MDIV,$19.22,1440264073698,"565,706",Not yet rated,NULL,N/A
FEUZ,$30.69,1440264073747,"5,731",Not yet rated,NULL,N/A
FGM,$35.03,1440264073919,"69,317",Not yet rated,NULL,N/A
FTGC,$22.05,1440264074028,"122,767",Not yet rated,NULL,N/A
SKYY,$28.68,1440264074061,"76,557",100% bullish,of 1 rating,N/A
HYLS,$49.21,1440264074089,"102,494",100% bearish,of 1 rating,N/A
FTHI,$19.4,1440264074118,"10,468",Not yet rated,NULL,N/A
FPXI,$27.51,1440264074142,"1,318",Not yet rated,NULL,N/A
CU,$12.76,1440264074176,"13,066",100% bearish,of 1 rating,N/A
FHK,$32.72,1440264074220,"128,700",Not yet rated,NULL,N/A
YDIV,$16.62,1440264074310,"2,670",Not yet rated,NULL,N/A
PLTM,$6.66,1440264074456,"3,862",100% bearish,of 1 rating,N/A
FTLB,$19.28,1440264074590,"2,451",100% bearish,of 1 rating,N/A
FJP,$46.13,1440264074619,"49,025",Not yet rated,NULL,N/A
LMBS,$50.49,1440264074657,862,Not yet rated,NULL,N/A
CIBR,$18.04,1440264074722,"162,032",Not yet rated,NULL,N/A
FMB,$51.195,1440264074794,"1,778",Not yet rated,NULL,N/A
FONE,$34.05,1440264074821,"1,800",Not yet rated,NULL,N/A
QABA,$38.13,1440264074846,"44,503",100% bearish,of 1 rating,N/A
QCLN,$14.54,1440264074898,"17,473",Not yet rated,NULL,N/A
CARZ,$34.42,1440264074991,"11,011",100% bearish,of 1 rating,N/A
QQEW,$41.94,1440264075066,"313,108",Not yet rated,NULL,N/A
GRID,$33.62,1440264075097,834,100% bearish,of 1 rating,N/A
RDVY,$21.64,1440264075148,"318,269",Not yet rated,NULL,N/A
QTEC,$39.35,1440264075199,"147,804",Not yet rated,NULL,N/A
QQXT,$40.09,1440264075238,"60,503",Not yet rated,NULL,N/A
AIRR,$16.37,1440264075333,"9,058",100% bearish,of 1 rating,N/A
FTSL,$48.8,1440264075463,"33,452",100% bearish,of 1 rating,N/A
FKO,$22.32,1440264075498,"3,700",Not yet rated,NULL,N/A
QINC,$20.71,1440264075544,"1,700",Not yet rated,NULL,N/A
FSZ,$38.85,1440264075573,"76,690",Not yet rated,NULL,N/A
FDIV,$47.59,1440264075630,"6,143",100% bearish,of 1 rating,N/A
FTW,$29.425,1440264075691,"1,534",Not yet rated,NULL,N/A
FKU,$41.6,1440264075758,"86,339",Not yet rated,NULL,N/A
TUSA,$25.08,1440264075783,"4,920",Not yet rated,NULL,N/A
FUNC,$8.33,1440264075856,"3,636",Not yet rated,NULL,N/A
SVVC,$10.15,1440264075958,"36,001",100% bullish,of 1 rating,$26
FMER,$17.6579,1440264076221,"1,802,777",50% bullish,of 2 ratings,$20
FSV,$31.87,1440264076255,"12,538",Not yet rated,NULL,$33.60
FISV,$84.87,1440264076277,"1,522,717",100% bearish,of 3 ratings,$90
FIVN,$4.11,1440264076311,"185,266",100% bullish,of 1 rating,$8.50
FPRX,$18.26,1440264076332,"303,751",50% bullish,of 2 ratings,$35
FIVE,$35.34,1440264076365,"409,909",75% bearish,of 4 ratings,$44
FLML,$21.11,1440264076407,"134,027",50% bullish,of 2 ratings,$30
FLKS,$13.13,1440264076471,"55,627",50% bullish,of 2 ratings,$27
FLXN,$24.39,1440264076651,"86,363",100% bearish,of 1 rating,$40
FLXS,$30.45,1440264076683,"36,609",100% bearish,of 2 ratings,N/A
MBSD,NULL,1440264076704,0,Not yet rated,NULL,N/A
SKOR,$50.52,1440264076727,"1,000",Not yet rated,NULL,N/A
FLEX,$10.51,1440264076759,"2,454,407",63% bullish,of 8 ratings,$12
FLIR,$28.75,1440264076857,"720,631",100% bearish,of 1 rating,$38.50
FLDM,$12.54,1440264076993,"686,894",67% bearish,of 3 ratings,$21.50
FFIC,$20.38,1440264077022,"69,120",Not yet rated,NULL,$21
FOMX,$9.79,1440264077051,"135,576",50% bullish,of 2 ratings,$23.50
FOGO,$18.84,1440264077072,"114,696",50% bullish,of 2 ratings,$25.50
FES,$0.92,1440264077123,"4,841",50% bullish,of 2 ratings,$1
FONR,$9.54,1440264077292,"18,526",100% bullish,of 1 rating,N/A
FORM,$6,1440264077325,"267,226",67% bullish,of 3 ratings,$10.50
FTNT,$42.98,1440264077355,"1,928,364",80% bullish,of 10 ratings,$52
FBIO,$2.51,1440264077397,"188,268",83% bullish,of 6 ratings,N/A
FORR,$32.21,1440264077422,"52,356",Not yet rated,NULL,N/A
FWRD,$46.8,1440264077455,"307,366",100% bearish,of 1 rating,$50
FORTY,$32.4,1440264077556,"4,710",Not yet rated,NULL,N/A
FORD,$1.04,1440264077582,"120,974",50% bullish,of 2 ratings,N/A
FOSL,$59.15,1440264077841,"1,014,809",50% bullish,of 4 ratings,$80
FMI,$21.61,1440264077872,"391,770",100% bearish,of 2 ratings,$27.50
FXCB,$17.3,1440264077898,"17,445",Not yet rated,NULL,$19
FRAN,$10.24,1440264077977,"689,114",50% bullish,of 4 ratings,$15
FELE,$28.92,1440264078043,"341,251",50% bullish,of 4 ratings,$33
FWP,$25.67,1440264078073,"46,088",100% bearish,of 1 rating,$45
FRED,$14.505,1440264078102,"342,264",50% bullish,of 2 ratings,$16.50
FOXF,$15.28,1440264078128,"65,653",100% bearish,of 1 rating,$19
FREE,$0.43,1440264078172,"823,292",92% bullish,of 12 ratings,N/A
RAIL,$20.87,1440264078260,"125,948",100% bearish,of 1 rating,$24.50
FEIM,$11.17,1440264078314,"8,777",100% bearish,of 1 rating,N/A
FTR,$5.2,1440264078399,"19,477,135",78% bullish,of 27 ratings,$6.25
FRPT,$13,1440264078448,"495,123",67% bearish,of 3 ratings,$23.50
FTRPR,$102.05,1440264078485,"61,829",100% bearish,of 1 rating,N/A
FRPH,$30.33,1440264078580,"14,572",100% bearish,of 1 rating,N/A
FSBW,$23.34,1440264078609,"2,300",Not yet rated,NULL,N/A
FTD,$29.45,1440264078710,"149,230",100% bearish,of 1 rating,$40
FSYS,$6.38,1440264078776,"45,792",67% bullish,of 3 ratings,$10
FTEK,$2.16,1440264078809,"40,018",75% bullish,of 4 ratings,N/A
FULL,$3.14,1440264078867,"56,049",67% bearish,of 3 ratings,$4.25
FLL,$1.58,1440264078947,"14,473",75% bullish,of 4 ratings,$2.825
FCEL,$0.7366,1440264078975,"1,658,337",88% bullish,of 40 ratings,$2.65
FULT,$12.4385,1440264079048,"1,361,369",100% bearish,of 1 rating,$13
FSNN,$2.61,1440264079146,"1,800",67% bullish,of 3 ratings,$6
FULLL,$25.3,1440264079179,"2,099",Not yet rated,NULL,N/A
FFHL,NULL,1440264079200,0,50% bullish,of 4 ratings,N/A
FXEN,$0.82,1440264079229,"170,889",75% bullish,of 4 ratings,$1.10
FXENP,$15.9,1440264079279,"2,740",100% bearish,of 1 rating,N/A
GK,$70.3,1440264079494,"83,887",Not yet rated,NULL,$78
WILC,$5.06,1440264079526,"5,946",100% bullish,of 2 ratings,N/A
GAIA,$5.86,1440264079548,"23,978",50% bullish,of 2 ratings,$8.50
GLPG,$61.54,1440264079627,"27,887",100% bullish,of 1 rating,$75
GALT,$1.99,1440264079696,"104,198",80% bullish,of 5 ratings,N/A
GALTW,NULL,1440264079721,0,100% bullish,of 1 rating,N/A
GALE,$1.34,1440264079874,"1,297,229",89% bullish,of 47 ratings,$4
GALTU,NULL,1440264079901,0,100% bearish,of 1 rating,N/A
GPIC,$11.09,1440264079928,8,100% bearish,of 1 rating,N/A
GLPI,$31.6262,1440264079958,"495,016",100% bearish,of 1 rating,$37.50
GRMN,$38.26,1440264080057,"1,619,493",50% bullish,of 6 ratings,$48
GGAC,NULL,1440264080115,0,100% bearish,of 1 rating,N/A
GLMD,$8.52,1440264080147,"7,887",67% bullish,of 3 ratings,$20.50
GGACR,NULL,1440264080177,0,100% bullish,of 1 rating,N/A
GGACW,$0.12,1440264080251,438,Not yet rated,NULL,N/A
GGACU,NULL,1440264080279,0,Not yet rated,NULL,N/A
GARS,$14.82,1440264080408,"25,735",Not yet rated,NULL,$16
GNCMA,$16.75,1440264080467,"180,927",100% bearish,of 1 rating,$12
GENC,$9.48,1440264080556,"1,326",100% bearish,of 1 rating,N/A
GFNCP,NULL,1440264080595,0,Not yet rated,NULL,N/A
GFN,$3.59,1440264080685,"35,382",100% bearish,of 2 ratings,$8
GFNSL,$25.8,1440264080716,"1,200",Not yet rated,NULL,N/A
GENE,$2.36,1440264080746,"148,645",100% bullish,of 12 ratings,N/A
GNCA,$12.48,1440264080817,"168,679",100% bearish,of 1 rating,$20
GHDX,$25.37,1440264080848,"139,056",50% bullish,of 2 ratings,$30
GNMK,$9.4,1440264080878,"146,170",67% bullish,of 6 ratings,$14
GNTX,$15.0882,1440264080948,"1,731,017",Not yet rated,NULL,$20
GTWN,NULL,1440264081053,0,Not yet rated,NULL,N/A
GNVC,$2.24,1440264081085,"34,502",90% bullish,of 10 ratings,$8.50
THRM,$44.01,1440264081215,"309,602",75% bearish,of 4 ratings,$55.50
GABC,$29.73,1440264081272,"47,076",Not yet rated,NULL,$31.50
GERN,$3.08,1440264081305,"2,161,517",88% bullish,of 16 ratings,$5.25
GEOS,$15.3,1440264081439,"116,850",100% bearish,of 3 ratings,$25.50
ROCK,$17.57,1440264081467,"235,847",80% bullish,of 5 ratings,$24
GIGM,$0.6,1440264081488,"112,719",100% bullish,of 2 ratings,N/A
GEVO,$2.29,1440264081522,"240,735",75% bullish,of 12 ratings,$5
GIII,$64.77,1440264081543,"271,077",67% bullish,of 3 ratings,$75
GILT,$4.47,1440264081679,"2,023",50% bullish,of 2 ratings,N/A
GILD,$105.383,1440264081713,"15,611,252",91% bullish,of 87 ratings,$129
GIGA,$1.42,1440264081762,"46,287",100% bearish,of 1 rating,N/A
GBCI,$26.4218,1440264081809,"334,049",50% bullish,of 2 ratings,$31
GLAD,$8.51,1440264081895,"155,251",50% bullish,of 2 ratings,$8.75
GLADO,$25.59,1440264081941,"3,000",Not yet rated,NULL,N/A
GOOD,$15.44,1440264082138,"98,286",Not yet rated,NULL,$19
GOODO,$25.1,1440264082166,"1,266",Not yet rated,NULL,N/A
GOODN,$25.64,1440264082192,426,Not yet rated,NULL,N/A
GAINO,$25.31,1440264082328,"1,726",Not yet rated,NULL,N/A
GAIN,$7.47,1440264082405,"246,309",100% bullish,of 2 ratings,$8.25
GOODP,$25.14,1440264082436,"1,250",Not yet rated,NULL,N/A
GLBZ,NULL,1440264082512,0,Not yet rated,NULL,N/A
GAINN,$25.2379,1440264082542,150,Not yet rated,NULL,N/A
LAND,$9.5,1440264082568,"16,439",50% bullish,of 2 ratings,$13.75
GBT,$45.75,1440264082594,"252,564",100% bearish,of 1 rating,N/A
GDEF,$10.5401,1440264082735,100,Not yet rated,NULL,N/A
GAINP,$25.85,1440264082765,"3,950",Not yet rated,NULL,N/A
ENT,$11.73,1440264082788,"196,363",100% bearish,of 1 rating,$18
GPACU,$10.1,1440264082926,"2,854",Not yet rated,NULL,N/A
GSOL,$8.26,1440264082954,"15,789",100% bearish,of 1 rating,N/A
GBLI,$26.25,1440264082981,"16,164",Not yet rated,NULL,N/A
ACTX,$13.25,1440264083006,600,100% bullish,of 1 rating,N/A
ALTY,$14.587,1440264083199,700,Not yet rated,NULL,N/A
SOCL,$17.18,1440264083229,"100,120",100% bullish,of 2 ratings,N/A
SRET,$13.6,1440264083251,"4,194",Not yet rated,NULL,N/A
QQQC,$19.26,1440264083281,"4,950",100% bearish,of 1 rating,N/A
YLCO,$11.75,1440264083307,"1,235",Not yet rated,NULL,N/A
GAI,$5.27,1440264083336,"3,415",50% bullish,of 2 ratings,N/A
GBIM,$2.26,1440264083469,"43,964",50% bullish,of 2 ratings,N/A
GSM,$13.26,1440264083538,"403,098",50% bullish,of 2 ratings,$24.50
GLBS,$1.06,1440264083573,"10,500",67% bullish,of 3 ratings,N/A
GLUU,$4.37,1440264083618,"2,317,587",92% bullish,of 26 ratings,$9
GLYC,$7.26,1440264083668,"7,663",50% bullish,of 2 ratings,$14
GLRI,$1.1,1440264083693,"80,101",100% bearish,of 1 rating,$6
GOGO,$15.48,1440264083913,"479,979",80% bullish,of 5 ratings,$25
GLNG,$35.44,1440264083955,"792,592",83% bullish,of 6 ratings,$58
GMLP,$19.13,1440264083981,"137,734",50% bullish,of 4 ratings,$32.50
GDEN,$8.88,1440264084003,"11,961",50% bullish,of 2 ratings,N/A
GTIM,$6.47,1440264084135,"80,995",Not yet rated,NULL,$11.50
GLDC,$4.13,1440264084164,"3,480",50% bullish,of 2 ratings,N/A
GOGL,$2.92,1440264084186,"540,722",75% bullish,of 4 ratings,$5
GBDC,$16.5151,1440264084207,"145,009",Not yet rated,NULL,$17.75
GOOGL,$647,1440264084352,"2,533,646",88% bullish,of 1079 ratings,$749
GMAN,$4.4,1440264084381,"71,999",60% bullish,of 5 ratings,$8
GOOG,$616,1440264084438,"2,256,491",90% bullish,of 68 ratings,$825
GPIA,NULL,1440264084482,0,Not yet rated,NULL,N/A
GPRO,$48.84,1440264084517,"5,811,963",78% bullish,of 58 ratings,$72
GPIAU,NULL,1440264084613,0,Not yet rated,NULL,N/A
LOPE,$37.1955,1440264084682,"420,323",100% bearish,of 2 ratings,$50
GBSN,$1.46,1440264084826,"747,556",100% bearish,of 1 rating,$8.25
GRVY,$3.43,1440264084889,"1,202",50% bullish,of 2 ratings,N/A
GPIAW,NULL,1440264084920,0,Not yet rated,NULL,N/A
GBSNU,$16,1440264084949,"22,548",Not yet rated,NULL,N/A
GLDD,$5.39,1440264084993,"288,709",100% bearish,of 4 ratings,$7.75
GNBC,$12.08,1440264085052,"33,737",100% bearish,of 1 rating,$17
GSBC,$40.6,1440264085124,"36,220",100% bullish,of 1 rating,$44
GPP,$14.94,1440264085152,"24,630",Not yet rated,NULL,$20.50
GRBK,$13.35,1440264085173,"154,269",77% bullish,of 13 ratings,N/A
GCBC,NULL,1440264085315,0,100% bullish,of 1 rating,N/A
GPRE,$18.8277,1440264085345,"832,352",67% bullish,of 6 ratings,$28.50
GLRE,$24.86,1440264085372,"262,384",50% bullish,of 2 ratings,$41
GRIF,$30.945,1440264085455,209,100% bearish,of 1 rating,N/A
GRFS,$30.3,1440264085596,"180,141",50% bullish,of 2 ratings,$35
GRPN,$4.077,1440264085618,"7,070,465",61% bullish,of 71 ratings,$6.75
OMAB,$39.57,1440264085698,"24,030",100% bullish,of 1 rating,$44
GSIG,$13.11,1440264085747,"71,415",100% bearish,of 2 ratings,N/A
GSVC,$8.56,1440264085777,"118,374",50% bullish,of 2 ratings,$14.50
GGAL,$18.96,1440264085830,"423,209",80% bullish,of 5 ratings,$40
GTXI,$0.83,1440264085856,"67,416",100% bullish,of 5 ratings,$.75
GSIT,$4.97,1440264085884,"9,824",100% bearish,of 1 rating,N/A
GBNK,$15.76,1440264086082,"43,034",100% bearish,of 1 rating,$18
GFED,$14.94,1440264086114,10,Not yet rated,NULL,$17
GULTU,$0.2905,1440264086141,"102,116",100% bearish,of 1 rating,N/A
GIFI,$11.97,1440264086215,"46,892",100% bearish,of 1 rating,$16
GPOR,$33.8159,1440264086274,"937,085",75% bullish,of 4 ratings,$55
GUID,$7.29,1440264086299,"187,217",100% bearish,of 3 ratings,$10
GURE,$1.62,1440264086359,"151,052",88% bullish,of 8 ratings,N/A
GWPH,$104.03,1440264086493,"200,237",78% bullish,of 9 ratings,$148.50
GWGH,$7.35,1440264086529,"1,284",100% bearish,of 1 rating,$15.05
GYRO,$2.85,1440264086556,"76,416",100% bearish,of 1 rating,N/A
HLG,$9.64,1440264086585,"5,100",100% bearish,of 1 rating,N/A
HEES,$16.51,1440264086691,"306,657",67% bearish,of 3 ratings,$31
HALO,$17.33,1440264086782,"1,204,693",67% bullish,of 3 ratings,$22.50
HNRG,$7.22,1440264086829,"124,047",100% bearish,of 1 rating,$10
HBK,$13.8,1440264086854,8,50% bullish,of 2 ratings,N/A
HALL,$11.67,1440264086927,"28,021",Not yet rated,NULL,N/A
HMPR,$1.89,1440264086957,"118,740",100% bullish,of 1 rating,N/A
HBHCL,$24.49,1440264086999,"18,426",Not yet rated,NULL,N/A
HBHC,$26.8668,1440264087064,"451,705",50% bullish,of 2 ratings,$30
HNSN,$0.501,1440264087196,"78,898",88% bullish,of 8 ratings,$.40
HNH,$27.82,1440264087223,"21,502",100% bullish,of 1 rating,N/A
HAFC,$24.565,1440264087257,"117,041",100% bullish,of 2 ratings,$28.50
HQCL,$8.63,1440264087355,"24,293",67% bullish,of 3 ratings,N/A
HDNG,$9.98,1440264087381,"11,225",50% bullish,of 4 ratings,N/A
HRMN,NULL,1440264087515,0,Not yet rated,NULL,N/A
HLIT,$5.58,1440264087550,"331,156",100% bearish,of 1 rating,$6.50
HRMNU,NULL,1440264087597,0,Not yet rated,NULL,N/A
TINY,$2.45,1440264087632,"20,315",50% bullish,of 2 ratings,$5.26
HRMNW,NULL,1440264087658,0,Not yet rated,NULL,N/A
HBIO,$4.39,1440264087728,"81,394",Not yet rated,NULL,$10
HART,$0.775,1440264087788,"213,330",100% bearish,of 1 rating,N/A
HCAPL,$25.4,1440264087930,"1,773",Not yet rated,NULL,N/A
HAS,$75.171,1440264087958,"1,049,605",63% bullish,of 8 ratings,$84.50
HCAP,$12.17,1440264087979,"24,008",50% bullish,of 2 ratings,$15
HA,$23.05,1440264088147,"931,944",67% bullish,of 9 ratings,$27
HWBK,$13.8,1440264088177,674,100% bearish,of 1 rating,N/A
HCOM,$22.51,1440264088199,"37,331",100% bearish,of 1 rating,$28
HWKN,$36.84,1440264088220,"29,157",Not yet rated,NULL,N/A
HAYN,$37.88,1440264088349,"48,863",100% bearish,of 1 rating,$59
HIIQ,$4.48,1440264088380,"28,731",50% bullish,of 2 ratings,$7
HDS,$33.08,1440264088402,"1,295,702",100% bearish,of 2 ratings,$39.50
HCSG,$33.546,1440264088534,"309,474",50% bullish,of 4 ratings,$35
HWAY,$12.48,1440264088563,"386,123",100% bearish,of 1 rating,$15
HSTM,$24.87,1440264088585,"220,098",50% bullish,of 2 ratings,$33.75
HQY,$29.27,1440264088612,"394,569",67% bullish,of 3 ratings,$31
HTLD,$20.165,1440264088852,"492,188",Not yet rated,NULL,$22.50
HTLF,$36.24,1440264088902,"48,371",100% bullish,of 1 rating,$39.50
HTWR,$83.28,1440264088929,"239,502",50% bullish,of 2 ratings,$103
HTBX,$5.31,1440264088958,"21,712",50% bullish,of 2 ratings,$15.50
HSII,$20.17,1440264089063,"59,389",100% bullish,of 3 ratings,$25
HELE,$87.93,1440264089131,"151,548",67% bearish,of 3 ratings,$100
HMNY,$2.2261,1440264089164,"2,878",100% bearish,of 1 rating,N/A
HNNA,$24.57,1440264089198,"15,081",Not yet rated,NULL,N/A
HMTV,$12.84,1440264089293,"12,852",100% bearish,of 1 rating,$16
HSIC,$138.0834,1440264089319,"512,882",83% bullish,of 6 ratings,$146
HCACU,$10.0043,1440264089454,"2,000",Not yet rated,NULL,N/A
HERO,$0.06,1440264089487,"5,839,839",81% bullish,of 16 ratings,$.75
HCCI,$11.65,1440264089539,"27,277",100% bearish,of 1 rating,$16.50
HTBK,$11.04,1440264089583,"93,871",Not yet rated,NULL,$12
HEOP,$7.68,1440264089613,"27,087",Not yet rated,NULL,$8.50
HFWA,$17.74,1440264089670,"62,742",100% bullish,of 1 rating,$20
HRTX,$35.05,1440264089902,"839,423",67% bullish,of 6 ratings,$41
MLHR,$28.1966,1440264089930,"238,584",50% bullish,of 2 ratings,$33.50
HFFC,$16.27,1440264089960,946,Not yet rated,NULL,N/A
HPJ,$2.25,1440264090066,"130,395",75% bullish,of 4 ratings,$12.43
HIBB,$37.37,1440264090096,"1,128,881",100% bearish,of 1 rating,$48.50
HIMX,$6.29,1440264090204,"1,170,901",86% bullish,of 21 ratings,$8.50
HSGX,$5.92,1440264090281,"24,278",100% bearish,of 1 rating,$17
HSKA,$33.2,1440264090316,"28,561",100% bearish,of 1 rating,$38
HIFS,$118.11,1440264090348,"8,734",Not yet rated,NULL,N/A
HIHO,$4,1440264090374,"9,057",Not yet rated,NULL,N/A
HOLI,$16.9527,1440264090409,"228,631",50% bullish,of 4 ratings,$27
HMNF,$11.42,1440264090438,"2,480",Not yet rated,NULL,N/A
HMSY,$8.8389,1440264090465,"1,363,874",67% bullish,of 3 ratings,$19.35
HBCP,$24.4,1440264090713,"41,618",Not yet rated,NULL,$29
HOLX,$39.74,1440264090812,"2,134,552",67% bullish,of 3 ratings,$42
HFBL,$21.69,1440264090845,"1,800",Not yet rated,NULL,N/A
HOMB,$39.23,1440264090906,"321,450",Not yet rated,NULL,$41
HMIN,$29.096,1440264090939,"61,111",100% bearish,of 2 ratings,$35
AWAY,$29.3662,1440264090970,"943,583",67% bullish,of 3 ratings,$36
HKTV,$4.68,1440264091074,"7,455",100% bearish,of 1 rating,N/A
HTBI,$18.39,1440264091100,"70,970",67% bullish,of 3 ratings,$18.625
HMST,$21.57,1440264091131,"119,006",100% bullish,of 2 ratings,$27
HFBC,$11.61,1440264091232,"2,835",Not yet rated,NULL,N/A
HBNC,$24.3,1440264091278,"31,745",100% bullish,of 1 rating,$27
HZNP,$29.2,1440264091326,"2,449,005",85% bullish,of 20 ratings,$40
CETC,$0.77,1440264091380,"45,584",86% bullish,of 7 ratings,N/A
HOFT,$24.43,1440264091418,"62,910",100% bearish,of 1 rating,N/A
HRZN,$10.59,1440264091454,"54,947",100% bearish,of 1 rating,$14.25
ZINC,$7.25,1440264091529,"624,456",100% bearish,of 1 rating,$17
HDP,$25.5,1440264091763,"235,894",67% bearish,of 3 ratings,$30.50
HMHC,$22.4,1440264091804,"923,176",Not yet rated,NULL,$27
HOVNP,NULL,1440264091829,0,100% bearish,of 1 rating,N/A
HBMD,$14.95,1440264091854,502,100% bearish,of 1 rating,N/A
HSNI,$60.9227,1440264091902,"239,269",Not yet rated,NULL,$80
HWCC,$7.22,1440264091997,"136,206",100% bearish,of 1 rating,$9
HTGM,$5.59,1440264092056,"9,721",100% bearish,of 1 rating,$19.50
HUBG,$39.18,1440264092098,"205,184",100% bearish,of 1 rating,$43
HBAN,$11.11,1440264093035,"6,980,840",76% bullish,of 17 ratings,$12.29
HBANP,$1337,1440264093114,12,100% bearish,of 1 rating,N/A
HSON,$2.8,1440264093145,"20,391",100% bearish,of 1 rating,$5
HDSN,$2.81,1440264093166,"30,286",100% bullish,of 1 rating,$6.25
HCBK,$9.5789,1440264093196,"2,422,499",83% bullish,of 6 ratings,$8.61
HURC,$29.88,1440264093247,"26,946",100% bearish,of 1 rating,N/A
HURN,$73.02,1440264093382,"109,473",50% bullish,of 2 ratings,$80
HTCH,$1.58,1440264093410,"60,402",100% bearish,of 1 rating,$3.50
HDRA,NULL,1440264093442,0,Not yet rated,NULL,N/A
HDRAR,NULL,1440264093467,0,Not yet rated,NULL,N/A
HDRAW,NULL,1440264093545,0,Not yet rated,NULL,N/A
HBP,$3.09,1440264093599,"1,457",100% bullish,of 1 rating,N/A
HDRAU,$10.06,1440264093624,100,Not yet rated,NULL,N/A
HYGS,$7.48,1440264093687,"42,666",50% bullish,of 2 ratings,$13
IACI,$71.15,1440264093763,"768,044",75% bullish,of 4 ratings,$90
IDSY,$3.85,1440264093822,"6,888",100% bearish,of 1 rating,$7
IKGH,$1.81,1440264094028,"12,492",75% bullish,of 4 ratings,N/A
IEP,$67.43,1440264094058,"123,610",75% bullish,of 4 ratings,$99
IBKC,$60.3428,1440264094084,"191,218",100% bullish,of 1 rating,$70
ICAD,$3.54,1440264094115,"22,041",50% bullish,of 2 ratings,$7.25
ICFI,$35.71,1440264094139,"104,061",50% bullish,of 2 ratings,$48.50
ICLR,$77.7434,1440264094161,"297,930",100% bearish,of 3 ratings,$85
IPWR,$7.36,1440264094218,"3,392",100% bullish,of 1 rating,$15
ICON,$12.25,1440264094323,"780,798",50% bullish,of 2 ratings,$18.50
IDXX,$74.1911,1440264094429,"439,447",100% bearish,of 1 rating,$77
IDRA,$2.52,1440264094450,"1,118,091",89% bullish,of 9 ratings,$6.50
ICUI,$115.51,1440264094480,"147,406",Not yet rated,NULL,$122
DSKY,$12.1367,1440264094508,"291,194",67% bullish,of 6 ratings,$11.50
INVE,$4.66,1440264094529,"109,550",75% bullish,of 4 ratings,$4
IRG,$4.73,1440264094765,"29,774",100% bearish,of 1 rating,$4.50
IROQ,$16.68,1440264094814,502,100% bullish,of 1 rating,N/A
KANG,$15,1440264094843,"344,010",50% bullish,of 2 ratings,$22.55
RXDX,$12.57,1440264094864,"107,394",100% bullish,of 1 rating,$20
IIVI,$17.63,1440264094898,"240,082",100% bearish,of 1 rating,$22
IKAN,$2.73,1440264094922,"14,561",83% bullish,of 6 ratings,$5
ILMN,$199.29,1440264094954,"1,014,627",80% bullish,of 5 ratings,$240
ISNS,$3.82,1440264095130,"67,780",50% bullish,of 2 ratings,N/A
IKNX,$11.46,1440264095190,722,100% bearish,of 1 rating,N/A
ICCC,$8.05,1440264095217,"7,929",100% bullish,of 1 rating,N/A
IMMR,$11.38,1440264095238,"215,531",80% bullish,of 5 ratings,$15.50
IMDZ,$15.49,1440264095384,"55,028",100% bearish,of 1 rating,$33
IMGN,$13.07,1440264095414,"1,107,990",75% bullish,of 4 ratings,$17.50
IMMY,$7.49,1440264095521,"6,448",100% bearish,of 1 rating,$11
INCY,$104.2975,1440264095551,"711,350",50% bullish,of 6 ratings,$125.50
IPXL,$43.4148,1440264095580,"694,109",67% bullish,of 3 ratings,$46.50
INCR,$42.36,1440264095602,"1,097,736",50% bullish,of 2 ratings,$53
IMNP,$1.38,1440264095623,"103,462",50% bullish,of 2 ratings,$6
IMMU,$1.87,1440264095671,"975,603",86% bullish,of 7 ratings,$2
INDB,$46.44,1440264095758,"91,428",Not yet rated,NULL,$44
SAAS,$7.7296,1440264095787,"487,787",50% bullish,of 2 ratings,$15
IBCP,$14.21,1440264095838,"66,760",100% bullish,of 1 rating,$14.50
IBTX,$42.68,1440264095922,"39,240",100% bullish,of 2 ratings,$47.25
IDSA,$3.64,1440264096145,174,Not yet rated,NULL,N/A
INFI,$9.44,1440264096176,"820,535",50% bullish,of 4 ratings,$18
INFN,$21.08,1440264096202,"2,781,964",71% bullish,of 7 ratings,$28
III,$4.14,1440264096245,"158,901",57% bullish,of 7 ratings,$6
IMKTA,$52.89,1440264096271,"113,692",100% bearish,of 1 rating,N/A
IFON,$1.23,1440264096296,"45,196",75% bullish,of 4 ratings,N/A
IPCC,$79.97,1440264096352,"44,593",Not yet rated,NULL,$77.50
IPHS,$47.91,1440264096510,"90,391",100% bearish,of 1 rating,$60
INWK,$7.33,1440264096544,"164,366",50% bullish,of 2 ratings,$10
INOD,$2.48,1440264096565,"19,784",100% bearish,of 1 rating,N/A
IOSP,$46.19,1440264096602,"4,359,888",100% bearish,of 1 rating,N/A
INNL,NULL,1440264096623,0,100% bearish,of 1 rating,$16.50
INGN,$49.39,1440264096713,"168,397",100% bearish,of 1 rating,$50.50
ISSC,$2.92,1440264096776,"8,615",67% bearish,of 3 ratings,N/A
ITEK,$13.7368,1440264096858,"780,060",100% bearish,of 3 ratings,$20
INOV,$20.95,1440264096908,"349,429",100% bearish,of 1 rating,$33
INO,$7.07,1440264097050,"991,184",89% bullish,of 18 ratings,$20
NSIT,$25.94,1440264097123,"161,989",50% bullish,of 2 ratings,N/A
ISIG,$2.58,1440264097155,"12,103",100% bearish,of 1 rating,N/A
PODD,$28.7,1440264097176,"377,984",50% bullish,of 2 ratings,$35
IIIN,$18,1440264097208,"160,188",100% bearish,of 2 ratings,N/A
NTEC,$5.94,1440264097257,"22,000",Not yet rated,NULL,N/A
INSM,$24.29,1440264097364,"376,220",71% bullish,of 7 ratings,$31.50
INSY,$32.5,1440264097412,"744,412",75% bullish,of 4 ratings,$48
IESC,$7.27,1440264097463,"1,500",100% bearish,of 1 rating,N/A
IART,$60.71,1440264097492,"233,404",100% bearish,of 1 rating,$71.50
IDTI,$17.29,1440264097518,"2,463,021",60% bullish,of 5 ratings,$25
ISSI,$22.3,1440264097662,"296,636",67% bullish,of 3 ratings,$19.75
INTC,$26.7,1440264097750,"36,675,246",82% bullish,of 238 ratings,$36
IQNT,$19.28,1440264097823,"257,467",86% bullish,of 7 ratings,$20
IPCI,$2.12,1440264097849,"35,773",67% bullish,of 6 ratings,$7.75
IPAR,$27.27,1440264097894,"59,510",67% bullish,of 3 ratings,$38
IBKR,$38.66,1440264097925,"576,484",100% bullish,of 1 rating,N/A
ICLD,$1.87,1440264097983,"413,066",75% bullish,of 4 ratings,N/A
ICPT,$190.6771,1440264098059,"265,072",70% bullish,of 10 ratings,$359.50
ININ,$37,1440264098087,"115,076",67% bearish,of 3 ratings,$57
ICLDW,$0.9601,1440264098122,"1,250",100% bearish,of 1 rating,N/A
TILE,$24.33,1440264098250,"583,565",67% bearish,of 3 ratings,$27
IDCC,$47.38,1440264098278,"294,240",80% bullish,of 5 ratings,$63
IMI,$2.13,1440264098307,"9,131",67% bullish,of 3 ratings,$2.22
INAP,$8.27,1440264098337,"157,177",75% bullish,of 4 ratings,$11
IBOC,$26.0269,1440264098438,"200,228",100% bearish,of 1 rating,N/A
ISCA,$31.76,1440264098463,"75,500",100% bearish,of 1 rating,N/A
IGLD,$7.15,1440264098527,"2,377",50% bullish,of 2 ratings,N/A
IIJI,$8.9299,1440264098622,"1,000",50% bullish,of 2 ratings,$11.50
INPH,$0.3099,1440264098658,"9,140",50% bullish,of 2 ratings,N/A
PTNT,$3.05,1440264098753,"4,282",Not yet rated,NULL,N/A
XENT,$27.72,1440264098778,"196,800",50% bullish,of 2 ratings,$36.50
INTX,$2.44,1440264098810,"40,947",67% bullish,of 3 ratings,N/A
IILG,$20.03,1440264098836,"307,013",100% bearish,of 1 rating,$30.50
IVAC,$4.89,1440264098917,"16,408",Not yet rated,NULL,$6.625
INTL,$25.88,1440264098981,"119,017",67% bearish,of 3 ratings,N/A
ISIL,$10.2,1440264099149,"911,504",50% bullish,of 6 ratings,$15
ITCI,$28.5,1440264099183,"400,140",75% bearish,of 4 ratings,$40
INTU,$89.98,1440264099212,"5,254,872",86% bullish,of 7 ratings,$110.50
INTLL,$25.77,1440264099238,"1,100",Not yet rated,NULL,N/A
ISRG,$506.65,1440264099263,"238,287",67% bullish,of 3 ratings,$600
IIN,$6.38,1440264099291,"6,399",100% bearish,of 1 rating,$12
INVT,$0.2713,1440264099443,"28,221",67% bullish,of 3 ratings,N/A
SNAK,$8.47,1440264099472,"286,014",50% bullish,of 2 ratings,$14
ISTR,$15.85,1440264099554,"2,506",100% bearish,of 1 rating,$18.50
ISBC,$11.8686,1440264099606,"2,158,729",100% bullish,of 1 rating,$13.25
ITIC,$71.35,1440264099634,16,100% bearish,of 2 ratings,N/A
IVTY,$12.69,1440264099685,"13,088",Not yet rated,NULL,$18
NVIV,$9.83,1440264099706,"458,296",50% bullish,of 4 ratings,$24.50
IPAS,$1.01,1440264099872,"153,876",67% bullish,of 3 ratings,N/A
IPCM,$79.5,1440264099940,"605,193",50% bullish,of 2 ratings,$80.125
DFVL,NULL,1440264100003,0,Not yet rated,NULL,N/A
IPGP,$84.18,1440264100032,"196,618",100% bearish,of 2 ratings,$109.50
DTUL,NULL,1440264100055,0,Not yet rated,NULL,N/A
IRIX,$7.16,1440264100077,"14,066",100% bearish,of 1 rating,N/A
IRMD,$25.1,1440264100112,"16,337",67% bearish,of 3 ratings,$25
IRDM,$6.69,1440264100242,"599,667",60% bullish,of 5 ratings,$11.50
IRDMB,$266.65,1440264100277,"1,378",67% bearish,of 3 ratings,N/A
IRWD,$10.95,1440264100338,"1,059,107",100% bearish,of 1 rating,$13
IRBT,$29.9,1440264100368,"240,464",67% bullish,of 6 ratings,$37
IRCP,$32,1440264100422,651,100% bullish,of 2 ratings,N/A
COMT,$32.24,1440264100473,"20,256",100% bearish,of 1 rating,N/A
GNMA,$50.25,1440264100571,"2,022",Not yet rated,NULL,N/A
IFAS,$28.76,1440264100666,"9,892",Not yet rated,NULL,N/A
FCHI,$47.8,1440264100725,"4,334",Not yet rated,NULL,N/A
IFGL,$28.84,1440264100752,"124,298",Not yet rated,NULL,N/A
IFEU,$39.05,1440264100833,"52,081",Not yet rated,NULL,N/A
IFNA,$56.26,1440264100882,2,Not yet rated,NULL,N/A
ACWX,$40.41,1440264100937,"332,696",100% bearish,of 1 rating,N/A
AAXJ,$52.27,1440264100965,"1,955,125",Not yet rated,NULL,N/A
AXJS,NULL,1440264100989,0,Not yet rated,NULL,N/A
ACWI,$55.66,1440264101017,"1,415,661",Not yet rated,NULL,N/A
EEMA,$48.76,1440264101153,"380,775",Not yet rated,NULL,N/A
EMDI,$46.16,1440264101180,300,Not yet rated,NULL,N/A
AAIT,$30.53,1440264101202,"1,424",100% bullish,of 1 rating,N/A
EEME,$38.47,1440264101328,"1,248",100% bearish,of 1 rating,N/A
EEML,$27.35,1440264101429,700,Not yet rated,NULL,N/A
EMEY,$24.77,1440264101454,200,Not yet rated,NULL,N/A
EGRW,$47,1440264101497,"2,678",Not yet rated,NULL,N/A
IEUS,$45.52,1440264101590,"8,328",100% bearish,of 1 rating,N/A
EVAL,$36.84,1440264101617,"4,617",Not yet rated,NULL,N/A
EUFN,$21.91,1440264101638,"205,824",100% bearish,of 1 rating,N/A
QAT,$20.45,1440264101669,"23,345",Not yet rated,NULL,N/A
UAE,$17.61,1440264101921,"11,802",Not yet rated,NULL,N/A
IBB,$340.47,1440264101949,"2,475,808",63% bullish,of 8 ratings,N/A
SOXX,$78.63,1440264101979,"710,879",50% bullish,of 2 ratings,N/A
EMIF,$28.27,1440264102014,"15,998",Not yet rated,NULL,N/A
ICLN,$9.42,1440264102078,"40,619",50% bullish,of 2 ratings,N/A
INDY,$27.85,1440264102108,"903,318",50% bullish,of 2 ratings,N/A
ISHG,$80.2,1440264102135,"83,600",100% bearish,of 1 rating,N/A
WOOD,$49.3,1440264102307,"53,527",50% bullish,of 2 ratings,N/A
IGOV,$92.1372,1440264102413,"25,494",100% bearish,of 1 rating,N/A
ISIS,$47.09,1440264102460,"1,346,021",53% bullish,of 15 ratings,$67
ISRL,$128.55,1440264102515,"1,003",100% bearish,of 1 rating,N/A
ITUS,$4.16,1440264102545,"6,967",Not yet rated,NULL,N/A
ISLE,$16.59,1440264102594,"295,431",50% bullish,of 4 ratings,$16
ITRN,$24.7,1440264102620,"30,305",50% bullish,of 2 ratings,N/A
ITRI,$31.94,1440264102645,"253,746",Not yet rated,NULL,$37
XXIA,$15.37,1440264102675,"314,105",71% bullish,of 7 ratings,$14.625
MAYS,NULL,1440264102910,0,Not yet rated,NULL,N/A
IXYS,$10.57,1440264102964,"247,242",50% bullish,of 4 ratings,N/A
JBHT,$76.18,1440264102991,"901,669",50% bullish,of 4 ratings,$89.50
JJSF,$113.14,1440264103043,"100,391",100% bearish,of 1 rating,N/A
JCOM,$69.56,1440264103069,"218,346",100% bullish,of 2 ratings,$77
JASO,$7,1440264103091,"1,435,775",82% bullish,of 17 ratings,$10
JKHY,$68.27,1440264103131,"285,534",50% bullish,of 2 ratings,$72
JXSB,$24.05,1440264103291,742,Not yet rated,NULL,N/A
JAKK,$9.07,1440264103365,"491,312",60% bearish,of 5 ratings,$11
JACK,$81.43,1440264103397,"546,557",83% bullish,of 6 ratings,$105
JAGX,$2.5784,1440264103446,"18,491",Not yet rated,NULL,N/A
JRVR,$26.32,1440264103474,"51,011",Not yet rated,NULL,$32
JAXB,$12.76,1440264103502,"1,300",100% bullish,of 1 rating,N/A
ERW,NULL,1440264103632,0,Not yet rated,NULL,N/A
JASN,$4.81,1440264103658,"34,092",50% bullish,of 2 ratings,$9.50
JMBA,$13.18,1440264103712,"107,503",75% bullish,of 4 ratings,$18
JAZZ,$170.2996,1440264103808,"486,735",80% bullish,of 15 ratings,$206.50
JASNW,$0.18,1440264103866,"12,833",50% bullish,of 2 ratings,N/A
JD,$25.2,1440264103938,"9,448,374",75% bullish,of 16 ratings,$36
JTPY,$3.02,1440264103998,"5,165",100% bearish,of 1 rating,N/A
DATE,$6.47,1440264104032,"197,033",75% bullish,of 4 ratings,$9
JCTCF,NULL,1440264104065,0,100% bullish,of 1 rating,N/A
JST,$4,1440264104132,"43,984",75% bullish,of 4 ratings,N/A
JBLU,$21.8,1440264104160,"7,445,018",94% bullish,of 17 ratings,$27
JIVE,$4.1,1440264104187,"633,964",75% bullish,of 4 ratings,$5
JBSS,$48.96,1440264104346,"138,677",67% bearish,of 3 ratings,N/A
WYIGU,$10.0227,1440264104374,100,Not yet rated,NULL,N/A
JOUT,$23.01,1440264104417,"16,294",100% bearish,of 1 rating,$34
JOEZ,$0.185,1440264104443,"70,020",92% bullish,of 12 ratings,N/A
