Symbol,Price,Date,Volume,Rating,RatingVoteCount,OneYearEstimate
TFSCR,NULL,1441380002254,0,Not yet rated,NULL,N/A
FCCY,NULL,1441380002288,0,100% bullish,of 1 rating,$13
TFSCU,NULL,1441380002313,0,Not yet rated,NULL,N/A
TFSC,NULL,1441380002339,0,100% bearish,of 1 rating,N/A
TFSCW,NULL,1441380002364,0,100% bearish,of 1 rating,N/A
PIH,$7.47,1441380002390,"1,700",100% bearish,of 1 rating,N/A
FLWS,$8.7,1441380002411,"60,955",80% bullish,of 5 ratings,$15
FCTY,NULL,1441380002562,0,100% bullish,of 1 rating,$8.50
SRCE,$29.73,1441380002621,"7,082",100% bullish,of 3 ratings,$33
VNET,$18,1441380002695,"71,068",60% bullish,of 5 ratings,$35
TWOU,$35.01,1441380002727,"38,506",50% bullish,of 2 ratings,$39
DSLV,$69.46,1441380002759,"5,970",100% bearish,of 1 rating,N/A
JOBS,$26.14,1441380002786,"22,747",50% bullish,of 4 ratings,$36
USLV,$12.5,1441380002806,"154,886",86% bullish,of 7 ratings,N/A
DGLD,$84.2926,1441380002843,"2,072",100% bullish,of 1 rating,N/A
UGLD,$8.94,1441380002972,"85,395",100% bearish,of 1 rating,N/A
SIXD,$2.6801,1441380003253,"3,760",Not yet rated,NULL,N/A
EGHT,$7.77,1441380003355,"64,656",82% bullish,of 17 ratings,$11
CAFD,$14.9,1441380003414,"123,346",Not yet rated,NULL,$24.50
SHLM,$32.27,1441380003489,"9,702",100% bearish,of 1 rating,$47
AAON,$19.79,1441380003546,"27,690",100% bearish,of 1 rating,$24
ABY,$21.45,1441380003578,"501,138",100% bearish,of 2 ratings,$46
AVHI,$13.25,1441380003703,"160,527",100% bearish,of 1 rating,$19
ABAX,$47.13,1441380003728,"7,142",100% bearish,of 1 rating,$60
ABGB,$4.9416,1441380003755,"17,920",67% bullish,of 3 ratings,$5.50
AXAS,$1.735,1441380003913,"154,490",78% bullish,of 9 ratings,$3.50
ABMD,$94.005,1441380003938,"77,446",75% bullish,of 4 ratings,$100.50
ABEO,$4.6881,1441380004080,"6,242",50% bullish,of 4 ratings,$15.50
ABEOW,NULL,1441380004106,0,100% bullish,of 1 rating,N/A
ACHC,$72.78,1441380004292,"56,685",50% bullish,of 2 ratings,$92
ACTG,$9.12,1441380004326,"24,862",67% bullish,of 3 ratings,$18.50
ACST,$0.3,1441380004423,"2,700",100% bullish,of 2 ratings,N/A
ACAD,$39.78,1441380004449,"477,258",80% bullish,of 20 ratings,$48
XLRN,$28.03,1441380004491,"27,366",50% bullish,of 2 ratings,$57
AXDX,$19.35,1441380004575,"9,174",100% bearish,of 1 rating,N/A
ANCX,$19.48,1441380004666,"4,618",Not yet rated,NULL,$20
VXDN,$1.78,1441380004699,"3,018",100% bearish,of 1 rating,N/A
VXUP,$1.66,1441380004770,"1,885",100% bearish,of 1 rating,N/A
ARAY,$6.615,1441380004806,"54,311",100% bearish,of 1 rating,$10.50
ACRX,$4.26,1441380004832,"73,165",67% bearish,of 6 ratings,$7
ACET,$22.31,1441380004899,"22,747",75% bullish,of 4 ratings,$30
ACHN,$7.64,1441380005000,"920,670",90% bullish,of 21 ratings,$16
AKAO,$7,1441380005026,"11,045",75% bullish,of 4 ratings,$15
ACIW,$21.25,1441380005202,"38,582",67% bearish,of 3 ratings,$24
ACNB,NULL,1441380005228,0,Not yet rated,NULL,N/A
ACTS,$1.58,1441380005303,"6,500",100% bearish,of 1 rating,N/A
ATVI,$28.58,1441380005329,"1,539,680",67% bullish,of 84 ratings,$31.50
ACPW,$1.9699,1441380005388,"14,407",100% bullish,of 4 ratings,$3.25
ACOR,$31.69,1441380005414,"33,785",67% bearish,of 3 ratings,$38.50
ACTA,$13.91,1441380005457,"5,935",67% bearish,of 3 ratings,$25
ACUR,$2.874,1441380005554,"1,700",100% bullish,of 5 ratings,$5
ACXM,$20.56,1441380005582,"41,961",67% bullish,of 3 ratings,N/A
ADMS,$18.92,1441380005644,"9,444",100% bearish,of 2 ratings,$36
ADAP,$10.87,1441380005779,"6,166",67% bullish,of 3 ratings,$22
ADMP,$3.44,1441380005849,"7,572",50% bullish,of 2 ratings,$10
ADUS,$29.04,1441380005879,"3,400",100% bearish,of 1 rating,$31
AEY,$2.3704,1441380005935,"3,605",100% bearish,of 2 ratings,N/A
ADMA,$8.5592,1441380006061,"7,257",Not yet rated,NULL,$19
ADEP,$7.23,1441380006090,"7,692",50% bullish,of 2 ratings,$10.75
ADBE,$77.7,1441380006116,"365,217",65% bullish,of 17 ratings,$90
ADTN,$15.61,1441380006137,"61,773",67% bullish,of 3 ratings,$17.125
AEIS,$23.925,1441380006311,"20,785",50% bullish,of 2 ratings,$32.50
ADRO,$19.095,1441380006341,"16,677",80% bullish,of 5 ratings,$45.50
AMD,$1.79,1441380006445,"768,022",83% bullish,of 103 ratings,$2
ADXS,$13.4499,1441380006477,"130,139",64% bullish,of 14 ratings,$27
ADXSW,$9.85,1441380006502,200,100% bullish,of 1 rating,N/A
YPRO,$22.85,1441380006548,479,100% bearish,of 1 rating,N/A
MULT,NULL,1441380006573,0,100% bearish,of 1 rating,N/A
AEGR,$17.7,1441380006707,"37,482",50% bullish,of 6 ratings,$26
AEGN,$17.84,1441380006839,"10,132",100% bearish,of 2 ratings,$21
AEHR,$2.27,1441380006869,216,50% bullish,of 2 ratings,N/A
AMTX,$2.9042,1441380006890,"6,650",50% bullish,of 2 ratings,$26.11
AEPI,$56.825,1441380006969,"2,320",100% bearish,of 1 rating,N/A
AERI,$16.36,1441380007025,"61,164",75% bullish,of 4 ratings,$31.50
AVAV,$20.54,1441380007053,"53,252",50% bullish,of 4 ratings,$28
AEZS,$0.0786,1441380007111,"7,839,235",90% bullish,of 21 ratings,$1.50
AFMD,$9.26,1441380007255,"14,218",50% bullish,of 4 ratings,$15
AFFX,$9.11,1441380007312,"117,952",80% bullish,of 5 ratings,$12.50
AEMD,$7.736,1441380007337,"15,805",Not yet rated,NULL,$27.50
AGEN,$6.82,1441380007390,"80,451",85% bullish,of 13 ratings,$14
AGRX,$8.14,1441380007464,"1,880",100% bearish,of 1 rating,$17.50
AGYS,$9.61,1441380007531,"3,044",100% bearish,of 1 rating,N/A
AGIO,$84.4342,1441380007568,"33,861",88% bullish,of 8 ratings,$114
AGFSW,$1.9,1441380007711,100,100% bearish,of 2 ratings,N/A
AGFS,$9.8,1441380007761,"20,267",100% bearish,of 1 rating,N/A
AIMT,$22.31,1441380007790,"42,091",Not yet rated,NULL,$35.50
AIRM,$36.13,1441380007840,"29,073",80% bearish,of 5 ratings,$53
AIRT,NULL,1441380007890,0,100% bullish,of 1 rating,N/A
AMCN,$4.54,1441380008017,"8,957",83% bullish,of 6 ratings,N/A
ATSG,$8.87,1441380008042,"26,064",67% bullish,of 3 ratings,$13
AIXG,$6.445,1441380008070,"10,682",67% bearish,of 3 ratings,$5.25
AKAM,$72.95,1441380008203,"303,672",63% bullish,of 8 ratings,$77.50
AKBA,$6.6499,1441380008256,"45,000",100% bearish,of 1 rating,$18
AKER,$2.63,1441380008284,"2,301",Not yet rated,NULL,N/A
AKRX,$38.61,1441380008306,"70,685",78% bullish,of 9 ratings,$56
ALRM,$16.07,1441380008339,"9,942",100% bearish,of 1 rating,$22
ALSK,$2.24,1441380008484,"4,925",78% bullish,of 18 ratings,$2
AMRI,$19.99,1441380008512,"23,922",75% bearish,of 4 ratings,$24
ADHD,$7.59,1441380008651,"33,918",50% bullish,of 4 ratings,$18
ABDC,$12.742,1441380008677,"1,638",Not yet rated,NULL,$15
ALDX,$7.08,1441380008703,337,100% bearish,of 1 rating,$14.50
ALDR,$40.36,1441380008750,"55,611",67% bearish,of 3 ratings,$62
ALXN,$174.12,1441380008849,"375,678",88% bullish,of 8 ratings,$223.50
ALCO,$42.32,1441380008948,"2,119",50% bullish,of 2 ratings,N/A
ALXA,$1.18,1441380009031,"46,280",83% bullish,of 6 ratings,$2.125
ALIM,$2.83,1441380009078,"42,747",80% bullish,of 5 ratings,$10
ALKS,$64.3,1441380009105,"155,690",67% bullish,of 3 ratings,$75
ALGN,$54.6,1441380009126,"79,721",100% bearish,of 2 ratings,$73
ALGT,$203.69,1441380009185,"64,518",100% bearish,of 2 ratings,$235
AFOP,$18.85,1441380009327,"13,638",75% bullish,of 8 ratings,$21
ALLB,$22.9,1441380009375,204,Not yet rated,NULL,N/A
AIQ,$14.61,1441380009424,"2,182",67% bullish,of 3 ratings,N/A
AHPI,NULL,1441380009594,0,50% bullish,of 2 ratings,N/A
AHGP,$35.57,1441380009621,"9,944",67% bullish,of 3 ratings,N/A
ARLP,$24.94,1441380009642,"13,125",67% bearish,of 3 ratings,$32
ALLT,$5.06,1441380009775,"10,676",75% bullish,of 4 ratings,$6.25
AMOT,$18.06,1441380009804,"42,875",100% bearish,of 1 rating,N/A
ALQA,$4.5784,1441380009833,"15,517",75% bullish,of 4 ratings,$8.50
ALNY,$98.31,1441380009970,"61,922",67% bullish,of 3 ratings,$151.50
SMCP,NULL,1441380010001,0,Not yet rated,NULL,N/A
AOSL,$8.07,1441380010049,"3,430",67% bullish,of 3 ratings,$9
MDRX,$13.125,1441380010079,"217,732",60% bullish,of 5 ratings,$16
AFAM,$44.56,1441380010100,"9,155",50% bullish,of 2 ratings,$44
ALTR,$48.915,1441380010292,"441,723",80% bearish,of 5 ratings,$54
ATEC,$0.5801,1441380010324,"4,639",100% bullish,of 1 rating,$2
ASPS,$26.1,1441380010454,"21,917",67% bullish,of 3 ratings,$46.50
AMAG,$60.25,1441380010480,"106,218",100% bullish,of 2 ratings,$75
AIMC,$23.57,1441380010505,"26,608",100% bearish,of 2 ratings,$28.50
AMRN,$2.32,1441380010541,"370,238",85% bullish,of 40 ratings,$8
AMRK,NULL,1441380010761,0,50% bullish,of 2 ratings,$14
AMBCW,NULL,1441380010791,0,100% bearish,of 1 rating,N/A
AYA,$20.56,1441380010821,"3,480",100% bearish,of 1 rating,$40
AMBC,$16.28,1441380010842,"32,670",100% bearish,of 1 rating,$16.50
AMZN,$499.94,1441380010878,"386,557",81% bullish,of 267 ratings,$646
AMBA,$72.9691,1441380010907,"1,884,351",77% bullish,of 13 ratings,$102.50
EPAX,$2.69,1441380010969,"27,844",100% bearish,of 1 rating,N/A
DOX,$56.2,1441380011105,"65,087",67% bearish,of 3 ratings,$60
AMCX,$72.03,1441380011131,"99,099",67% bullish,of 3 ratings,$87.50
AMDA,$0.4771,1441380011182,"114,286",90% bullish,of 10 ratings,$1
AMED,$40.09,1441380011430,"29,796",100% bearish,of 1 rating,$42
ASBI,$22.73,1441380011456,100,Not yet rated,NULL,N/A
UHAL,$370.98,1441380011477,"4,910",100% bullish,of 2 ratings,$393.50
AAL,$40.94,1441380011514,"2,004,872",93% bullish,of 88 ratings,$57
ATAX,$5.31,1441380011620,"14,799",100% bullish,of 1 rating,$6.50
AMOV,NULL,1441380011645,0,100% bearish,of 1 rating,N/A
AGNC,$18.975,1441380011673,"365,686",71% bullish,of 28 ratings,$22
AGNCB,$24.3,1441380011723,811,Not yet rated,NULL,N/A
MTGE,$14.96,1441380011814,"80,013",75% bullish,of 4 ratings,$19.50
MTGEP,$24.25,1441380011853,1,Not yet rated,NULL,N/A
AGNCP,$25.3001,1441380011995,300,Not yet rated,NULL,N/A
ACAS,$13.725,1441380012054,"154,513",60% bullish,of 5 ratings,$16.75
ACSF,$12.24,1441380012144,"3,505",100% bearish,of 1 rating,$15
ANCI,NULL,1441380012276,0,100% bearish,of 1 rating,N/A
AMIC,NULL,1441380012301,0,100% bearish,of 1 rating,N/A
APEI,$21.81,1441380012329,"2,177",100% bearish,of 1 rating,$25.50
AMNB,$23.02,1441380012358,"2,885",Not yet rated,NULL,$25.50
ANAT,$98.95,1441380012386,"12,305",100% bullish,of 1 rating,N/A
AETI,$3.16,1441380012456,100,67% bearish,of 3 ratings,N/A
ARII,$40.292,1441380012522,"30,065",67% bearish,of 3 ratings,$45
AMSWA,$8.895,1441380012678,"2,920",100% bearish,of 2 ratings,$10.75
AMRB,NULL,1441380012705,0,Not yet rated,NULL,$11
AMSC,$4.93,1441380012766,"6,821",50% bullish,of 4 ratings,N/A
AMWD,$66.89,1441380012894,"14,099",50% bullish,of 2 ratings,$70
ASEI,$38.95,1441380012965,"1,078",100% bearish,of 1 rating,$52.50
CRMT,$35.325,1441380012993,"3,919",100% bearish,of 1 rating,$38
ABCB,$27.155,1441380013065,"11,046",Not yet rated,NULL,$31
ASRV,$3.23,1441380013121,304,100% bullish,of 2 ratings,N/A
AMSF,$45.99,1441380013148,"6,622",Not yet rated,NULL,$57.50
ASRVP,NULL,1441380013169,0,Not yet rated,NULL,N/A
AMGN,$147.15,1441380013303,"470,978",89% bullish,of 19 ratings,$185
ATLO,$22.43,1441380013336,536,Not yet rated,NULL,N/A
AMKR,$5.295,1441380013441,"153,525",100% bearish,of 2 ratings,$5
AMPH,$13.37,1441380013496,"38,408",50% bullish,of 2 ratings,$20
FOLD,$15.2401,1441380013521,"312,967",56% bullish,of 9 ratings,$21
AMSG,$78.06,1441380013577,"33,499",100% bearish,of 1 rating,$85.50
AMSGP,NULL,1441380013893,0,Not yet rated,NULL,N/A
AMRS,$1.73,1441380013918,"5,795",70% bullish,of 10 ratings,N/A
ASYS,$5.37,1441380013966,"3,394",67% bullish,of 3 ratings,$12
ANAD,$0.3131,1441380013996,"17,000",100% bullish,of 2 ratings,$.50
AFSI,$57.77,1441380014017,"35,965",60% bullish,of 5 ratings,$72
ADI,$54.49,1441380014067,"185,340",75% bullish,of 4 ratings,$69
ANAC,$132.14,1441380014092,"59,967",80% bullish,of 5 ratings,$180.50
ANCB,NULL,1441380014297,0,Not yet rated,NULL,$23
ABCW,$40.85,1441380014327,"2,522",67% bullish,of 3 ratings,N/A
AMCF,NULL,1441380014372,0,NULL,NULL,NULL
ALOG,$80.71,1441380014433,"7,137",100% bearish,of 2 ratings,$100.50
ANGI,$5.031,1441380014458,"50,589",64% bullish,of 11 ratings,$5.50
ANIP,$51.75,1441380014539,"19,225",89% bullish,of 19 ratings,$66
ANIK,$35.4947,1441380014674,"13,891",60% bullish,of 5 ratings,$51.25
ANGO,$14.475,1441380014699,"13,862",67% bullish,of 3 ratings,$19
ANSS,$90.16,1441380014854,"73,656",100% bearish,of 1 rating,$100
ATRS,$1.79,1441380014894,"115,470",92% bullish,of 12 ratings,$4.50
ANTH,$7.16,1441380014921,"149,847",80% bullish,of 10 ratings,$13
ATNY,$2.4,1441380014954,200,50% bullish,of 2 ratings,$3.75
APIC,$6.5999,1441380015053,"8,120",100% bearish,of 1 rating,$19
ABAC,$0.8,1441380015084,"1,218",100% bearish,of 1 rating,N/A
APOL,$10.935,1441380015186,"130,743",87% bearish,of 68 ratings,$14
AINV,$6.4201,1441380015222,"138,390",50% bullish,of 4 ratings,$8
APOG,$52.105,1441380015316,"14,428",50% bullish,of 2 ratings,$67
AAPL,$109.24,1441380015345,"9,884,016",86% bullish,of 2363 ratings,$150
ARCI,$1.19,1441380015377,"2,600",Not yet rated,NULL,N/A
APPF,$16.27,1441380015408,"6,058",50% bullish,of 2 ratings,$22
APDN,$3.3262,1441380015512,"6,752",Not yet rated,NULL,$9
AGTC,$16.242,1441380015709,"5,088",50% bullish,of 2 ratings,$33
AMAT,$15.525,1441380015737,"2,677,817",82% bullish,of 11 ratings,$23
AMCC,$5.73,1441380015809,"57,724",80% bullish,of 5 ratings,$8
APDNW,$1.4404,1441380015833,100,Not yet rated,NULL,N/A
APRI,$1.6,1441380015866,"58,996",83% bullish,of 6 ratings,$4.86
AREX,$2.3469,1441380015895,"158,540",50% bullish,of 2 ratings,$3
AAOI,$20.47,1441380015916,"34,829",50% bullish,of 4 ratings,$26
AQMS,$4.98,1441380016100,933,Not yet rated,NULL,N/A
APTO,$5.11,1441380016132,202,Not yet rated,NULL,$17
AQXP,$15.8898,1441380016265,"74,645",50% bullish,of 2 ratings,$2
AUMA,$9.85,1441380016289,200,Not yet rated,NULL,N/A
AUMAU,NULL,1441380016348,0,Not yet rated,NULL,N/A
AUMAW,NULL,1441380016377,0,Not yet rated,NULL,N/A
ARDM,NULL,1441380016479,0,100% bullish,of 1 rating,$26
PETX,$17.75,1441380016569,"42,466",100% bearish,of 2 ratings,$26
ABUS,$7.005,1441380016633,"103,516",86% bullish,of 14 ratings,$21.50
ARCB,$28.68,1441380016901,"27,944",67% bearish,of 3 ratings,$39.50
ARCW,$3.26,1441380016930,"233,750",100% bearish,of 2 ratings,$10.50
RKDA,$5.48,1441380016951,618,100% bearish,of 2 ratings,$10
ABIO,$6.1484,1441380016983,"14,995",50% bullish,of 2 ratings,$3.75
ACGL,$68.43,1441380017010,"39,987",50% bullish,of 2 ratings,$72
ACAT,$25.54,1441380017083,"16,528",100% bearish,of 3 ratings,$33
ARDX,$18.85,1441380017140,"14,124",50% bullish,of 2 ratings,$24.50
ARNA,$2.715,1441380017231,"222,148",90% bullish,of 78 ratings,$5.50
ARCC,$15.361,1441380017323,"261,804",67% bearish,of 3 ratings,$17.75
ARGS,$6.1878,1441380017398,"2,902",50% bullish,of 2 ratings,$19.50
AGII,$54.61,1441380017426,"12,744",Not yet rated,NULL,$59.50
AGIIL,$25.303,1441380017452,"1,038",Not yet rated,NULL,N/A
ARIS,$3.69,1441380017598,100,Not yet rated,NULL,$4.50
ARIA,$7.93,1441380017628,"2,182,484",87% bullish,of 46 ratings,$9
ARMH,$42.9501,1441380017655,"303,185",54% bearish,of 13 ratings,$60
ARKR,$25.04,1441380017732,784,50% bullish,of 2 ratings,N/A
ARWA,NULL,1441380017801,0,Not yet rated,NULL,N/A
ARTX,$1.4074,1441380017861,"12,900",88% bullish,of 16 ratings,$4.50
ARWAU,$10.2,1441380018089,100,100% bullish,of 1 rating,N/A
ARWAR,NULL,1441380018123,0,Not yet rated,NULL,N/A
ARRY,$5.7101,1441380018186,"163,112",100% bullish,of 7 ratings,$10
ARRS,$26.005,1441380018212,"100,136",50% bullish,of 2 ratings,$38
ARWAW,NULL,1441380018233,0,Not yet rated,NULL,N/A
ARQL,$1.68,1441380018262,"5,496",75% bullish,of 4 ratings,$5
ARWR,$5.39,1441380018463,"276,279",75% bullish,of 4 ratings,$10.50
AROW,$27.24,1441380018493,902,Not yet rated,NULL,N/A
DWAT,$9.72,1441380018514,"2,400",100% bearish,of 1 rating,N/A
ARTNA,$21.7025,1441380018549,"2,422",100% bearish,of 1 rating,$29
ARTW,NULL,1441380018648,0,75% bearish,of 4 ratings,N/A
ASBB,NULL,1441380018675,0,Not yet rated,NULL,N/A
ASNA,$12.05,1441380018700,"506,790",50% bullish,of 2 ratings,$18
ASND,$19.81,1441380018748,"9,602",50% bullish,of 2 ratings,$30
ASCMA,$26.92,1441380018994,"5,899",100% bearish,of 1 rating,$45
ASMI,NULL,1441380019074,0,NULL,NULL,NULL
ASTI,$0.215,1441380019123,"1,841,976",83% bullish,of 6 ratings,$3
AZPN,$38.54,1441380019149,"103,867",50% bullish,of 2 ratings,$42
APWC,$1.64,1441380019184,404,100% bearish,of 1 rating,N/A
ASML,$91.12,1441380019205,"118,147",50% bullish,of 4 ratings,$127
ASMB,$13,1441380019278,"16,503",67% bullish,of 3 ratings,N/A
ASFI,$8.8,1441380019303,800,100% bullish,of 1 rating,N/A
ASTE,$38.05,1441380019507,"14,502",100% bearish,of 1 rating,$49
ALOT,NULL,1441380019545,0,100% bearish,of 1 rating,N/A
ASTC,$2.23,1441380019574,"4,607",100% bullish,of 5 ratings,N/A
ATRO,$49.705,1441380019595,"22,557",100% bearish,of 2 ratings,$80
ASUR,$5.36,1441380019727,"2,890",50% bullish,of 2 ratings,$8
ATAI,$2.35,1441380019753,"2,771",100% bearish,of 1 rating,N/A
ATRA,$43.025,1441380019774,"22,981",50% bullish,of 2 ratings,$68
AFCB,NULL,1441380019939,0,Not yet rated,NULL,N/A
ATHN,$132.98,1441380019976,"37,248",67% bearish,of 3 ratings,$153
AAME,$3.5,1441380020156,400,Not yet rated,NULL,N/A
ATHX,$1.14,1441380020182,"17,401",89% bullish,of 9 ratings,$5
ATNI,$74.09,1441380020209,"10,844",100% bearish,of 1 rating,$69.50
AAPC,$10.1,1441380020237,7,Not yet rated,NULL,N/A
ACFC,$5.5099,1441380020266,"1,238",100% bearish,of 1 rating,$6.50
ATLC,$3.91,1441380020370,500,67% bullish,of 3 ratings,N/A
AAWW,$38.57,1441380020518,"69,995",50% bullish,of 2 ratings,$65
ATML,$7.92,1441380020657,"1,098,474",78% bullish,of 9 ratings,$9.50
AFH,$16.1,1441380020684,"9,576",Not yet rated,NULL,$21.50
ATOS,$0.8749,1441380020709,"60,831",100% bullish,of 7 ratings,$7
ATRC,$23.79,1441380020736,"25,928",100% bullish,of 1 rating,$30
ATRI,$371.95,1441380020761,504,Not yet rated,NULL,N/A
ATRM,NULL,1441380021001,0,50% bullish,of 2 ratings,N/A
ATTU,$12.9552,1441380021027,"5,096",100% bearish,of 1 rating,$20.50
AUDC,$3.26,1441380021107,"5,000",80% bullish,of 5 ratings,$5
AUPH,$3.32,1441380021184,"5,951",100% bearish,of 1 rating,$8
EARS,$4.36,1441380021286,"1,800",100% bearish,of 2 ratings,$11
LIFE,$14.3728,1441380021315,"4,441",86% bullish,of 7 ratings,$43
AUBN,$26.5,1441380021340,700,Not yet rated,NULL,N/A
ADAT,$0.35,1441380021418,"429,315",100% bullish,of 2 ratings,N/A
ADSK,$45.61,1441380021485,"343,062",67% bullish,of 6 ratings,$66
ADP,$76.55,1441380021524,"353,487",100% bearish,of 1 rating,$88
AVGO,$123.233,1441380021583,"424,017",88% bullish,of 8 ratings,$165
ABTL,$18.71,1441380021615,"20,399",100% bullish,of 4 ratings,$20.25
AAVL,$10.0699,1441380021815,"66,034",100% bearish,of 1 rating,$20
AVNU,NULL,1441380021842,0,Not yet rated,NULL,$14
AVEO,$1.38,1441380021868,"152,458",75% bullish,of 8 ratings,$3
AVNW,$1.18,1441380022000,"29,161",50% bullish,of 2 ratings,N/A
AVID,$8.6,1441380022052,"68,162",100% bearish,of 1 rating,$20
CAR,$42.89,1441380022096,"513,400",80% bullish,of 5 ratings,$60
AVGR,$14.68,1441380022122,"2,378",100% bearish,of 1 rating,$20
AWRE,$3.23,1441380022255,"5,829",67% bullish,of 3 ratings,N/A
AXPW,$1.9601,1441380022281,"156,867",86% bullish,of 7 ratings,N/A
ACLS,$3.23,1441380022410,"40,837",67% bullish,of 6 ratings,$4.75
AXPWW,NULL,1441380022438,0,Not yet rated,NULL,N/A
AXGN,$4.64,1441380022459,"4,850",Not yet rated,NULL,$5
AXTI,$2.1328,1441380022493,"1,948",50% bullish,of 2 ratings,$2.75
RILY,NULL,1441380022657,0,Not yet rated,NULL,N/A
BOSC,$2.07,1441380022685,"1,900",50% bullish,of 2 ratings,N/A
BCOM,NULL,1441380022760,0,100% bearish,of 1 rating,N/A
BEAV,$49.03,1441380022816,"100,021",67% bearish,of 3 ratings,$59
BIDU,$146.3,1441380022891,"645,171",81% bullish,of 88 ratings,$210
BCPC,$56.815,1441380022955,"21,329",100% bearish,of 1 rating,$75
BWINA,NULL,1441380023033,0,Not yet rated,NULL,N/A
BLDP,$1.31,1441380023069,"53,919",91% bullish,of 22 ratings,$2.50
BANF,$59.31,1441380023167,"1,501",Not yet rated,NULL,$68
BWINB,$22.3384,1441380023220,966,Not yet rated,NULL,N/A
BKMU,$6.9,1441380023245,"5,529",Not yet rated,NULL,$8
BANFP,$26.8,1441380023322,266,Not yet rated,NULL,N/A
BOCH,$5.72,1441380023376,95,Not yet rated,NULL,$6.50
BMRC,$48.63,1441380023425,"1,984",Not yet rated,NULL,$52
BKSC,NULL,1441380023449,0,Not yet rated,NULL,N/A
OZRK,$40.3,1441380023641,"33,271",67% bullish,of 3 ratings,$49.50
BOTJ,NULL,1441380023742,0,Not yet rated,NULL,N/A
BWFG,$18.18,1441380023767,200,100% bearish,of 1 rating,N/A
TAPR,$32.56,1441380023896,600,100% bearish,of 1 rating,N/A
BANR,$43.75,1441380023983,"15,778",100% bullish,of 3 ratings,$50
BZUN,$5.3199,1441380024008,"68,657",50% bullish,of 2 ratings,$11.50
BFIN,$12.0399,1441380024143,"2,224",Not yet rated,NULL,$13
BHACR,$0.21,1441380024174,"2,098",Not yet rated,NULL,N/A
BHAC,NULL,1441380024197,0,Not yet rated,NULL,N/A
BHACW,NULL,1441380024226,0,Not yet rated,NULL,N/A
BHACU,NULL,1441380024272,0,Not yet rated,NULL,N/A
BBSI,$34.56,1441380024361,"5,626",67% bearish,of 3 ratings,$62.50
BSET,$28.6642,1441380024394,"17,034",100% bearish,of 1 rating,$35
BYBK,NULL,1441380024428,0,100% bearish,of 1 rating,N/A
BV,$5.03,1441380024557,"59,773",67% bullish,of 6 ratings,$8.75
BYLK,$12.84,1441380024642,300,Not yet rated,NULL,$14
BBCN,$14.15,1441380024775,"22,023",100% bearish,of 1 rating,$16
BCBP,$11.31,1441380024862,42,Not yet rated,NULL,N/A
BDCV,$4.832,1441380024992,"1,003",100% bearish,of 1 rating,$10.19
BECN,$35.71,1441380025086,"30,809",50% bullish,of 2 ratings,$40
BBGI,$3.95,1441380025119,"1,019",100% bearish,of 1 rating,N/A
BBBY,$62.2,1441380025262,"163,188",71% bullish,of 7 ratings,$75
BELFB,$18.36,1441380025293,"2,677",100% bearish,of 1 rating,N/A
BEBE,$1.18,1441380025315,"254,495",75% bullish,of 4 ratings,$2.125
BELFA,$15,1441380025344,12,100% bearish,of 1 rating,N/A
BSF,$8.31,1441380025474,"2,342",Not yet rated,NULL,N/A
BLPH,$4.05,1441380025566,"3,213",100% bearish,of 1 rating,$12.50
BLCM,$15.76,1441380025593,"28,998",50% bullish,of 4 ratings,$40
BNCL,$12.4,1441380025724,"44,814",100% bullish,of 3 ratings,$12.50
BNFT,$35.77,1441380025754,"11,159",67% bullish,of 3 ratings,$46
BGMD,$0.6126,1441380025853,"18,492",100% bullish,of 10 ratings,N/A
BNTC,$7.1,1441380025906,"1,300",100% bullish,of 1 rating,N/A
ORPN,$5.49,1441380026013,"2,003",100% bullish,of 1 rating,$28.50
BGCP,$8.78,1441380026070,"184,445",88% bullish,of 8 ratings,$14
BIND,$4.82,1441380026095,"6,743",75% bullish,of 4 ratings,$13.50
BASI,$1.6358,1441380026143,200,Not yet rated,NULL,N/A
BGFV,$11.36,1441380026239,"24,647",57% bullish,of 7 ratings,$12
BCDA,NULL,1441380026327,0,Not yet rated,NULL,N/A
BIOC,$1.9807,1441380026368,"83,009",83% bullish,of 6 ratings,$3.85
BCRX,$11.39,1441380026395,"87,750",63% bullish,of 8 ratings,$18
BIOD,$0.7,1441380026455,"3,416",80% bullish,of 5 ratings,$4
BDSI,$6.3001,1441380026587,"212,106",88% bullish,of 8 ratings,$17
BIIB,$298.34,1441380026617,"224,087",88% bullish,of 16 ratings,$400
BIOL,$1.55,1441380026723,"4,108",Not yet rated,NULL,N/A
BVXV,$3.75,1441380026852,"7,207",Not yet rated,NULL,N/A
BLFS,$2.31,1441380026877,"50,447",100% bearish,of 1 rating,$4.75
BLRX,$1.71,1441380026913,"76,359",100% bullish,of 12 ratings,$5
BMRN,$125.9,1441380027140,"121,858",80% bullish,of 5 ratings,$160
BPTH,$1.1701,1441380027170,"8,404",100% bullish,of 2 ratings,$5
BRLI,NULL,1441380027196,0,NULL,NULL,NULL
BVXVW,NULL,1441380027301,0,100% bearish,of 1 rating,N/A
BIOS,$2.4175,1441380027449,"124,805",71% bullish,of 7 ratings,$4
BBC,$31.24,1441380027478,"2,058",Not yet rated,NULL,N/A
BBP,$32.0225,1441380027731,"9,863",Not yet rated,NULL,N/A
BSPM,$0.6803,1441380027800,"3,300",50% bullish,of 2 ratings,N/A
BOTA,$2.14,1441380027831,"2,103",88% bullish,of 8 ratings,N/A
BSTC,$47.33,1441380027881,"5,791",100% bearish,of 1 rating,$76
TECH,$92.61,1441380027907,"44,140",100% bullish,of 1 rating,$117
BEAT,$15.63,1441380028039,"110,929",67% bearish,of 3 ratings,$15
BITI,$16.6001,1441380028065,"4,645",100% bullish,of 1 rating,$28
BJRI,$44.43,1441380028231,"25,842",50% bullish,of 2 ratings,$55
BBOX,$14.67,1441380028272,"4,288",100% bearish,of 1 rating,N/A
BDE,$7.55,1441380028297,"9,101",50% bullish,of 2 ratings,$9
BBRY,$7.55,1441380028322,"3,749,121",61% bullish,of 331 ratings,$9
BDMS,NULL,1441380028358,0,100% bearish,of 1 rating,N/A
BLKB,$56.82,1441380028384,"19,584",100% bearish,of 2 ratings,$66
HAWK,$39.3,1441380028469,"20,159",91% bullish,of 11 ratings,$49
BKCC,$9.35,1441380028573,"52,454",50% bullish,of 2 ratings,$10
ADRA,$26.1036,1441380028763,"1,398",100% bearish,of 1 rating,N/A
ADRD,$21.2022,1441380028830,"1,224",100% bearish,of 1 rating,N/A
ADRE,$28.7001,1441380028868,"3,470",100% bearish,of 1 rating,N/A
ADRU,$21.15,1441380028926,662,100% bearish,of 1 rating,N/A
BCOR,$13.295,1441380029003,"27,516",57% bullish,of 7 ratings,$15
BLMN,$20.49,1441380029132,"51,848",83% bullish,of 6 ratings,$27.50
BLBD,$11.59,1441380029210,690,Not yet rated,NULL,N/A
BBLU,$0.8499,1441380029277,"98,537",100% bullish,of 2 ratings,$4.43
BHBK,$13.86,1441380029303,"25,569",100% bullish,of 1 rating,$14.50
NILE,$33.75,1441380029344,"5,034",50% bullish,of 2 ratings,$34
BUFF,$23.94,1441380029373,"107,999",77% bullish,of 13 ratings,$31.50
BKEP,$6.43,1441380029433,"5,398",100% bearish,of 1 rating,$8.50
BKEPP,NULL,1441380029530,0,100% bearish,of 1 rating,N/A
BLUE,$129.9501,1441380029590,"84,577",71% bullish,of 7 ratings,$217.50
BNCN,$21.1,1441380029692,"7,024",Not yet rated,NULL,$24
BOBE,$45,1441380029748,"75,581",75% bullish,of 4 ratings,$57
BPMC,$28,1441380029778,"13,610",50% bullish,of 2 ratings,$47.50
BOFI,$113.24,1441380029915,"109,799",100% bullish,of 6 ratings,$144
BOJA,$20.5,1441380029944,"39,425",100% bullish,of 1 rating,$30
WIFI,$7.55,1441380030019,"31,216",50% bullish,of 2 ratings,$13.50
BOKF,$61.7203,1441380030050,"14,814",100% bearish,of 1 rating,$69
BONA,$11.24,1441380030079,"18,966",75% bullish,of 4 ratings,$8.50
BNSO,NULL,1441380030180,0,100% bearish,of 1 rating,N/A
BAMM,$3.1938,1441380030212,757,60% bullish,of 5 ratings,N/A
BPFH,$11.75,1441380030237,"62,503",100% bearish,of 1 rating,$14
BPFHP,$24.4601,1441380030308,200,100% bearish,of 1 rating,N/A
EPAY,$26.325,1441380030440,"14,172",100% bearish,of 2 ratings,$30
BPFHW,NULL,1441380030465,0,100% bearish,of 1 rating,N/A
BBEP,$2.6199,1441380030657,"182,840",69% bullish,of 13 ratings,$5.625
BDBD,$8.335,1441380030685,"57,538",60% bullish,of 5 ratings,$10
BCLI,$3.14,1441380030736,"5,992",80% bullish,of 5 ratings,$12
BBRG,$12.39,1441380030758,"3,671",67% bullish,of 3 ratings,$14.50
BBEPP,$14.5937,1441380030792,"2,543",50% bullish,of 2 ratings,N/A
BRID,$8.1,1441380030894,2,100% bearish,of 1 rating,N/A
BDGE,$25.83,1441380030921,"2,967",Not yet rated,NULL,$31.75
BLIN,$1.7301,1441380031087,"232,169",50% bullish,of 2 ratings,$2.20
BCOV,$5.14,1441380031113,"14,451",67% bullish,of 3 ratings,$10.20
BSFT,$31.96,1441380031134,"24,989",57% bullish,of 7 ratings,$40.50
BRCM,$51.19,1441380031168,"442,602",69% bullish,of 13 ratings,$56
BVSN,$5.86,1441380031275,800,60% bearish,of 5 ratings,N/A
BYFC,NULL,1441380031322,0,50% bullish,of 2 ratings,N/A
BRCD,$10.24,1441380031470,"281,826",92% bullish,of 13 ratings,$12
BWEN,$3.17,1441380031555,"11,334",75% bullish,of 4 ratings,$8
BRKL,$10.4,1441380031587,"56,929",100% bearish,of 1 rating,$12
BRKS,$10.16,1441380031609,"13,118",67% bullish,of 3 ratings,$15.25
BRKR,$17.9,1441380031643,"90,820",100% bearish,of 2 ratings,$22
BMTC,$29.06,1441380031664,"7,188",Not yet rated,NULL,$34
BLMT,$21.03,1441380031694,328,Not yet rated,NULL,N/A
BSQR,$6.15,1441380031851,"4,062",67% bullish,of 3 ratings,N/A
BWLD,$195.93,1441380031914,"48,665",82% bullish,of 11 ratings,$205
BLDR,$15.43,1441380031940,"205,606",67% bullish,of 3 ratings,$22
CFFI,NULL,1441380032071,0,100% bearish,of 1 rating,N/A
BUR,NULL,1441380032096,0,100% bearish,of 1 rating,$8
CHRW,$67.71,1441380032334,"169,247",Not yet rated,NULL,$72
CA,$27.125,1441380032607,"488,113",50% bullish,of 4 ratings,$33
CDNS,$20.455,1441380032696,"252,902",75% bullish,of 4 ratings,$22.50
CDZI,$7.36,1441380032756,"9,722",100% bearish,of 1 rating,N/A
CCMP,$42.34,1441380032838,"3,607",50% bullish,of 2 ratings,$59
CACQ,$7.06,1441380032863,"35,982",100% bearish,of 1 rating,$12.25
CZR,$9.26,1441380033007,"96,196",60% bearish,of 5 ratings,$10.50
CSTE,$39.08,1441380033041,"13,242",50% bullish,of 2 ratings,$65
CLMS,$9.56,1441380033134,"49,372",Not yet rated,NULL,$10.50
CLBS,$1.725,1441380033169,"31,029",79% bullish,of 14 ratings,$4
CHI,$10.3366,1441380033197,"50,657",100% bearish,of 1 rating,N/A
CCD,$19.3899,1441380033238,"7,139",Not yet rated,NULL,N/A
PRSS,$4.44,1441380033266,"2,852",80% bullish,of 5 ratings,$4.50
CHY,$11.028,1441380033293,"43,382",Not yet rated,NULL,N/A
CFGE,NULL,1441380033426,0,Not yet rated,NULL,N/A
CHW,$7.3728,1441380033496,"46,016",100% bearish,of 1 rating,N/A
CGO,$11.87,1441380033603,"4,256",100% bearish,of 1 rating,N/A
CSQ,$9.705,1441380033675,"96,206",Not yet rated,NULL,N/A
CAMP,$15.93,1441380033774,"99,680",88% bullish,of 8 ratings,$25
CVGW,$50.46,1441380033830,"123,033",50% bullish,of 2 ratings,$62
CALA,$6.1299,1441380033909,"84,976",67% bullish,of 3 ratings,$19.50
CFNB,NULL,1441380033962,0,100% bearish,of 1 rating,N/A
CALD,$16.02,1441380034007,"64,313",100% bearish,of 1 rating,$21
CALM,$52.61,1441380034036,"42,965",80% bullish,of 5 ratings,$63.50
CAMB,NULL,1441380034097,0,Not yet rated,NULL,N/A
CLMT,$25.57,1441380034135,"24,021",75% bullish,of 8 ratings,$31
CAMBU,NULL,1441380034264,0,100% bearish,of 1 rating,N/A
CAC,$39.73,1441380034340,"3,109",Not yet rated,NULL,N/A
ABCD,$5.05,1441380034366,"14,369",83% bullish,of 6 ratings,N/A
CAMBW,NULL,1441380034390,0,Not yet rated,NULL,N/A
CAMT,$2.6,1441380034553,"13,719",73% bullish,of 11 ratings,$4
CSIQ,$18.46,1441380034653,"214,339",86% bullish,of 28 ratings,$42.50
CPHC,NULL,1441380034754,0,100% bearish,of 1 rating,N/A
CPLA,$48.55,1441380034782,"11,589",67% bearish,of 3 ratings,$65
CBNJ,$11.2,1441380034815,"2,160",100% bearish,of 1 rating,N/A
CCBG,$14.91,1441380034840,"1,102",Not yet rated,NULL,$17.25
CGIX,$9.96,1441380034867,790,67% bullish,of 3 ratings,$14.375
CBF,$30,1441380034912,"3,845",Not yet rated,NULL,$32
CPLP,$7.01,1441380035000,"41,552",71% bullish,of 7 ratings,$11
CSWC,$43.32,1441380035082,"17,647",Not yet rated,NULL,N/A
CPTA,$13.94,1441380035141,"3,844",100% bearish,of 1 rating,$18.25
CFFN,$11.78,1441380035210,"71,827",Not yet rated,NULL,$12.75
CAPN,$2.2,1441380035320,"20,480",100% bullish,of 1 rating,$10.85
CPST,$0.3817,1441380035460,"126,452",95% bullish,of 22 ratings,$1.25
CAPR,$4.3,1441380035489,141,Not yet rated,NULL,$12
CARA,$19.33,1441380035594,"50,196",50% bullish,of 4 ratings,$25
CBYL,$5.02,1441380035628,"6,068",100% bearish,of 1 rating,$20
CAPNW,NULL,1441380035649,0,Not yet rated,NULL,N/A
CFNL,$21.83,1441380035733,"8,608",Not yet rated,NULL,$24
CRDC,$0.335,1441380035764,"22,500",100% bullish,of 1 rating,$1.25
CARB,$11.07,1441380035793,"4,940",75% bullish,of 4 ratings,$12
CRME,$9.1,1441380035837,800,89% bullish,of 9 ratings,$11.25
CSII,$23.195,1441380035996,"22,382",100% bearish,of 2 ratings,$42.125
CATM,$33.72,1441380036042,"45,032",100% bearish,of 1 rating,$44
CDNA,$6.9283,1441380036233,"5,818",100% bearish,of 1 rating,$9
CTRE,$10.78,1441380036279,"13,485",50% bullish,of 2 ratings,$13.50
CKEC,$22.35,1441380036324,"28,608",50% bullish,of 2 ratings,$35.915
CECO,$3.64,1441380036378,"35,560",67% bearish,of 3 ratings,$6
TAST,$12.56,1441380036406,"35,130",Not yet rated,NULL,$14.25
CLBH,$12.5001,1441380036433,611,Not yet rated,NULL,$16.50
CARO,$15.09,1441380036462,704,100% bearish,of 1 rating,$19
CRZO,$35.29,1441380036571,"252,470",67% bearish,of 3 ratings,$54.50
CART,NULL,1441380036635,0,100% bearish,of 1 rating,N/A
CASM,$1.18,1441380036765,"5,864",100% bullish,of 1 rating,$3.50
CARV,$6.3,1441380036791,"6,200",50% bullish,of 2 ratings,N/A
CRTN,NULL,1441380036834,0,100% bearish,of 1 rating,N/A
CACB,$5.3,1441380036859,"3,690",Not yet rated,NULL,$5.50
CSCD,$15.28,1441380037026,"3,534",100% bullish,of 2 ratings,$17
CWST,$6.3001,1441380037153,"8,790",50% bullish,of 2 ratings,$7.25
CASI,$1.3492,1441380037192,534,100% bullish,of 1 rating,$3.50
CPRX,$3.71,1441380037227,"180,073",71% bullish,of 7 ratings,$7
CASS,$48.55,1441380037254,"2,881",100% bearish,of 1 rating,N/A
CASY,$105.97,1441380037279,"36,030",50% bullish,of 2 ratings,$99.50
CATB,$11.27,1441380037324,"5,515",100% bearish,of 1 rating,$28
CVCO,$71.21,1441380037453,745,100% bearish,of 1 rating,N/A
CATY,$28.96,1441380037487,"66,857",100% bearish,of 1 rating,$33.50
CATYW,NULL,1441380037553,0,100% bearish,of 1 rating,N/A
CBFV,$21.4599,1441380037708,421,Not yet rated,NULL,$25
CAVM,$68.088,1441380037801,"101,788",67% bearish,of 3 ratings,$72
CNLM,NULL,1441380037827,0,Not yet rated,NULL,N/A
CNLMR,NULL,1441380037894,0,Not yet rated,NULL,N/A
CNLMU,NULL,1441380037944,0,100% bullish,of 1 rating,N/A
CNLMW,NULL,1441380037964,0,Not yet rated,NULL,N/A
CDW,$38.8,1441380038001,"102,206",75% bullish,of 4 ratings,$44
CDK,$48.56,1441380038096,"21,533",67% bearish,of 3 ratings,$50
CBOE,$63.84,1441380038127,"41,252",Not yet rated,NULL,$63
CECE,$9.6,1441380038290,"50,238",50% bullish,of 2 ratings,$16
CPXX,$2.2931,1441380038318,"10,392",100% bullish,of 2 ratings,$7
CELGZ,$1.76,1441380038343,7,80% bullish,of 5 ratings,N/A
CELG,$117.24,1441380038368,"603,621",100% bullish,of 13 ratings,$156
CLDN,$1.18,1441380038569,"18,863",63% bullish,of 8 ratings,$3
CLRB,$2.8401,1441380038609,220,100% bearish,of 1 rating,N/A
CLRBW,NULL,1441380038637,0,Not yet rated,NULL,N/A
CLDX,$14.14,1441380038673,"159,385",89% bullish,of 9 ratings,$36
CLSN,$2.02,1441380038772,"21,225",80% bullish,of 10 ratings,$7.50
CLLS,$31.95,1441380038794,"22,414",75% bullish,of 4 ratings,$51.50
CBMG,$23.326,1441380038825,"24,917",50% bullish,of 2 ratings,N/A
CLTX,$1.8499,1441380038846,"29,922",100% bullish,of 2 ratings,N/A
CYAD,$47.01,1441380038976,100,100% bullish,of 1 rating,$87.50
CEMP,$33.41,1441380039105,"92,512",71% bullish,of 7 ratings,$52
CSFL,$13.66,1441380039165,"27,498",Not yet rated,NULL,$15
CETX,$2.4588,1441380039190,"4,700",Not yet rated,NULL,$5.60
CETV,$2.098,1441380039216,"6,572",67% bullish,of 3 ratings,$2.80
CFBK,NULL,1441380039269,0,Not yet rated,NULL,N/A
CENTA,$14.56,1441380039430,"32,034",Not yet rated,NULL,N/A
CENT,$14.228,1441380039459,"44,885",Not yet rated,NULL,$10
CENX,$5.1799,1441380039561,"381,699",67% bullish,of 6 ratings,$9
CVCY,$11.54,1441380039599,198,Not yet rated,NULL,$12
CNTY,$5.85,1441380039626,"2,689",80% bullish,of 5 ratings,$7.75
CNBKA,$39.12,1441380039659,198,50% bullish,of 2 ratings,N/A
CPHD,$49.485,1441380039790,"109,399",67% bearish,of 3 ratings,$66
CERE,$1.13,1441380039888,"111,400",88% bullish,of 8 ratings,N/A
CRNT,$1.3899,1441380039932,"12,300",50% bullish,of 2 ratings,$2
CERU,$4.191,1441380039992,"7,900",75% bullish,of 4 ratings,$14
CERN,$60.09,1441380040018,"131,863",67% bullish,of 3 ratings,$79
CERS,$5.005,1441380040152,"96,083",75% bullish,of 4 ratings,$7
CEVA,$19.11,1441380040180,"4,924",100% bearish,of 1 rating,$25
KOOL,$0.64,1441380040201,"14,510",100% bullish,of 5 ratings,$7
CYOU,$18.7,1441380040252,"17,653",50% bullish,of 6 ratings,$24
HOTR,$1.33,1441380040389,"23,298",100% bullish,of 2 ratings,$5
HOTRW,$0.15,1441380040414,"10,650",Not yet rated,NULL,N/A
CTHR,$1.2601,1441380040442,"1,500",50% bullish,of 2 ratings,$2.50
GTLS,$23.2,1441380040574,"28,100",50% bullish,of 4 ratings,$40
CHFN,$12.08,1441380040710,"4,608",Not yet rated,NULL,$14
CHKP,$77.67,1441380040739,"249,011",50% bullish,of 4 ratings,$92
CHTR,$182.37,1441380040767,"77,424",67% bearish,of 3 ratings,$202
CHEK,NULL,1441380040869,0,Not yet rated,NULL,$7.75
CEMI,$4.22,1441380040895,"1,674",50% bullish,of 2 ratings,$7.50
CHEKW,NULL,1441380040922,0,Not yet rated,NULL,N/A
CCXI,$6.22,1441380041058,"7,102",67% bullish,of 3 ratings,$14
CHFC,$30.36,1441380041088,"15,997",100% bearish,of 1 rating,$36
CHMG,$26.14,1441380041113,100,Not yet rated,NULL,$30
CHKE,$25.51,1441380041262,"4,515",100% bearish,of 1 rating,$32.50
CHMA,$28.22,1441380041287,"36,936",Not yet rated,NULL,$40
CBNK,$16.78,1441380041335,200,100% bearish,of 1 rating,N/A
CHEV,$14.48,1441380041364,866,Not yet rated,NULL,N/A
CMRX,$48.97,1441380041467,"48,044",50% bullish,of 2 ratings,$57
PLCE,$58.455,1441380041552,"25,351",100% bearish,of 1 rating,$69
CALI,NULL,1441380041630,0,67% bullish,of 3 ratings,N/A
CADC,$3.34,1441380041660,400,78% bullish,of 9 ratings,N/A
CBPO,$93.86,1441380041722,"21,800",75% bullish,of 8 ratings,$140.50
CAAS,$5.993,1441380041761,929,93% bullish,of 14 ratings,$11.50
CBAK,$2.04,1441380041794,"65,187",67% bullish,of 9 ratings,N/A
CCCR,NULL,1441380041923,0,67% bearish,of 3 ratings,N/A
CCCL,NULL,1441380041948,0,100% bullish,of 6 ratings,N/A
CHOP,NULL,1441380042101,0,50% bullish,of 2 ratings,N/A
JRJC,$3.43,1441380042130,"11,520",82% bullish,of 11 ratings,N/A
CHLN,$1.77,1441380042193,100,67% bullish,of 3 ratings,N/A
HGSH,$1.7101,1441380042237,201,67% bullish,of 3 ratings,N/A
CJJD,$1.8,1441380042368,"1,000",100% bullish,of 1 rating,N/A
CNIT,$1.14,1441380042399,"30,630",67% bullish,of 6 ratings,N/A
HTHT,$25.5,1441380042429,"14,652",50% bullish,of 2 ratings,$28.40
CSUN,$1.363,1441380042498,135,80% bullish,of 5 ratings,N/A
CREG,$0.65,1441380042526,"2,050",100% bullish,of 3 ratings,N/A
CHNR,NULL,1441380042559,0,100% bearish,of 1 rating,N/A
CPGI,$6.79,1441380042656,900,Not yet rated,NULL,N/A
CNYD,NULL,1441380042787,0,67% bullish,of 3 ratings,N/A
CNTF,$0.8,1441380042813,"12,086",Not yet rated,NULL,N/A
CXDC,$6.0498,1441380042894,"13,618",67% bearish,of 3 ratings,N/A
CCIH,$7.381,1441380042954,"37,773",67% bullish,of 6 ratings,$12.65
CHSCL,$27.23,1441380043049,"2,814",Not yet rated,NULL,N/A
CNET,$0.84,1441380043094,"6,884",50% bullish,of 2 ratings,N/A
IMOS,$19.51,1441380043148,"37,010",60% bullish,of 5 ratings,$21.50
CHSCM,$26.28,1441380043186,"2,490",Not yet rated,NULL,N/A
CHSCN,$27.0799,1441380043291,655,Not yet rated,NULL,N/A
CHSCO,$28.409,1441380043322,368,Not yet rated,NULL,N/A
CHSCP,NULL,1441380043343,0,Not yet rated,NULL,N/A
CHDN,$133.2,1441380043473,"14,011",Not yet rated,NULL,$165
CHUY,$31.41,1441380043546,"19,370",50% bullish,of 2 ratings,$34
CIFC,$6.86,1441380043674,111,100% bearish,of 1 rating,N/A
CDTX,$14.18,1441380043734,"2,885",Not yet rated,NULL,$22
CMCT,NULL,1441380043768,0,100% bearish,of 1 rating,N/A
CMPR,$70.3,1441380043867,"20,682",50% bullish,of 2 ratings,$72.50
CINF,$52.12,1441380043894,"79,749",50% bullish,of 4 ratings,$50.50
CRUS,$29.77,1441380044024,"100,025",75% bullish,of 12 ratings,$44.50
CIDM,$0.5898,1441380044049,"5,340",50% bullish,of 2 ratings,$2.10
CSCO,$25.53,1441380044077,"4,571,063",83% bullish,of 210 ratings,$32
CPHR,$5.0663,1441380044102,500,100% bearish,of 1 rating,$17
CTAS,$84.23,1441380044135,"60,935",100% bearish,of 1 rating,$91
CTRN,$25.97,1441380044241,"17,619",100% bearish,of 1 rating,$31.50
CZNC,$19.59,1441380044313,"2,353",Not yet rated,NULL,N/A
CZWI,$9,1441380044343,316,Not yet rated,NULL,N/A
CZFC,NULL,1441380044441,0,Not yet rated,NULL,N/A
CIZN,NULL,1441380044489,0,Not yet rated,NULL,N/A
CTXS,$68.07,1441380044561,"192,290",86% bullish,of 7 ratings,$80
CHCO,$47.262,1441380044689,"8,258",Not yet rated,NULL,$46
CIVBP,NULL,1441380044718,0,Not yet rated,NULL,N/A
CIVB,$10.0001,1441380044744,"1,550",Not yet rated,NULL,$11
CDTI,$1.55,1441380044790,"14,950",75% bullish,of 4 ratings,$3.20
CLNE,$5.27,1441380044815,"157,489",80% bullish,of 15 ratings,$9
CLNT,$1.5572,1441380044890,"2,500",75% bullish,of 8 ratings,N/A
CLRO,NULL,1441380045020,0,50% bullish,of 2 ratings,$14.25
CLFD,$17.07,1441380045117,"2,349",67% bullish,of 3 ratings,$18
CBLI,$4.1499,1441380045256,"7,619",60% bullish,of 5 ratings,N/A
CLIR,$5,1441380045286,"19,278",100% bullish,of 3 ratings,N/A
CSBK,$13.76,1441380045346,"8,082",Not yet rated,NULL,N/A
CLVS,$82.4018,1441380045390,"56,940",60% bullish,of 5 ratings,$101.50
CMFN,$11.15,1441380045417,"5,587",100% bearish,of 1 rating,$15.50
CCNE,$17,1441380045559,"3,009",50% bullish,of 2 ratings,$21.50
CME,$92.75,1441380045585,"295,556",67% bullish,of 3 ratings,$102
CNV,$4.45,1441380045715,"11,584",50% bullish,of 2 ratings,$7.15
CWAY,$11.28,1441380045742,200,Not yet rated,NULL,N/A
COBZ,$12.72,1441380045777,"7,215",100% bullish,of 1 rating,$14
CISG,$7.87,1441380045804,"1,300",100% bullish,of 5 ratings,$10
COKE,$161.825,1441380045872,"2,068",79% bullish,of 19 ratings,N/A
CDRB,$9.5054,1441380045902,"12,539",67% bullish,of 3 ratings,N/A
CDXS,$3.51,1441380046101,"16,072",64% bullish,of 11 ratings,$6
JVA,$4.6838,1441380046253,"3,500",83% bullish,of 6 ratings,$7
CVLY,NULL,1441380046279,0,Not yet rated,NULL,N/A
CCOI,$27.2,1441380046352,"33,136",50% bullish,of 4 ratings,$35
CTSH,$62.05,1441380046407,"337,432",90% bullish,of 10 ratings,$75
CGNT,$1.55,1441380046503,600,100% bullish,of 2 ratings,$2
CHRS,$25.685,1441380046528,"40,657",67% bearish,of 3 ratings,$37
COHR,$55.07,1441380046553,"13,551",50% bullish,of 2 ratings,$72
CGNX,$34.655,1441380046606,"57,623",50% bullish,of 2 ratings,$47
CLRX,$0.67,1441380046787,"6,404",50% bullish,of 2 ratings,N/A
COHU,$9.49,1441380046819,"5,953",100% bearish,of 1 rating,$14.25
COLL,$15.1844,1441380046890,"4,670",100% bearish,of 1 rating,$26
CIGI,$42.59,1441380046917,"2,100",100% bearish,of 1 rating,$52
CLCT,$17.82,1441380046955,"4,016",100% bearish,of 1 rating,N/A
CBAN,NULL,1441380047094,0,Not yet rated,NULL,N/A
CLCD,$5.9,1441380047120,"26,004",100% bearish,of 1 rating,$20.50
COLB,$29.36,1441380047382,"15,662",Not yet rated,NULL,$36
CMCO,$18.735,1441380047411,"4,609",60% bullish,of 5 ratings,$28
CBMX,$1.122,1441380047441,"3,200",83% bullish,of 6 ratings,$3.15
COLM,$61.83,1441380047462,"11,842",100% bearish,of 1 rating,$71
CMCSA,$55.685,1441380047500,"1,580,125",66% bullish,of 35 ratings,$69.50
CBSH,$43.28,1441380047529,"40,265",50% bullish,of 2 ratings,$46
CMCSK,$56.74,1441380047597,"685,418",Not yet rated,NULL,$84
CBSHP,$25.44,1441380047624,"2,058",100% bearish,of 1 rating,N/A
CUBN,NULL,1441380047830,0,Not yet rated,NULL,N/A
CVGI,$4.82,1441380047899,"13,943",50% bullish,of 2 ratings,$6
COMM,$32.6,1441380047924,"91,033",67% bearish,of 3 ratings,$35
CSAL,$20.2,1441380047960,"75,208",75% bullish,of 4 ratings,$30
JCS,$9.03,1441380048115,"1,000",67% bullish,of 3 ratings,N/A
ESXB,NULL,1441380048148,0,Not yet rated,NULL,N/A
CTBI,$34.37,1441380048254,"3,804",Not yet rated,NULL,$36
CWBC,NULL,1441380048282,0,Not yet rated,NULL,N/A
CYHHZ,$0.0101,1441380048304,"6,600",100% bullish,of 1 rating,N/A
CVLT,$35.4,1441380048335,"136,730",75% bullish,of 4 ratings,$44.50
COB,$10.26,1441380048367,"1,500",100% bullish,of 1 rating,$11.75
CIL,NULL,1441380048468,0,Not yet rated,NULL,N/A
CIZ,$32.17,1441380048522,"1,100",100% bearish,of 1 rating,N/A
CID,$32.49,1441380048546,810,Not yet rated,NULL,N/A
CDC,$33.8611,1441380048763,560,Not yet rated,NULL,N/A
CFA,NULL,1441380048902,0,100% bearish,of 1 rating,N/A
CFO,$34.84,1441380048938,"1,470",100% bearish,of 1 rating,N/A
CSF,$35.98,1441380049040,813,100% bearish,of 1 rating,N/A
CSA,NULL,1441380049062,0,Not yet rated,NULL,N/A
CSB,NULL,1441380049086,0,Not yet rated,NULL,N/A
CDL,$32.9207,1441380049118,587,Not yet rated,NULL,N/A
CGEN,$5.02,1441380049229,"16,036",50% bullish,of 2 ratings,$11
CPSI,$45.51,1441380049305,"6,470",100% bearish,of 1 rating,$45.50
SCOR,$47.18,1441380049334,"72,063",100% bearish,of 1 rating,$66
CTG,$6.57,1441380049382,887,100% bearish,of 1 rating,$8.50
CHCI,$0.69,1441380049437,700,50% bullish,of 2 ratings,N/A
CNSI,$18.19,1441380049464,"12,151",100% bearish,of 2 ratings,$29
CMTL,$25.95,1441380049517,"2,826",100% bearish,of 2 ratings,$37
CNAT,$3.895,1441380049597,"19,300",83% bullish,of 6 ratings,$13
CNCE,$16.15,1441380049732,"16,220",75% bullish,of 4 ratings,$22
CCUR,$5.3,1441380049913,55,75% bullish,of 4 ratings,N/A
CDOR,$1.25,1441380049941,"3,600",100% bullish,of 1 rating,N/A
CXRX,$82.95,1441380049965,300,100% bearish,of 1 rating,$90
CDORP,$6.25,1441380049990,300,100% bearish,of 1 rating,N/A
CDORO,NULL,1441380050015,0,100% bearish,of 1 rating,N/A
CNMD,$51,1441380050217,"17,600",Not yet rated,NULL,$59
CNFR,$10.06,1441380050250,12,Not yet rated,NULL,N/A
CFMS,$14.21,1441380050275,"98,714",100% bearish,of 1 rating,$26.50
CNOB,$18.8,1441380050351,"5,379",100% bullish,of 1 rating,$23.50
CTWS,$34.34,1441380050417,"1,422",100% bearish,of 1 rating,$44
CNXR,$6.91,1441380050446,"14,053",100% bearish,of 1 rating,$12
CNSL,$19.47,1441380050504,"38,647",100% bearish,of 1 rating,$23
CONN,$28.38,1441380050548,"103,422",67% bullish,of 3 ratings,$48.50
CWCO,$10.33,1441380050648,"18,653",67% bullish,of 3 ratings,$14.50
CTCT,$24.43,1441380050839,"40,593",67% bullish,of 3 ratings,$37
CPSS,$5.53,1441380050881,"2,577",100% bullish,of 1 rating,$10
CFRXW,NULL,1441380050967,0,100% bearish,of 1 rating,N/A
CFRX,$4.84,1441380051030,300,Not yet rated,NULL,$14
CFRXZ,NULL,1441380051057,0,Not yet rated,NULL,N/A
CPRT,$34.77,1441380051078,"53,809",67% bearish,of 3 ratings,$40
CTRL,$8.21,1441380051213,"40,846",50% bullish,of 2 ratings,$11
CTRV,$3.438,1441380051243,"2,450",Not yet rated,NULL,$6.40
CRBP,$1.85,1441380051267,"48,225",100% bullish,of 2 ratings,$6.25
CORT,$4.92,1441380051318,"84,061",67% bullish,of 3 ratings,$12
BVA,NULL,1441380051516,0,50% bullish,of 2 ratings,N/A
CORE,$59.1,1441380051541,"19,521",100% bearish,of 1 rating,$72
CORI,$10.446,1441380051613,"14,260",100% bearish,of 1 rating,$18
CRVL,$30.57,1441380051715,"3,608",100% bearish,of 1 rating,N/A
CSOD,$36.505,1441380051740,"36,293",50% bullish,of 2 ratings,$42
COSI,$1.07,1441380051817,"1,200",100% bullish,of 1 rating,N/A
CPAH,NULL,1441380051906,0,50% bullish,of 2 ratings,N/A
ICBK,NULL,1441380051935,0,Not yet rated,NULL,$21
CSGP,$176.05,1441380052000,"12,104",50% bullish,of 2 ratings,$235
COST,$139.135,1441380052034,"345,534",79% bullish,of 24 ratings,$154.50
CVTI,$22.79,1441380052104,"7,977",67% bearish,of 3 ratings,$39
COVS,$2.51,1441380052133,"9,400",67% bullish,of 3 ratings,N/A
COWNL,$26.62,1441380052240,113,Not yet rated,NULL,N/A
CPSH,$2.41,1441380052296,702,Not yet rated,NULL,N/A
COWN,$5.05,1441380052342,"120,489",75% bullish,of 4 ratings,$7
CRAI,$23.35,1441380052447,"2,500",100% bearish,of 1 rating,$36
CBRL,$146.508,1441380052651,"24,597",50% bullish,of 2 ratings,$155
CRAY,$20.84,1441380052685,"22,310",83% bullish,of 6 ratings,$38.50
BREW,$7.6572,1441380052721,"3,530",67% bullish,of 6 ratings,$15
SLVO,$10.08,1441380052784,237,100% bearish,of 1 rating,N/A
CACC,$201.49,1441380052815,"18,083",50% bullish,of 2 ratings,$158.50
CREE,$26.035,1441380052918,"111,760",65% bullish,of 17 ratings,$29.50
CRTO,$37.115,1441380052943,"107,593",67% bullish,of 6 ratings,$64
CRESY,$10.0601,1441380052969,"3,401",100% bearish,of 1 rating,$19
CROX,$14.1,1441380053100,"155,775",63% bullish,of 8 ratings,$16.50
GLDI,NULL,1441380053191,0,100% bearish,of 1 rating,N/A
CCRN,$14.26,1441380053219,"118,958",100% bearish,of 1 rating,$14.25
CRDS,$1.14,1441380053240,"63,252",50% bullish,of 4 ratings,$3.375
CRWS,$8.09,1441380053271,200,Not yet rated,NULL,$10
CYRX,$2.947,1441380053456,"7,678",Not yet rated,NULL,$9
CRWN,$5.32,1441380053485,"43,096",75% bullish,of 4 ratings,N/A
CYRXW,$0.745,1441380053527,"8,500",Not yet rated,NULL,N/A
CTCM,$1.7,1441380053659,"22,425",80% bearish,of 5 ratings,$3.90
CCLP,$13.609,1441380053690,"19,885",67% bearish,of 3 ratings,$20
CSPI,$5.63,1441380053716,"3,378",67% bullish,of 3 ratings,N/A
CSGS,$29.84,1441380053738,"27,409",Not yet rated,NULL,$40
CTIC,$1.535,1441380053768,"131,039",84% bullish,of 76 ratings,$5.75
CTIB,NULL,1441380053920,0,100% bearish,of 1 rating,N/A
CTRP,$64.45,1441380054009,"272,143",75% bullish,of 8 ratings,$92.50
CUNB,$21.66,1441380054038,"1,064",Not yet rated,NULL,$24.50
CUI,$5.36,1441380054142,"5,409",50% bullish,of 2 ratings,$10
CPIX,$6.1,1441380054210,"2,910",Not yet rated,NULL,N/A
CRIS,$2.54,1441380054235,"28,429",100% bullish,of 8 ratings,$6
CMLS,$1.3075,1441380054286,"26,155",50% bullish,of 4 ratings,$6
CUTR,$14.96,1441380054416,"26,075",67% bearish,of 3 ratings,$18
CVV,$11.26,1441380054442,"1,112",100% bullish,of 5 ratings,N/A
CVBF,$15.895,1441380054585,"25,594",Not yet rated,NULL,$18
CYAN,$6.43,1441380054615,950,100% bearish,of 1 rating,N/A
CYBR,$47,1441380054644,"728,327",75% bullish,of 8 ratings,$68.50
CYBX,$64.71,1441380054665,"17,306",50% bullish,of 4 ratings,$71.50
CYBE,$6.81,1441380054686,"1,828",100% bearish,of 1 rating,N/A
CYCC,$0.55,1441380054822,"12,192",73% bullish,of 11 ratings,N/A
CYCCP,$5.51,1441380054866,"1,504",100% bearish,of 1 rating,N/A
CBAY,$2.69,1441380054953,"5,200",100% bullish,of 1 rating,$4
CYNA,$16.0499,1441380055055,"1,533",50% bullish,of 2 ratings,$31.50
CYNO,$32.6675,1441380055131,"41,921",67% bearish,of 3 ratings,$45.50
CY,$10.01,1441380055216,"391,851",80% bullish,of 10 ratings,$15.50
CYRN,$1.6903,1441380055312,"6,020",67% bullish,of 3 ratings,$4
CONE,$31.76,1441380055338,"88,360",67% bearish,of 3 ratings,$35.50
CTSO,$7.1577,1441380055401,"17,795",Not yet rated,NULL,$15.625
CYTK,$7.19,1441380055427,"26,200",71% bullish,of 14 ratings,$13.50
DAEG,$0.36,1441380055464,95,100% bearish,of 1 rating,N/A
CYTX,$0.3673,1441380055502,"352,886",83% bullish,of 12 ratings,$5.50
CYTR,$2.4501,1441380055565,"90,903",67% bullish,of 6 ratings,$10
TVIX,$16.6792,1441380055722,"4,668,138",81% bullish,of 16 ratings,N/A
TVIZ,$23.36,1441380055748,"1,400",100% bearish,of 1 rating,N/A
ZIV,$35.27,1441380055769,"15,650",Not yet rated,NULL,N/A
XIV,$23.043,1441380055902,"6,461,998",75% bearish,of 4 ratings,N/A
DJCO,$196.76,1441380056059,64,Not yet rated,NULL,N/A
DAIO,NULL,1441380056203,0,Not yet rated,NULL,N/A
DRAM,$1.3,1441380056235,"3,000",78% bullish,of 9 ratings,N/A
DTEA,$13.21,1441380056256,"6,690",100% bearish,of 2 ratings,$24
DARA,$0.8302,1441380056288,"9,612",83% bullish,of 6 ratings,$1.50
DTLK,$5.53,1441380056315,"10,798",100% bearish,of 1 rating,$9
DAKT,$8.3837,1441380056336,"38,130",50% bullish,of 2 ratings,$12
DWCH,$4.98,1441380056419,"3,127",75% bullish,of 4 ratings,$8.25
PLAY,$36.7325,1441380056554,"67,642",100% bullish,of 5 ratings,$42
DBVT,$36.62,1441380056662,"26,860",100% bearish,of 1 rating,$53
TRAK,$62.88,1441380056689,"253,566",50% bullish,of 2 ratings,$62.50
DWSN,$4.19,1441380056768,736,67% bullish,of 3 ratings,N/A
DHRM,NULL,1441380056899,0,Not yet rated,NULL,N/A
DCTH,$0.495,1441380056944,"398,066",78% bullish,of 9 ratings,N/A
DFRG,$14.295,1441380057002,"13,433",100% bearish,of 1 rating,$20
DGAS,$20.3,1441380057029,44,67% bearish,of 3 ratings,N/A
TACOW,$4.736,1441380057074,"2,900",100% bullish,of 1 rating,N/A
TACO,$12.985,1441380057102,"5,860",75% bullish,of 4 ratings,$20
DELTW,NULL,1441380057130,0,Not yet rated,NULL,N/A
DELT,$2.05,1441380057156,860,Not yet rated,NULL,N/A
DEPO,$26.46,1441380057391,"70,205",60% bullish,of 5 ratings,$29
DENN,$11.45,1441380057421,"79,120",100% bullish,of 3 ratings,$15
XRAY,$51.34,1441380057526,"181,534",100% bullish,of 1 rating,$58
DSCI,$6.135,1441380057586,"25,062",50% bullish,of 2 ratings,$16
DERM,$25.35,1441380057656,"4,375",100% bearish,of 1 rating,$33.50
DEST,$10.19,1441380057728,"3,907",50% bullish,of 2 ratings,N/A
DXLG,$6.43,1441380057785,"31,980",100% bearish,of 1 rating,$8
DXM,$0.2899,1441380057873,"32,120",50% bullish,of 2 ratings,N/A
DSWL,$1.5444,1441380057901,"1,800",100% bullish,of 1 rating,N/A
DHXM,NULL,1441380057927,0,100% bearish,of 1 rating,N/A
DXCM,$88.21,1441380058065,"65,817",57% bullish,of 7 ratings,$98
DHIL,$188.95,1441380058120,500,Not yet rated,NULL,N/A
DMND,$30.37,1441380058150,"9,933",75% bullish,of 12 ratings,$32
DCIX,$1.5873,1441380058226,"2,341",50% bullish,of 4 ratings,$3.50
FANG,$66.9,1441380058253,"156,548",50% bullish,of 2 ratings,$86
DRNA,$10.75,1441380058325,"25,200",67% bearish,of 3 ratings,$25
DMRC,$38.31,1441380058553,"8,270",100% bearish,of 1 rating,$44
DGLY,$7.27,1441380058626,"9,927",50% bullish,of 6 ratings,$20
DRAD,$3.75,1441380058652,"6,369",100% bullish,of 1 rating,$5.25
DGII,$10.3,1441380058680,"3,806",100% bearish,of 1 rating,$11
DIOD,$22.64,1441380058701,"120,940",75% bearish,of 4 ratings,$24
APPS,$2.109,1441380058738,"15,116",100% bearish,of 1 rating,$10.25
DCOM,$16.6,1441380058832,"8,865",100% bearish,of 2 ratings,$16
DPRX,$13.91,1441380058861,"10,705",100% bullish,of 2 ratings,$27.75
DISCB,NULL,1441380058962,0,100% bearish,of 1 rating,$35
DISCK,$25.57,1441380059066,"200,860",100% bearish,of 1 rating,$32
DISCA,$26.975,1441380059103,"262,719",67% bullish,of 3 ratings,$34
DSCO,$0.4527,1441380059128,"107,811",83% bullish,of 6 ratings,$2.75
DISH,$59.09,1441380059170,"317,593",69% bullish,of 13 ratings,$73
DLHC,$2.4928,1441380059359,100,100% bearish,of 1 rating,N/A
DVCR,NULL,1441380059391,0,100% bullish,of 1 rating,N/A
BAGR,$2.7682,1441380059421,"7,604",100% bearish,of 1 rating,$6
DLTR,$68.85,1441380059490,"1,738,909",82% bullish,of 11 ratings,$85
DNBF,$26,1441380059524,600,Not yet rated,NULL,$27.50
DMLP,$14.69,1441380059551,"3,084",100% bearish,of 1 rating,N/A
DGICA,$13.92,1441380059577,"2,500",100% bearish,of 1 rating,$17
DORM,$50.1,1441380059615,"47,959",100% bearish,of 1 rating,$56
DGICB,NULL,1441380059722,0,100% bearish,of 1 rating,N/A
HILL,$9.695,1441380059825,"156,023",60% bearish,of 5 ratings,$9.75
DRWI,$0.2001,1441380059910,"93,623",60% bullish,of 5 ratings,$.45
DRWIW,$0.0445,1441380060040,"7,100",Not yet rated,NULL,N/A
DWA,$20.885,1441380060072,"68,979",63% bullish,of 8 ratings,$26
DSKX,$3.2801,1441380060099,"16,574",100% bullish,of 1 rating,N/A
CADT,$10,1441380060174,200,Not yet rated,NULL,N/A
DSPG,$8.88,1441380060203,"6,689",100% bearish,of 1 rating,$13.50
DRYS,$0.4482,1441380060239,"366,493",77% bullish,of 31 ratings,$.60
CADTU,NULL,1441380060337,0,Not yet rated,NULL,N/A
CADTR,NULL,1441380060468,0,Not yet rated,NULL,N/A
CADTW,NULL,1441380060493,0,Not yet rated,NULL,N/A
DNKN,$48.5371,1441380060526,"106,375",67% bullish,of 15 ratings,$56.50
DRRX,$2.06,1441380060553,"56,978",50% bullish,of 6 ratings,$3
DTSI,$27.7,1441380060621,"12,668",100% bearish,of 2 ratings,$39.50
DXPE,$29.55,1441380060705,"19,932",50% bullish,of 2 ratings,N/A
DYAX,$22.04,1441380060807,"88,950",89% bullish,of 9 ratings,$30
DYSL,$1.5,1441380060979,69,100% bullish,of 2 ratings,N/A
DYNT,NULL,1441380061010,0,75% bullish,of 4 ratings,N/A
ETFC,$25.33,1441380061040,"675,634",57% bullish,of 14 ratings,$32.50
DVAX,$28.2,1441380061061,"32,273",70% bullish,of 10 ratings,$40
BOOM,$10.65,1441380061090,"45,839",67% bullish,of 3 ratings,$12
EGLE,$6.53,1441380061118,"5,747",60% bullish,of 5 ratings,N/A
EGBN,$40.995,1441380061254,"6,525",Not yet rated,NULL,$48
EGRX,$77.64,1441380061306,"26,126",67% bullish,of 3 ratings,$97
EROC,$1.4809,1441380061436,"42,287",50% bullish,of 2 ratings,$3
EBMT,$11.5,1441380061471,300,Not yet rated,NULL,$13.50
ELNK,$8.57,1441380061519,"104,996",60% bullish,of 5 ratings,$9.50
EACQU,NULL,1441380061545,0,Not yet rated,NULL,N/A
EWBC,$38.91,1441380061603,"101,625",100% bearish,of 1 rating,$50
EML,$16.31,1441380061772,512,Not yet rated,NULL,N/A
EVBS,NULL,1441380061796,0,Not yet rated,NULL,$7
EBAY,$26.495,1441380061827,"1,841,227",81% bullish,of 117 ratings,$34
EBIX,$27.68,1441380061852,"20,265",69% bullish,of 13 ratings,$40
ELON,$0.5925,1441380061983,"1,155",50% bullish,of 2 ratings,N/A
SATS,$43.54,1441380062047,"11,103",50% bullish,of 2 ratings,$60
ECTE,$1.54,1441380062072,310,75% bullish,of 4 ratings,N/A
ESES,NULL,1441380062338,0,100% bearish,of 1 rating,$7
ECACU,$10.1,1441380062367,5,Not yet rated,NULL,N/A
ECHO,$22.965,1441380062401,"33,764",67% bearish,of 3 ratings,$34.50
EDAP,$3.5337,1441380062441,"1,658",60% bullish,of 5 ratings,$4.50
EEI,$11.8592,1441380062498,700,67% bearish,of 3 ratings,N/A
EFUT,$4.51,1441380062528,300,Not yet rated,NULL,N/A
EDUC,$6.6563,1441380062556,"9,012",100% bearish,of 1 rating,N/A
EDGW,$7.2899,1441380062628,112,100% bearish,of 1 rating,N/A
EGAN,$3.64,1441380062759,300,50% bullish,of 2 ratings,$6.25
EHTH,$14.79,1441380062892,"13,410",50% bullish,of 4 ratings,$17
LOCO,$12.51,1441380062919,"121,794",69% bullish,of 13 ratings,$19.50
EMITF,$1.2128,1441380062940,254,75% bullish,of 4 ratings,N/A
EGLT,$13.055,1441380062961,"10,854",50% bullish,of 2 ratings,$21
ESLT,$78.51,1441380063103,982,67% bullish,of 3 ratings,N/A
ERI,$9.25,1441380063129,"12,768",100% bearish,of 1 rating,$10
EA,$66.16,1441380063301,"493,604",78% bullish,of 36 ratings,$80
ELSE,NULL,1441380063355,0,60% bullish,of 5 ratings,N/A
ESIO,$4.501,1441380063381,"14,172",50% bullish,of 2 ratings,$10
ELRC,$10.5,1441380063402,"1,670",100% bearish,of 1 rating,N/A
EFII,$43.02,1441380063440,"8,080",80% bullish,of 5 ratings,$55
ELEC,NULL,1441380063460,0,Not yet rated,NULL,N/A
ELECW,NULL,1441380063594,0,Not yet rated,NULL,N/A
ELECU,NULL,1441380063619,0,Not yet rated,NULL,N/A
EBIO,$3.3099,1441380063751,"85,887",100% bearish,of 2 ratings,$8.35
RDEN,$11.25,1441380063811,"10,778",100% bearish,of 4 ratings,$15
ESBK,NULL,1441380064064,0,Not yet rated,NULL,N/A
LONG,$16.9184,1441380064092,"11,416",67% bullish,of 3 ratings,$15.75
EMCI,$21.905,1441380064122,"3,574",Not yet rated,NULL,N/A
EMKR,$6.78,1441380064147,"15,001",75% bullish,of 4 ratings,$8.50
CAPX,NULL,1441380064167,0,Not yet rated,NULL,N/A
ELTK,$1.3199,1441380064200,"8,382",67% bearish,of 3 ratings,N/A
EMCF,NULL,1441380064253,0,100% bearish,of 1 rating,N/A
EMMSP,NULL,1441380064392,0,100% bearish,of 1 rating,N/A
NYNY,$4.3201,1441380064555,"4,926",50% bullish,of 2 ratings,N/A
ERS,$3,1441380064582,"3,046",Not yet rated,NULL,N/A
EMMS,$1.3001,1441380064603,"13,482",67% bullish,of 6 ratings,N/A
ENTA,$38.885,1441380064633,"27,419",50% bullish,of 2 ratings,$42
ECPG,$37.99,1441380064654,"30,244",100% bullish,of 2 ratings,$52
WIRE,$32.05,1441380064685,"13,206",100% bearish,of 1 rating,$37
ENDP,$73.85,1441380064951,"279,456",50% bullish,of 6 ratings,$101.50
ELGX,$12.82,1441380064983,"63,453",75% bullish,of 4 ratings,$17
EFOI,$24.73,1441380065006,"148,762",50% bullish,of 2 ratings,$24.50
ECYT,$5.06,1441380065032,"40,807",83% bullish,of 6 ratings,$12
EIGI,$14.88,1441380065059,"22,184",67% bearish,of 3 ratings,$22.50
WATT,$6.815,1441380065087,"22,139",50% bullish,of 2 ratings,$13
ERII,$2.54,1441380065117,"1,493",80% bullish,of 5 ratings,$2.50
ENOC,$8.78,1441380065347,"16,019",75% bullish,of 4 ratings,$18
ENG,$1.05,1441380065375,43,100% bullish,of 3 ratings,N/A
EXXI,$1.7699,1441380065396,"271,389",86% bullish,of 7 ratings,$3.50
ESGR,$149.61,1441380065444,"7,475",100% bearish,of 1 rating,$185
ENPH,$4.5,1441380065472,"213,954",75% bullish,of 4 ratings,$10
ENFC,$17.4,1441380065575,100,Not yet rated,NULL,N/A
ENTG,$13.48,1441380065725,"39,991",100% bearish,of 1 rating,$18
ETRM,$0.2801,1441380065758,"227,352",69% bearish,of 35 ratings,$1.625
ENTL,$21.48,1441380065789,"126,531",Not yet rated,NULL,$28
EBTC,$20.9,1441380065818,311,Not yet rated,NULL,N/A
ENVI,$1.87,1441380065860,"587,166",67% bullish,of 3 ratings,N/A
EGT,NULL,1441380065888,0,100% bullish,of 1 rating,N/A
EFSC,$23.61,1441380066021,"3,402",Not yet rated,NULL,$27
ENZN,$0.9904,1441380066070,"21,177",100% bullish,of 9 ratings,N/A
ENZY,$10.35,1441380066263,"8,698",67% bullish,of 3 ratings,$9.50
EPIQ,$12.542,1441380066288,"3,750",100% bearish,of 1 rating,$18
EPRS,$5.18,1441380066314,"7,226",82% bullish,of 11 ratings,$15
EPZM,$19.65,1441380066454,"86,492",60% bullish,of 5 ratings,$34
EQIX,$271.326,1441380066504,"116,338",75% bullish,of 4 ratings,$312.50
EAC,$3.48,1441380066531,"1,427",100% bearish,of 1 rating,$8
EQFN,NULL,1441380066551,0,100% bearish,of 1 rating,N/A
PLUS,$73.56,1441380066585,"19,882",50% bullish,of 2 ratings,$88
ERIE,$80.4,1441380066711,"1,276",Not yet rated,NULL,$73
ESCA,$17.81,1441380066737,"2,078",100% bearish,of 1 rating,$22
ERIC,$9.55,1441380066766,"328,633",67% bullish,of 9 ratings,$12.20
ESCRP,$1.2699,1441380066922,"4,568",100% bearish,of 1 rating,N/A
ESCR,$0.258,1441380066947,"153,046",50% bullish,of 2 ratings,N/A
ESMC,$1.29,1441380067027,609,Not yet rated,NULL,N/A
ESPR,$45.19,1441380067172,"206,954",70% bearish,of 10 ratings,$115
ESND,$33.74,1441380067303,"11,744",100% bearish,of 2 ratings,$40
ESSA,$12.87,1441380067328,600,100% bearish,of 1 rating,N/A
EPIX,NULL,1441380067711,0,Not yet rated,NULL,N/A
ETSY,$14.19,1441380068488,"73,331",80% bullish,of 5 ratings,$16
ESSX,NULL,1441380068663,0,50% bullish,of 2 ratings,N/A
CLWT,NULL,1441380068701,0,100% bearish,of 1 rating,N/A
EEFT,$65.41,1441380068766,"27,003",100% bearish,of 1 rating,$67.50
ESEA,$4.4,1441380068862,"1,299",100% bullish,of 1 rating,$15
EVEP,$7.644,1441380068920,"163,052",50% bullish,of 2 ratings,$15
EVLV,$2.63,1441380069253,"16,264",60% bullish,of 5 ratings,$4.625
EVK,$3.461,1441380069282,200,75% bearish,of 4 ratings,N/A
EVOL,$5.69,1441380069354,"2,900",75% bullish,of 4 ratings,$10
EXA,$10.41,1441380069379,"2,017",100% bearish,of 1 rating,$13
EVOK,$3.5748,1441380069432,"9,852",100% bearish,of 1 rating,$13.375
EXAS,$20.81,1441380069523,"115,868",78% bullish,of 9 ratings,$31
EXAC,$18.995,1441380069560,"3,170",100% bearish,of 1 rating,$22.50
EXEL,$5.655,1441380069658,"817,582",81% bullish,of 16 ratings,$6
EXLS,$36.01,1441380069730,"7,857",50% bullish,of 2 ratings,$41
EXFO,$2.83,1441380069762,180,67% bearish,of 3 ratings,$3.95
EXPE,$111.18,1441380069846,"115,958",64% bullish,of 11 ratings,$130
EXPO,$42.35,1441380069879,"5,092",100% bearish,of 1 rating,$45.50
EXPD,$48.3,1441380069900,"618,058",80% bullish,of 5 ratings,$52
ESRX,$83.395,1441380069929,"507,730",67% bearish,of 6 ratings,$101
EXLP,$18.5,1441380069957,"21,967",100% bearish,of 1 rating,$25
EXTR,$3.145,1441380070228,"67,462",80% bullish,of 5 ratings,$3
EYEG,NULL,1441380070325,0,Not yet rated,NULL,N/A
EZPW,$5.87,1441380070385,"23,505",50% bullish,of 4 ratings,$7
EZCH,$22.81,1441380070458,"27,241",75% bullish,of 8 ratings,$19
FCS,$13.51,1441380070488,"155,819",67% bearish,of 3 ratings,$17
FFIV,$119.87,1441380070509,"150,634",63% bullish,of 8 ratings,$132
EYEGW,NULL,1441380070542,0,Not yet rated,NULL,N/A
FB,$87.13,1441380070645,"6,831,023",73% bullish,of 1074 ratings,$111
FWM,$2.25,1441380070710,"4,919",100% bearish,of 2 ratings,$3.20
FALC,$1.6755,1441380070780,"8,790",63% bearish,of 8 ratings,N/A
FARM,$22.881,1441380070843,"2,419",100% bearish,of 1 rating,$35
DAVE,$14.93,1441380070877,"6,214",100% bearish,of 1 rating,$15.50
FRP,$15.37,1441380070922,"8,223",100% bearish,of 1 rating,$18
FFKT,$25.395,1441380070976,"2,861",Not yet rated,NULL,$29
FMNB,$8.18,1441380071021,"1,500",Not yet rated,NULL,N/A
FARO,$36.735,1441380071202,"14,230",50% bullish,of 2 ratings,$48
FAST,$37.59,1441380071281,"331,957",80% bullish,of 5 ratings,$43
FATE,$6.06,1441380071308,"1,100",50% bullish,of 2 ratings,$11
FBSS,NULL,1441380071383,0,Not yet rated,NULL,N/A
FBRC,$22.01,1441380071442,"3,933",100% bearish,of 1 rating,$29
FDML,$8.1624,1441380071471,"69,962",50% bullish,of 4 ratings,$14
FNHC,$21.66,1441380071515,"3,156",100% bearish,of 1 rating,$35
FEIC,$74.48,1441380071575,"29,766",50% bullish,of 2 ratings,$95.50
FHCO,$1.3808,1441380071871,"1,785",50% bullish,of 4 ratings,N/A
FCSC,$5.57,1441380071929,"21,980",100% bearish,of 1 rating,$8.125
FENX,$9.47,1441380071958,"14,989",100% bullish,of 1 rating,$14.25
LION,$19.1901,1441380072005,"5,008",100% bullish,of 1 rating,$20
FGEN,$23.1638,1441380072032,"34,309",100% bearish,of 1 rating,$39
ONEQ,$184.7288,1441380072057,"10,471",100% bullish,of 1 rating,N/A
FDUS,$14.4024,1441380072250,"6,941",50% bullish,of 2 ratings,$18
FSAM,$7.55,1441380072324,"5,806",100% bearish,of 1 rating,$10.25
FRGI,$51.72,1441380072345,"9,221",50% bullish,of 2 ratings,$70
FITB,$19.15,1441380072430,"651,061",54% bullish,of 13 ratings,$22
FSC,$6.559,1441380072477,"70,847",60% bullish,of 5 ratings,$8
FSCFL,NULL,1441380072529,0,Not yet rated,NULL,N/A
FSFR,$8.79,1441380072550,"6,261",100% bearish,of 1 rating,$11.50
FITBI,$27.4769,1441380072714,"2,384",Not yet rated,NULL,N/A
FNGN,$30.47,1441380072774,"46,639",67% bullish,of 3 ratings,$47
FISI,$24.16,1441380072805,"1,792",100% bullish,of 2 ratings,$24.50
FNJN,$1.81,1441380072907,600,100% bearish,of 1 rating,$5
FNSR,$15.1599,1441380072947,"158,210",71% bullish,of 7 ratings,$24
FNTC,NULL,1441380073039,0,Not yet rated,NULL,N/A
FNTCU,NULL,1441380073072,0,Not yet rated,NULL,N/A
FEYE,$37.38,1441380073120,"1,439,298",88% bullish,of 16 ratings,$55.50
FNTCW,NULL,1441380073171,0,Not yet rated,NULL,N/A
FNLC,$18.61,1441380073315,792,100% bullish,of 1 rating,N/A
FRBA,NULL,1441380073342,0,Not yet rated,NULL,$8
FBNC,$16.81,1441380073369,"1,304",100% bullish,of 1 rating,$20
BUSE,$6.28,1441380073394,"9,058",Not yet rated,NULL,$6.875
FBIZ,$22.6,1441380073530,"4,288",100% bearish,of 2 ratings,$26
FCVA,NULL,1441380073589,0,Not yet rated,NULL,N/A
FCAP,$26.5,1441380073662,100,Not yet rated,NULL,N/A
FCNCA,$227.75,1441380073763,893,Not yet rated,NULL,N/A
FCLF,$9.2,1441380073819,200,Not yet rated,NULL,N/A
FCFS,$39.02,1441380073860,"7,535",100% bearish,of 3 ratings,$47
FCBC,$16.98,1441380073886,"1,300",Not yet rated,NULL,$18
FCFP,$6.7,1441380074018,"1,216",Not yet rated,NULL,N/A
FCCO,$12.35,1441380074049,200,Not yet rated,NULL,$13.25
FBNK,$15.85,1441380074121,"15,116",100% bearish,of 1 rating,$17.50
FFNM,NULL,1441380074149,0,Not yet rated,NULL,N/A
FDEF,$36.42,1441380074179,600,Not yet rated,NULL,$38
FFBC,$18.1,1441380074281,"30,498",67% bearish,of 3 ratings,$20.25
FFBCW,NULL,1441380074307,0,100% bearish,of 1 rating,N/A
FFIN,$29.59,1441380074368,"13,406",50% bullish,of 2 ratings,$31.75
THFF,$32.05,1441380074471,"4,498",Not yet rated,NULL,$35
FFNW,$12.16,1441380074622,"3,791",Not yet rated,NULL,$14
FFWM,$21.25,1441380074667,"2,800",Not yet rated,NULL,$24
INBK,$29.194,1441380074704,"3,175",50% bullish,of 2 ratings,$37
FIBK,$26.3,1441380074762,"22,414",Not yet rated,NULL,$32
FRME,$25.87,1441380074797,"14,449",Not yet rated,NULL,$26.50
FMBI,$17.28,1441380074832,"57,530",Not yet rated,NULL,$20
FMBH,$22.28,1441380074857,329,Not yet rated,NULL,N/A
FNFG,$8.99,1441380075020,"233,498",80% bullish,of 5 ratings,$9
FNBC,$33.97,1441380075077,"11,119",Not yet rated,NULL,$40
FNWB,$12.15,1441380075155,"5,360",Not yet rated,NULL,N/A
FSFG,NULL,1441380075235,0,Not yet rated,NULL,N/A
FSLR,$47.45,1441380075262,"234,808",72% bullish,of 39 ratings,$65
FSBK,$7.79,1441380075289,"1,814",100% bullish,of 1 rating,N/A
FSGI,$2.48,1441380075309,"7,366",Not yet rated,NULL,N/A
BICK,NULL,1441380075505,0,100% bullish,of 1 rating,N/A
FBZ,NULL,1441380075640,0,Not yet rated,NULL,N/A
FCAN,NULL,1441380075672,0,Not yet rated,NULL,N/A
FTCS,$35.6584,1441380075694,"2,557",100% bearish,of 1 rating,N/A
FCA,$18.76,1441380075743,15,Not yet rated,NULL,N/A
FV,$22.93,1441380075768,"265,597",100% bearish,of 1 rating,N/A
IFV,$17.2469,1441380075933,"68,378",100% bearish,of 1 rating,N/A
FEMB,NULL,1441380075957,0,Not yet rated,NULL,N/A
TDIV,$24.3833,1441380076183,"11,870",100% bearish,of 1 rating,N/A
FTSM,$59.95,1441380076209,"17,114",100% bearish,of 1 rating,N/A
FEUZ,NULL,1441380076230,0,Not yet rated,NULL,N/A
FTHI,$19.23,1441380076375,102,Not yet rated,NULL,N/A
MDIV,$18.9299,1441380076407,"41,181",Not yet rated,NULL,N/A
FGM,$34.8,1441380076524,346,Not yet rated,NULL,N/A
FTGC,$22.425,1441380076553,"11,306",Not yet rated,NULL,N/A
FHK,$32.12,1441380076579,200,Not yet rated,NULL,N/A
YDIV,$16.0973,1441380076682,"2,642",Not yet rated,NULL,N/A
HYLS,$49.6301,1441380076715,"3,531",100% bearish,of 1 rating,N/A
FPXI,$26.55,1441380076744,100,Not yet rated,NULL,N/A
SKYY,$28.17,1441380076779,"13,788",100% bullish,of 1 rating,N/A
CU,$12.43,1441380076807,"5,264",100% bearish,of 1 rating,N/A
PLTM,$6.1001,1441380076999,200,100% bearish,of 1 rating,N/A
FJP,$44.73,1441380077193,"35,658",Not yet rated,NULL,N/A
FTLB,$19.06,1441380077222,1,100% bearish,of 1 rating,N/A
FMB,$51.26,1441380077248,472,Not yet rated,NULL,N/A
LMBS,NULL,1441380077269,0,Not yet rated,NULL,N/A
QABA,$36.88,1441380077322,"3,408",100% bearish,of 1 rating,N/A
FONE,$34.67,1441380077400,10,Not yet rated,NULL,N/A
CIBR,$17.4088,1441380077467,"11,643",Not yet rated,NULL,N/A
QCLN,$15.0546,1441380077498,"37,577",Not yet rated,NULL,N/A
CARZ,$33.73,1441380077628,"4,158",100% bearish,of 1 rating,N/A
GRID,$30.99,1441380077688,"1,600",100% bearish,of 1 rating,N/A
QQEW,$41.0399,1441380077723,"7,438",Not yet rated,NULL,N/A
RDVY,$20.6001,1441380077759,100,Not yet rated,NULL,N/A
QQXT,$39.77,1441380077863,"7,144",Not yet rated,NULL,N/A
QTEC,$39.345,1441380077935,"18,334",Not yet rated,NULL,N/A
AIRR,$16.31,1441380077994,"1,546",100% bearish,of 1 rating,N/A
QINC,NULL,1441380078151,0,Not yet rated,NULL,N/A
FKO,NULL,1441380078177,0,Not yet rated,NULL,N/A
FTSL,$48.8205,1441380078202,"4,463",100% bearish,of 1 rating,N/A
FSZ,$38,1441380078230,328,Not yet rated,NULL,N/A
FDIV,$47.05,1441380078331,"1,137",100% bearish,of 1 rating,N/A
FKU,$40.61,1441380079890,"17,007",Not yet rated,NULL,N/A
FTW,NULL,1441380079933,0,Not yet rated,NULL,N/A
TUSA,$24.5,1441380080408,"16,524",Not yet rated,NULL,N/A
SVVC,$9.05,1441380080551,"6,406",50% bullish,of 2 ratings,$26
FUNC,NULL,1441380080625,0,Not yet rated,NULL,N/A
FSV,$31.965,1441380081071,"1,512",Not yet rated,NULL,$33.60
FMER,$17.23,1441380081179,"120,526",50% bullish,of 2 ratings,$20
FISV,$84.67,1441380081209,"161,434",100% bearish,of 3 ratings,$90
FPRX,$19.24,1441380081310,"44,175",50% bullish,of 2 ratings,$35
FLML,$22.25,1441380081335,"25,835",50% bullish,of 2 ratings,$30
FIVE,$34.105,1441380081360,"293,703",75% bearish,of 4 ratings,$43.50
FIVN,$3.75,1441380081401,"20,238",100% bullish,of 1 rating,$8.50
FLKS,$11.5,1441380081504,"10,352",50% bullish,of 2 ratings,$27
FLXN,$25.78,1441380081571,"9,948",100% bearish,of 1 rating,$40
FLXS,$31.25,1441380081703,"1,696",100% bearish,of 2 ratings,N/A
SKOR,$50.52,1441380081781,"1,500",Not yet rated,NULL,N/A
MBSD,$24.94,1441380081832,"1,399",Not yet rated,NULL,N/A
FLEX,$10.33,1441380081934,"277,719",63% bullish,of 8 ratings,$12
FLIR,$28.01,1441380081960,"115,980",100% bearish,of 2 ratings,$38.50
FLDM,$11.05,1441380081986,"28,967",67% bearish,of 3 ratings,$15
FFIC,$19.36,1441380082007,"9,184",Not yet rated,NULL,$20.50
FOGO,$19.1025,1441380082274,"6,707",50% bullish,of 2 ratings,$25.50
FOMX,$9.75,1441380082303,"9,857",50% bullish,of 2 ratings,$23.50
FONR,$9.8099,1441380082337,"9,288",100% bullish,of 1 rating,N/A
FES,$0.93,1441380082373,610,50% bullish,of 2 ratings,$1
FORR,$30.8799,1441380082440,"9,238",Not yet rated,NULL,N/A
FTNT,$41.97,1441380082466,"114,566",80% bullish,of 10 ratings,$52
FORM,$6.55,1441380082513,"8,059",67% bullish,of 3 ratings,$10.50
FORTY,NULL,1441380082543,0,100% bearish,of 1 rating,N/A
FORD,$1.6199,1441380082772,"854,233",67% bullish,of 3 ratings,N/A
FWRD,$43.88,1441380082819,"15,605",100% bearish,of 1 rating,$50
FWP,$25.41,1441380082848,"22,904",100% bearish,of 1 rating,$45
FBIO,$2.57,1441380082951,"45,800",83% bullish,of 6 ratings,N/A
FMI,$23.59,1441380082987,"15,049",100% bearish,of 2 ratings,$27.50
FOSL,$60.13,1441380083011,"48,473",60% bearish,of 5 ratings,$80
FXCB,$17.17,1441380083036,"1,526",Not yet rated,NULL,$19
FOXF,$15.14,1441380083083,"3,640",100% bearish,of 1 rating,$19
FRAN,$12.37,1441380083250,"144,622",50% bullish,of 4 ratings,$15
FRED,$12.73,1441380083376,"18,927",50% bullish,of 2 ratings,$15.50
FELE,$27.58,1441380083442,"11,952",50% bullish,of 4 ratings,$33
RAIL,$20.05,1441380083474,"19,905",100% bearish,of 1 rating,$24.50
FRPT,$12.33,1441380083523,"48,819",67% bearish,of 3 ratings,$23.50
FREE,$0.3502,1441380083555,"283,976",92% bullish,of 12 ratings,N/A
FTR,$5.43,1441380083610,"2,801,036",78% bullish,of 27 ratings,$6.25
FEIM,$10.9919,1441380083658,"4,777",100% bearish,of 1 rating,N/A
FTRPR,$105.86,1441380083798,700,100% bearish,of 1 rating,N/A
FRPH,$31.2,1441380083864,411,100% bearish,of 1 rating,N/A
FSBW,$22.97,1441380083995,200,Not yet rated,NULL,N/A
FTD,$29.79,1441380084021,"6,786",100% bearish,of 1 rating,$40
FSYS,$6.38,1441380084045,"88,029",67% bullish,of 3 ratings,$8.50
FTEK,$1.97,1441380084078,"2,164",75% bullish,of 4 ratings,N/A
FCEL,$0.8601,1441380084188,"131,860",88% bullish,of 41 ratings,$2.65
FULL,$3.1043,1441380084217,"7,299",67% bearish,of 3 ratings,$4.25
FULLL,$25.15,1441380084315,"2,000",Not yet rated,NULL,N/A
FLL,$1.47,1441380084414,"4,158",75% bullish,of 4 ratings,$3.50
FSNN,NULL,1441380084487,0,67% bullish,of 3 ratings,$6
FULT,$11.73,1441380084515,"66,167",100% bearish,of 1 rating,$13
FFHL,NULL,1441380084619,0,50% bullish,of 4 ratings,N/A
FXEN,$0.988,1441380084680,"1,147",75% bullish,of 4 ratings,$1.10
FXENP,NULL,1441380084710,0,100% bearish,of 1 rating,N/A
GK,$67.23,1441380084811,"5,726",Not yet rated,NULL,$78
GAIA,$5.92,1441380084852,"5,117",50% bullish,of 2 ratings,$8.50
WILC,$5,1441380084883,760,100% bullish,of 2 ratings,N/A
GLPG,$57.38,1441380085016,"3,469",100% bullish,of 1 rating,$75
GALTU,NULL,1441380085046,0,100% bearish,of 1 rating,N/A
GALT,$2.06,1441380085072,"3,300",80% bullish,of 5 ratings,N/A
GALTW,NULL,1441380085144,0,100% bullish,of 1 rating,N/A
GLMD,$8.355,1441380085230,"6,270",67% bullish,of 3 ratings,$20.50
GALE,$1.5801,1441380085331,"241,640",89% bullish,of 47 ratings,$4
GLPI,$30.5999,1441380085386,"73,870",100% bearish,of 1 rating,$37.50
GPIC,$9.92,1441380085467,200,100% bearish,of 1 rating,N/A
GGAC,NULL,1441380085530,0,100% bearish,of 1 rating,N/A
GRMN,$36.66,1441380085565,"133,551",50% bullish,of 6 ratings,$46.50
GGACU,$10.27,1441380085698,300,Not yet rated,NULL,N/A
GGACR,$0.24,1441380085768,"23,800",100% bullish,of 1 rating,N/A
GGACW,$0.1501,1441380085830,200,Not yet rated,NULL,N/A
GENC,$9,1441380085855,200,100% bearish,of 1 rating,N/A
GARS,$14.61,1441380085883,"10,656",Not yet rated,NULL,$16
GNCMA,$16.82,1441380086015,"40,242",100% bearish,of 1 rating,$12
GFN,$3.87,1441380086107,"3,143",100% bearish,of 2 ratings,$8
GFNSL,$25.72,1441380086143,367,Not yet rated,NULL,N/A
GFNCP,NULL,1441380086169,0,Not yet rated,NULL,N/A
GNMK,$9.53,1441380086297,"14,279",67% bullish,of 6 ratings,$14
GNCA,$10.97,1441380086329,"36,637",100% bearish,of 1 rating,$20
GENE,$2.2999,1441380086350,"18,484",100% bullish,of 12 ratings,N/A
GHDX,$25.55,1441380086437,"10,640",50% bullish,of 2 ratings,$30
GNTX,$15.81,1441380086513,"788,252",Not yet rated,NULL,$20
THRM,$44.81,1441380086568,"29,470",75% bearish,of 4 ratings,$55.50
GTWN,$17.85,1441380086669,277,Not yet rated,NULL,N/A
GEOS,$16.69,1441380086713,"18,040",100% bearish,of 3 ratings,$21
GNVC,$2.47,1441380086740,"1,119",90% bullish,of 10 ratings,$8.50
GERN,$3.35,1441380087109,"912,888",88% bullish,of 17 ratings,$5.25
ROCK,$16.24,1441380087141,"27,285",80% bullish,of 5 ratings,$24
GEVO,$2.24,1441380087172,"96,570",75% bullish,of 12 ratings,$5
GABC,$28.75,1441380087197,"1,972",Not yet rated,NULL,$31.50
GIII,$70.63,1441380087224,"80,338",67% bullish,of 3 ratings,$79
GIGA,$1.31,1441380087254,"122,838",100% bearish,of 1 rating,N/A
GIGM,$0.53,1441380087283,"2,900",100% bullish,of 2 ratings,N/A
GILT,$4.17,1441380087390,"1,800",50% bullish,of 2 ratings,N/A
GILD,$102.159,1441380087556,"2,122,076",91% bullish,of 88 ratings,$129
GLAD,$8.739,1441380087606,"19,206",50% bullish,of 2 ratings,$8.75
GBCI,$25.71,1441380087636,"19,352",50% bullish,of 2 ratings,$31
GOOD,$13.96,1441380087739,"15,974",Not yet rated,NULL,$19
GLADO,$25.58,1441380087768,100,Not yet rated,NULL,N/A
GOODN,$25.61,1441380087793,200,Not yet rated,NULL,N/A
GOODO,NULL,1441380087870,0,Not yet rated,NULL,N/A
GAIN,$7.44,1441380087997,"16,499",100% bullish,of 2 ratings,$8.25
GAINN,$25.2,1441380088022,"40,510",Not yet rated,NULL,N/A
GAINO,NULL,1441380088048,0,Not yet rated,NULL,N/A
GOODP,NULL,1441380088102,0,Not yet rated,NULL,N/A
GAINP,$25.5944,1441380088175,"2,806",Not yet rated,NULL,N/A
GLBZ,NULL,1441380088243,0,Not yet rated,NULL,N/A
LAND,$9.05,1441380088273,"5,062",50% bullish,of 2 ratings,$13.75
GBT,$52.29,1441380088523,"11,307",100% bearish,of 1 rating,N/A
ENT,$11.05,1441380088551,"41,603",100% bearish,of 1 rating,$18
GBLI,$26.82,1441380088599,"3,433",Not yet rated,NULL,N/A
GDEF,NULL,1441380088623,0,Not yet rated,NULL,N/A
GPACU,NULL,1441380088649,0,Not yet rated,NULL,N/A
GSOL,$8.32,1441380088680,"1,216",100% bearish,of 1 rating,N/A
ACTX,NULL,1441380088782,0,100% bullish,of 1 rating,N/A
SOCL,$17.0966,1441380088822,"9,016",100% bullish,of 2 ratings,N/A
QQQC,$18.478,1441380088975,"1,305",100% bearish,of 1 rating,N/A
GAI,$6.16,1441380089032,"2,814",50% bullish,of 2 ratings,N/A
ALTY,NULL,1441380089056,0,Not yet rated,NULL,N/A
SRET,$12.9,1441380089084,151,Not yet rated,NULL,N/A
YLCO,NULL,1441380089133,0,Not yet rated,NULL,N/A
GSM,$13.785,1441380089236,"92,786",50% bullish,of 2 ratings,$22
GBIM,$2.71,1441380089406,"13,769",50% bullish,of 2 ratings,N/A
GLYC,$7,1441380089540,"1,500",50% bullish,of 2 ratings,$14
GLBS,NULL,1441380089574,0,67% bullish,of 3 ratings,N/A
GLRI,$1.05,1441380089597,"16,000",100% bearish,of 1 rating,$4.25
GLUU,$4.395,1441380089618,"183,751",92% bullish,of 26 ratings,$9
GLNG,$38.4799,1441380089672,"212,350",83% bullish,of 6 ratings,$55.50
GOGO,$15.71,1441380089700,"112,994",80% bullish,of 5 ratings,$25
GLDC,$4.0393,1441380089800,322,50% bullish,of 2 ratings,N/A
GMLP,$20.77,1441380089848,"17,165",50% bullish,of 4 ratings,$29
GOGL,$2.955,1441380089949,"114,021",75% bullish,of 4 ratings,$5
GDEN,NULL,1441380089977,0,50% bullish,of 2 ratings,N/A
GBDC,$17.03,1441380090055,"30,767",Not yet rated,NULL,$17.75
GTIM,$6.6401,1441380090123,"2,026",Not yet rated,NULL,$11.50
GOOG,$597.69,1441380090256,"325,008",86% bullish,of 74 ratings,$787.50
GOOGL,$627.87,1441380090305,"335,388",88% bullish,of 1082 ratings,$749
GPRO,$38.4801,1441380090330,"3,977,542",78% bullish,of 59 ratings,$72
GPIA,NULL,1441380090357,0,100% bearish,of 1 rating,N/A
GMAN,$3.7,1441380090486,"4,967",60% bullish,of 5 ratings,$8.50
GPIAU,NULL,1441380090521,0,Not yet rated,NULL,N/A
GPIAW,NULL,1441380090624,0,Not yet rated,NULL,N/A
LOPE,$37.16,1441380090654,"32,449",100% bearish,of 2 ratings,$50
GRVY,NULL,1441380090702,0,50% bullish,of 2 ratings,N/A
GBSN,$0.179,1441380090727,"3,541,841",50% bullish,of 2 ratings,$8.25
GBSNU,NULL,1441380090749,0,NULL,NULL,NULL
GLDD,$5.41,1441380090915,"13,610",100% bearish,of 4 ratings,$7.75
GSBC,$40.38,1441380090944,"2,876",100% bullish,of 1 rating,$44
GNBC,$11.49,1441380091021,"1,268",100% bearish,of 1 rating,$16.50
GPRE,$19.73,1441380091152,"87,371",67% bullish,of 6 ratings,$28.50
GPP,$14.276,1441380091179,600,Not yet rated,NULL,$20.50
GRBK,$11.65,1441380091212,"28,778",77% bullish,of 13 ratings,N/A
GLRE,$24.27,1441380091318,"50,050",50% bullish,of 2 ratings,$34
GRIF,$32,1441380091343,"44,001",100% bearish,of 1 rating,N/A
GCBC,NULL,1441380091370,0,100% bullish,of 1 rating,N/A
GRPN,$4.295,1441380091506,"2,333,028",61% bullish,of 71 ratings,$6.75
GRFS,$30.8,1441380091671,"293,504",50% bullish,of 2 ratings,$35
OMAB,$41.3,1441380091698,"10,532",100% bullish,of 1 rating,$44
GGAL,$19.17,1441380091725,"16,101",80% bullish,of 5 ratings,$40
GSIT,$4.65,1441380091758,600,100% bearish,of 1 rating,N/A
GSIG,$13.02,1441380091783,"10,968",100% bearish,of 2 ratings,N/A
GTXI,$0.874,1441380091855,"26,124",100% bullish,of 5 ratings,$.75
GSVC,$8.873,1441380091998,"5,227",50% bullish,of 2 ratings,$15.75
GBNK,$15.71,1441380092080,"5,274",100% bearish,of 1 rating,$18
GULTU,$0.337,1441380092152,"4,000",100% bearish,of 1 rating,N/A
GFED,NULL,1441380092181,0,Not yet rated,NULL,$17
GUID,$6.71,1441380092254,"5,445",100% bearish,of 3 ratings,$10
GIFI,$12.13,1441380092280,"14,671",100% bearish,of 1 rating,$16
GURE,$1.71,1441380092335,"1,900",88% bullish,of 8 ratings,N/A
GWGH,$7.7,1441380092517,7,100% bearish,of 1 rating,$15.05
GYRO,$30.51,1441380092592,970,100% bearish,of 1 rating,N/A
GWPH,$101.78,1441380092621,"37,599",78% bullish,of 9 ratings,$148.50
HEES,$18.61,1441380092653,"71,667",67% bearish,of 3 ratings,$31
GPOR,$32.99,1441380092675,"226,854",75% bullish,of 4 ratings,$54
HLG,NULL,1441380092721,0,100% bearish,of 1 rating,N/A
HALL,$11.2701,1441380092812,"3,204",Not yet rated,NULL,N/A
HNRG,$7.24,1441380092838,"24,588",100% bearish,of 1 rating,$10
HALO,$17.07,1441380093071,"180,873",67% bullish,of 3 ratings,$22.50
HBHC,$27.31,1441380093175,"114,239",50% bullish,of 2 ratings,$30
HBK,NULL,1441380093202,0,50% bullish,of 2 ratings,N/A
HNH,$26.09,1441380093261,"4,577",100% bullish,of 1 rating,N/A
HBHCL,$24.39,1441380093331,"2,913",Not yet rated,NULL,N/A
HAFC,$23.71,1441380093357,"11,135",100% bullish,of 2 ratings,$28.50
HNSN,$0.5375,1441380093382,"26,400",88% bullish,of 8 ratings,$.40
HMPR,$1.86,1441380093413,"5,652",100% bullish,of 1 rating,N/A
HQCL,$12.64,1441380093640,"4,794",67% bullish,of 3 ratings,$14
HLIT,$5.7,1441380093667,"41,370",100% bearish,of 1 rating,$6.50
HRMNU,NULL,1441380093700,0,Not yet rated,NULL,N/A
HDNG,$10.22,1441380093728,934,50% bullish,of 4 ratings,N/A
HRMNW,NULL,1441380093752,0,Not yet rated,NULL,N/A
HRMN,NULL,1441380093798,0,Not yet rated,NULL,N/A
TINY,$2.47,1441380093931,"11,401",50% bullish,of 2 ratings,$5.26
HART,$1.3303,1441380094063,"46,487",100% bearish,of 1 rating,N/A
HBIO,$4.417,1441380094246,"9,325",100% bearish,of 1 rating,$10
HA,$23.86,1441380094285,"98,668",67% bullish,of 9 ratings,$27
HCAPL,$25.11,1441380094311,"3,800",Not yet rated,NULL,N/A
HCAP,$12.0506,1441380094332,"2,280",50% bullish,of 2 ratings,$15
HAS,$76.2,1441380094362,"180,595",63% bullish,of 8 ratings,$84.50
HWBK,NULL,1441380094494,0,100% bearish,of 1 rating,N/A
HCOM,$21.36,1441380094524,"1,031",100% bearish,of 1 rating,$28
HAYN,$37.73,1441380094623,"3,816",100% bearish,of 1 rating,$59
HWKN,$37.8,1441380094651,"3,603",Not yet rated,NULL,N/A
HDS,$32.34,1441380094683,"257,246",100% bearish,of 2 ratings,$39.50
HIIQ,$4.7228,1441380094709,300,50% bullish,of 2 ratings,$7
HCSG,$32.68,1441380094780,"19,717",50% bullish,of 4 ratings,$35
HQY,$29.655,1441380094835,"28,642",67% bullish,of 3 ratings,$35
HSTM,$24.34,1441380094939,"9,691",50% bullish,of 2 ratings,$33.75
HTLF,$35.27,1441380095168,"9,167",100% bullish,of 1 rating,$39.50
HWAY,$11.645,1441380095205,"63,957",100% bearish,of 1 rating,$15
HTWR,$65.07,1441380095235,"83,130",50% bullish,of 2 ratings,$102.50
HTLD,$20.34,1441380095269,"46,080",Not yet rated,NULL,$22.50
HSII,$19.96,1441380095334,"4,242",100% bullish,of 3 ratings,$25
HELE,$83.36,1441380095385,"20,183",67% bearish,of 3 ratings,$100
HTBX,$3.61,1441380095412,"29,271",50% bullish,of 2 ratings,$15.50
HMNY,NULL,1441380095439,0,100% bearish,of 1 rating,N/A
HNNA,$24.6,1441380095701,530,Not yet rated,NULL,N/A
HMTV,$13.38,1441380095731,600,100% bearish,of 1 rating,$16
HCACU,$9.98,1441380095751,"2,790",Not yet rated,NULL,N/A
HERO,NULL,1441380095770,0,NULL,NULL,NULL
HSIC,$133.79,1441380095802,"33,343",83% bullish,of 6 ratings,$146
HTBK,$10.3301,1441380095931,"5,625",Not yet rated,NULL,$12
HFWA,$17.79,1441380096018,"67,194",100% bullish,of 1 rating,$20
HCCI,$11.63,1441380096079,"1,455",100% bearish,of 1 rating,$16.50
MLHR,$27.03,1441380096115,"27,491",50% bullish,of 2 ratings,$33.50
HEOP,$7.8,1441380096208,"2,455",Not yet rated,NULL,$8.50
HRTX,$35.86,1441380096240,"165,834",57% bullish,of 7 ratings,$41
HSKA,$32.85,1441380096296,"13,078",100% bearish,of 1 rating,$38
HFFC,$15.76,1441380096341,200,Not yet rated,NULL,N/A
HIBB,$38.91,1441380096478,"27,343",100% bearish,of 1 rating,$46.50
HPJ,$2.0853,1441380096583,"15,729",75% bullish,of 4 ratings,$12.43
HIHO,$4.31,1441380096615,"9,699",Not yet rated,NULL,N/A
HIFS,$112.01,1441380096721,434,Not yet rated,NULL,N/A
HMNF,NULL,1441380096757,0,Not yet rated,NULL,N/A
HIMX,$7.2,1441380096821,"371,877",86% bullish,of 21 ratings,$8.25
HSGX,NULL,1441380096920,0,100% bearish,of 1 rating,$17
HOLI,$16.68,1441380096947,"41,688",50% bullish,of 4 ratings,$27
HMSY,$9.96,1441380096975,"107,460",67% bullish,of 3 ratings,$19.35
HOLX,$38.51,1441380097110,"391,269",50% bullish,of 4 ratings,$42
HFBL,$22,1441380097140,"3,456",Not yet rated,NULL,N/A
HOMB,$37.22,1441380097168,"17,492",Not yet rated,NULL,$42
HBCP,$24.8,1441380097194,"1,600",Not yet rated,NULL,$29
HMST,$22.23,1441380097375,"15,471",100% bullish,of 2 ratings,$27
HMIN,$24.85,1441380097400,"23,026",100% bearish,of 2 ratings,$35
AWAY,$28.1285,1441380097425,"104,150",67% bullish,of 3 ratings,$36
HKTV,$4.2,1441380097589,"88,486",100% bearish,of 1 rating,N/A
HTBI,$17.99,1441380097638,"3,162",67% bullish,of 3 ratings,$18.625
HOFT,$22.5,1441380097689,"8,380",100% bearish,of 1 rating,N/A
CETC,$0.78,1441380097777,"13,000",86% bullish,of 7 ratings,N/A
HBNC,$23.54,1441380097818,"2,450",100% bullish,of 1 rating,$27
HFBC,$11.04,1441380097849,"8,570",Not yet rated,NULL,N/A
HZNP,$29.13,1441380097951,"396,153",85% bullish,of 20 ratings,$40
HRZN,$10.21,1441380097980,"6,784",50% bullish,of 2 ratings,$14.25
HDP,$23.69,1441380098007,"76,199",67% bearish,of 3 ratings,$30.50
ZINC,$7.14,1441380098032,"74,067",100% bearish,of 1 rating,$17
HMHC,$22.53,1441380098193,"53,949",Not yet rated,NULL,$27
HWCC,$7.62,1441380098255,"13,965",100% bearish,of 1 rating,$9
HOVNP,$3.89,1441380098347,"19,370",100% bearish,of 1 rating,N/A
HBMD,$13.98,1441380098385,200,100% bearish,of 1 rating,N/A
HSNI,$59.18,1441380098410,"23,881",Not yet rated,NULL,$80
HTGM,NULL,1441380098561,0,100% bearish,of 1 rating,$19.50
HUBG,$38.21,1441380098641,"14,535",100% bearish,of 1 rating,$43
HCBK,$9.205,1441380098691,"249,892",83% bullish,of 6 ratings,$8.61
HBAN,$10.5251,1441380098719,"881,664",76% bullish,of 17 ratings,$12.29
HDSN,$3.08,1441380098749,"1,200",100% bullish,of 1 rating,$6.25
HSON,NULL,1441380098770,0,100% bearish,of 1 rating,$5
HURC,$29.28,1441380098801,"3,227",100% bearish,of 1 rating,N/A
HBANP,$1353.3,1441380099042,20,100% bearish,of 1 rating,N/A
HTCH,$1.4981,1441380099069,"5,932",100% bearish,of 1 rating,$3.50
HBP,$3.1394,1441380099090,600,100% bullish,of 1 rating,N/A
HURN,$72.69,1441380099123,"16,962",50% bullish,of 2 ratings,$80
HDRA,NULL,1441380099222,0,Not yet rated,NULL,N/A
HDRAR,NULL,1441380099251,0,Not yet rated,NULL,N/A
HDRAW,NULL,1441380099431,0,Not yet rated,NULL,N/A
HDRAU,NULL,1441380099486,0,Not yet rated,NULL,N/A
IACI,$69.23,1441380099521,"55,541",80% bullish,of 5 ratings,$90
HYGS,$8.44,1441380099549,"2,300",50% bullish,of 2 ratings,$13
IKGH,$1.6,1441380099580,500,75% bullish,of 4 ratings,N/A
IDSY,$3.8,1441380099601,"2,700",100% bearish,of 1 rating,$7
IBKC,$59.09,1441380099636,"12,035",100% bullish,of 1 rating,$70
ICAD,$3.81,1441380099781,"2,233",50% bullish,of 2 ratings,$7.25
IEP,$68.04,1441380099845,"41,209",75% bullish,of 4 ratings,$99
ICFI,$33.42,1441380100045,"3,184",50% bullish,of 2 ratings,$48.50
ICLR,$76.2478,1441380100081,"40,983",100% bearish,of 3 ratings,$85
ICON,$13.19,1441380100146,"96,022",50% bullish,of 2 ratings,$18.50
IDRA,$2.87,1441380100216,"137,256",89% bullish,of 9 ratings,$6.50
INVE,$4.48,1441380100249,"15,615",75% bullish,of 4 ratings,$4
IDXX,$72.47,1441380100270,"41,987",100% bearish,of 1 rating,$76
IPWR,$7.25,1441380100290,"3,324",100% bullish,of 1 rating,$15
ICUI,$109.86,1441380100311,"16,606",Not yet rated,NULL,$122
IRG,$4.943,1441380100455,"4,200",100% bearish,of 1 rating,$4.25
IROQ,$16.99,1441380100555,100,100% bullish,of 1 rating,N/A
DSKY,$10.54,1441380100616,"25,902",67% bullish,of 6 ratings,$11.50
KANG,$15.1192,1441380100643,"157,955",50% bullish,of 2 ratings,$23.10
IIVI,$16.501,1441380100664,"27,664",100% bearish,of 1 rating,$22
RXDX,$14.64,1441380100695,"50,245",100% bullish,of 1 rating,$20
IKAN,$2.7336,1441380100990,796,83% bullish,of 6 ratings,$5
IMDZ,$15.51,1441380101020,"14,537",100% bearish,of 1 rating,$33
IKNX,$12,1441380101050,350,100% bearish,of 1 rating,N/A
IMMR,$11.97,1441380101071,"28,543",80% bullish,of 5 ratings,$15.50
ICCC,$6.96,1441380101111,"2,952",100% bullish,of 1 rating,N/A
ILMN,$192.99,1441380101132,"124,892",80% bullish,of 5 ratings,$245
IMNP,$1.27,1441380101153,"16,517",50% bullish,of 2 ratings,$6
IMGN,$13.29,1441380101200,"202,308",75% bullish,of 4 ratings,$17.50
IMMU,$2.06,1441380101419,"102,963",86% bullish,of 7 ratings,$2
ISNS,$4.1,1441380101445,200,50% bullish,of 2 ratings,N/A
IPXL,$40.3311,1441380101466,"56,417",67% bullish,of 3 ratings,$46.50
IMMY,$7.5,1441380101640,203,100% bearish,of 1 rating,$11
SAAS,$7.1,1441380101670,"32,916",50% bullish,of 2 ratings,$15
INCY,$116.69,1441380101729,"248,278",50% bullish,of 6 ratings,$125.50
INCR,$41.993,1441380101773,"83,918",50% bullish,of 2 ratings,$53
INDB,$43.8,1441380101826,"6,282",Not yet rated,NULL,$44
IBCP,$14.015,1441380101856,"14,309",100% bullish,of 1 rating,$14.50
IDSA,$3.49,1441380101903,"1,561",Not yet rated,NULL,N/A
IBTX,$39.99,1441380101963,"1,532",100% bullish,of 2 ratings,$47.25
INFN,$21.66,1441380102037,"255,818",71% bullish,of 7 ratings,$28
INFI,$8.54,1441380102074,"68,813",50% bullish,of 4 ratings,$16.50
III,$3.7,1441380102172,"2,800",57% bullish,of 7 ratings,$6
IPCC,$74.87,1441380102197,"1,625",Not yet rated,NULL,$77.50
IFON,$1.3,1441380102362,"5,400",75% bullish,of 4 ratings,N/A
IMKTA,$50.7104,1441380102414,"4,434",100% bearish,of 1 rating,N/A
INWK,$6.86,1441380102466,"8,592",50% bullish,of 2 ratings,$10
INNL,NULL,1441380102498,0,100% bearish,of 1 rating,$16.50
IOSP,$49,1441380102595,"19,629",100% bearish,of 1 rating,N/A
INOD,$2.4,1441380102622,290,100% bearish,of 1 rating,N/A
IPHS,$46.39,1441380102650,"9,634",100% bearish,of 1 rating,$60
ISSC,$2.8099,1441380102676,"2,993",67% bearish,of 3 ratings,N/A
INGN,$51.395,1441380102810,"20,692",100% bearish,of 1 rating,$50.50
ITEK,$12.75,1441380102836,"80,609",100% bearish,of 3 ratings,$20
INO,$7.0399,1441380102862,"209,518",89% bullish,of 18 ratings,$20
INOV,$21.0135,1441380103003,"48,705",100% bearish,of 1 rating,$33
NSIT,$24.62,1441380103028,"13,519",50% bullish,of 2 ratings,N/A
ISIG,$2.64,1441380103096,"4,871",100% bearish,of 1 rating,N/A
PODD,$28.04,1441380103256,"36,312",67% bearish,of 3 ratings,$35
INSY,$34.55,1441380103282,"114,781",75% bullish,of 4 ratings,$48
NTEC,$5.56,1441380103303,"1,700",100% bearish,of 1 rating,N/A
INSM,$23.94,1441380103336,"52,468",71% bullish,of 7 ratings,$31.50
IIIN,$16.89,1441380103363,"6,716",100% bearish,of 2 ratings,N/A
IART,$62.03,1441380103500,"52,184",100% bearish,of 2 ratings,$71.50
IDTI,$18.99,1441380103567,"215,897",60% bullish,of 5 ratings,$25
IESC,$7.11,1441380103594,100,100% bearish,of 1 rating,N/A
INTC,$28.55,1441380103648,"5,462,221",82% bullish,of 238 ratings,$36
ISSI,$21.78,1441380103723,"20,972",67% bullish,of 3 ratings,$19.75
IQNT,$18.57,1441380103750,"35,238",86% bullish,of 7 ratings,$20
IPCI,$2.21,1441380103794,"2,000",67% bullish,of 6 ratings,$8
IPAR,$24.41,1441380103892,"7,686",67% bullish,of 3 ratings,$38
ICPT,$186.875,1441380103998,"14,074",70% bullish,of 10 ratings,$359.50
IBKR,$37.18,1441380104047,"77,915",100% bullish,of 1 rating,N/A
ININ,$35.34,1441380104092,"6,982",67% bearish,of 3 ratings,$57
ICLD,$2.03,1441380104125,"708,209",75% bullish,of 4 ratings,N/A
ICLDW,NULL,1441380104149,0,100% bearish,of 1 rating,N/A
IDCC,$48.44,1441380104225,"28,085",80% bullish,of 5 ratings,$63
TILE,$24.275,1441380104359,"45,283",100% bearish,of 3 ratings,$27
IMI,$1.93,1441380104405,"4,627",67% bullish,of 3 ratings,$2.22
INAP,$9.16,1441380104495,"52,235",75% bullish,of 4 ratings,$11
IBOC,$24.57,1441380104585,"11,908",100% bearish,of 1 rating,N/A
ISCA,$32.39,1441380104611,"9,009",100% bearish,of 1 rating,N/A
IGLD,$7.3,1441380104643,100,50% bullish,of 2 ratings,N/A
IIJI,NULL,1441380104668,0,50% bullish,of 2 ratings,$12.50
PTNT,$2.91,1441380104752,300,Not yet rated,NULL,N/A
INPH,$0.3096,1441380104826,"3,100",50% bullish,of 2 ratings,N/A
XENT,$25.21,1441380104954,"8,792",50% bullish,of 2 ratings,$36.50
INTX,$2,1441380105043,900,67% bullish,of 3 ratings,N/A
IVAC,$4.61,1441380105102,"2,700",100% bearish,of 1 rating,$6.625
ISIL,$10.42,1441380105130,"258,189",50% bullish,of 6 ratings,$15
IILG,$19.55,1441380105156,"14,100",100% bearish,of 1 rating,$29
INTL,$25.8,1441380105265,"16,186",67% bearish,of 3 ratings,N/A
INTLL,$26.1,1441380105363,115,Not yet rated,NULL,N/A
ITCI,$26.66,1441380105391,"81,028",75% bearish,of 4 ratings,$40
IIN,NULL,1441380105525,0,100% bearish,of 1 rating,$12
INVT,$0.3105,1441380105628,"63,440",67% bullish,of 3 ratings,N/A
INTU,$85.54,1441380105656,"287,660",86% bullish,of 7 ratings,$107.50
ISRG,$509,1441380105681,"22,673",67% bullish,of 3 ratings,$600
SNAK,$8.36,1441380105706,"13,573",50% bullish,of 2 ratings,$14
ITIC,$70.01,1441380105845,202,100% bearish,of 2 ratings,N/A
ISBC,$11.66,1441380105874,"570,805",100% bullish,of 1 rating,$13.25
ISTR,$15.73,1441380105899,204,100% bearish,of 1 rating,$18.50
NVIV,$9.465,1441380105947,"23,828",50% bullish,of 4 ratings,$24.50
IVTY,$13.809,1441380106078,"7,701",Not yet rated,NULL,$18
IPAS,$1.06,1441380106186,"11,103",67% bullish,of 3 ratings,N/A
DFVL,$66.28,1441380106212,600,Not yet rated,NULL,N/A
DTUL,$64.7,1441380106291,802,Not yet rated,NULL,N/A
IPCM,$79.17,1441380106360,"40,331",50% bullish,of 2 ratings,$80.125
IPGP,$81.59,1441380106419,"46,192",67% bearish,of 3 ratings,$109.50
IRMD,$23.7,1441380106518,"1,018",67% bearish,of 3 ratings,$25
IRDM,$6.9199,1441380106571,"109,146",60% bullish,of 5 ratings,$11.50
IRDMB,$269.01,1441380106596,100,67% bearish,of 3 ratings,N/A
IRIX,$6.8,1441380106669,"1,674",100% bearish,of 1 rating,N/A
IRBT,$29.85,1441380106698,"37,065",67% bullish,of 6 ratings,$37
IRWD,$10.92,1441380106856,"219,225",100% bearish,of 1 rating,$13
IRCP,NULL,1441380106888,0,100% bullish,of 2 ratings,N/A
COMT,$33.07,1441380106909,"1,690",100% bearish,of 1 rating,N/A
GNMA,$50.22,1441380106930,10,Not yet rated,NULL,N/A
IFAS,NULL,1441380106985,0,NULL,NULL,NULL
FCHI,NULL,1441380107088,0,NULL,NULL,NULL
IFNA,NULL,1441380107152,0,NULL,NULL,NULL
ACWX,$39.228,1441380107279,"78,406",100% bearish,of 1 rating,N/A
IFEU,$37.27,1441380107343,"2,794",Not yet rated,NULL,N/A
IFGL,$27.4272,1441380107384,"13,349",Not yet rated,NULL,N/A
ACWI,$54.12,1441380107414,"162,435",Not yet rated,NULL,N/A
AXJS,NULL,1441380107433,0,NULL,NULL,NULL
AAXJ,$51.23,1441380107465,"157,732",Not yet rated,NULL,N/A
AAIT,NULL,1441380107510,0,NULL,NULL,NULL
EMDI,NULL,1441380107679,0,NULL,NULL,NULL
EMEY,NULL,1441380107724,0,NULL,NULL,NULL
EEMA,$48.39,1441380107755,"33,084",Not yet rated,NULL,N/A
EGRW,NULL,1441380107773,0,NULL,NULL,NULL
EEML,NULL,1441380107807,0,Not yet rated,NULL,N/A
EEME,NULL,1441380107853,0,NULL,NULL,NULL
EVAL,NULL,1441380107901,0,NULL,NULL,NULL
EUFN,$20.89,1441380108069,"43,466",100% bearish,of 1 rating,N/A
IEUS,$44.69,1441380108194,515,100% bearish,of 1 rating,N/A
QAT,NULL,1441380108223,0,Not yet rated,NULL,N/A
IBB,$337.15,1441380108251,"386,253",63% bullish,of 8 ratings,N/A
UAE,$17.61,1441380108331,300,Not yet rated,NULL,N/A
SOXX,$81.95,1441380108386,"85,298",50% bullish,of 2 ratings,N/A
WOOD,$47.2,1441380108413,100,50% bullish,of 2 ratings,N/A
EMIF,$27.7599,1441380108469,605,Not yet rated,NULL,N/A
ICLN,$9.13,1441380108603,"5,542",50% bullish,of 2 ratings,N/A
INDY,$26.1097,1441380108670,"58,544",50% bullish,of 2 ratings,N/A
ISIS,$51.6301,1441380108745,"178,251",53% bullish,of 15 ratings,$67
IGOV,$91.04,1441380108771,"23,106",100% bearish,of 1 rating,N/A
ISHG,$79.3413,1441380108905,"19,020",100% bearish,of 1 rating,N/A
ISRL,$122.2,1441380108939,72,100% bearish,of 1 rating,N/A
ISLE,$18.9,1441380109043,"64,768",50% bullish,of 4 ratings,$17
ITRI,$29.07,1441380109076,"26,237",100% bearish,of 1 rating,$37
ITUS,$3.9889,1441380109173,"1,200",Not yet rated,NULL,N/A
ITRN,$23.01,1441380109199,"1,195",50% bullish,of 2 ratings,N/A
XXIA,$15.1,1441380109228,"65,857",71% bullish,of 7 ratings,$14.625
IXYS,$11.33,1441380109250,"11,523",50% bullish,of 4 ratings,N/A
JJSF,$115.77,1441380109381,"5,583",100% bearish,of 1 rating,N/A
MAYS,NULL,1441380109482,0,Not yet rated,NULL,N/A
JBHT,$74.91,1441380109509,"415,189",50% bullish,of 4 ratings,$89.50
JASO,$8.01,1441380109589,"55,999",82% bullish,of 17 ratings,$10
JKHY,$66.9,1441380109636,"24,639",67% bearish,of 3 ratings,$72
JCOM,$66.995,1441380109694,"14,720",100% bullish,of 2 ratings,$77
JACK,$78.6,1441380109726,"48,696",71% bullish,of 7 ratings,$105
JXSB,$24.23,1441380109828,100,Not yet rated,NULL,N/A
JAXB,NULL,1441380109958,0,100% bullish,of 1 rating,N/A
JAKK,$9.69,1441380109986,"93,566",60% bearish,of 5 ratings,$11
JMBA,$14.26,1441380110008,"20,323",75% bullish,of 4 ratings,$18
JAGX,$3.25,1441380110038,520,Not yet rated,NULL,$10.50
JRVR,$27.67,1441380110140,"9,947",Not yet rated,NULL,$32
JASNW,NULL,1441380110214,0,50% bullish,of 2 ratings,N/A
ERW,NULL,1441380110240,0,Not yet rated,NULL,N/A
JASN,$4.8229,1441380110261,754,50% bullish,of 2 ratings,$9.50
JBLU,$23.72,1441380110442,"1,523,505",94% bullish,of 18 ratings,$27
JAZZ,$162.88,1441380110472,"76,272",80% bullish,of 15 ratings,$206.50
JD,$23.9,1441380110493,"1,431,940",75% bullish,of 16 ratings,$36
JTPY,$3,1441380110629,367,100% bearish,of 1 rating,N/A
JCTCF,NULL,1441380110726,0,100% bullish,of 1 rating,N/A
JST,$3.59,1441380110751,"4,562",75% bullish,of 4 ratings,N/A
DATE,$6.07,1441380110814,"21,530",75% bullish,of 4 ratings,$9
WYIGU,NULL,1441380110943,0,100% bearish,of 1 rating,N/A
JIVE,$4.61,1441380110968,"30,911",75% bullish,of 4 ratings,$5
JBSS,$50.74,1441380111033,"11,842",67% bearish,of 3 ratings,N/A
JOUT,$23.7,1441380111114,346,100% bearish,of 1 rating,$34
JOEZ,$0.17,1441380111144,"51,452",92% bullish,of 12 ratings,N/A
JNP,$13.23,1441380111165,"37,060",100% bullish,of 3 ratings,$15
JUNO,$34.73,1441380111295,"135,125",73% bullish,of 11 ratings,$67
KALU,$81.925,1441380111324,"14,546",67% bearish,of 3 ratings,$91
KTWO,$20.695,1441380111350,"5,630",100% bearish,of 1 rating,$28.50
KBIO,$4.6238,1441380111479,"5,421,797",50% bullish,of 4 ratings,N/A
KNDI,$6.23,1441380111504,"58,888",86% bullish,of 22 ratings,N/A
KMDA,NULL,1441380111583,0,50% bullish,of 2 ratings,$8
KCLI,$46.402,1441380111644,"6,480",Not yet rated,NULL,N/A
KPTI,$14.2255,1441380111712,"61,342",67% bearish,of 3 ratings,$39
KELYA,$14.2394,1441380111798,"5,520",67% bullish,of 6 ratings,$20
KCAP,$4.66,1441380111842,"15,048",75% bullish,of 4 ratings,$6
KBSF,NULL,1441380111870,0,100% bullish,of 1 rating,N/A
KRNY,$11.315,1441380111974,"55,461",100% bearish,of 1 rating,$12.50
KELYB,NULL,1441380112006,0,50% bullish,of 2 ratings,N/A
KMPH,$20.76,1441380112038,"2,640",100% bearish,of 2 ratings,$22
KERX,$4.705,1441380112113,"1,800,675",82% bullish,of 11 ratings,$12
KFFB,NULL,1441380112219,0,100% bearish,of 1 rating,N/A
GMCR,$57.68,1441380112248,"294,242",71% bullish,of 42 ratings,$64
KTCC,$10.1216,1441380112520,668,100% bearish,of 1 rating,$16
KFRC,$26.9599,1441380112545,"13,168",100% bullish,of 2 ratings,$29
KE,$11.27,1441380112573,"2,613",67% bearish,of 3 ratings,$16
KTEC,NULL,1441380112594,0,Not yet rated,NULL,N/A
KEQU,NULL,1441380112725,0,100% bullish,of 1 rating,N/A
KBAL,$10.5,1441380112776,"12,706",50% bullish,of 2 ratings,N/A
KIN,$5.98,1441380112807,"2,329",50% bullish,of 2 ratings,$6.25
KINS,$8.7701,1441380112861,"4,655",100% bullish,of 1 rating,N/A
KGJI,$0.6647,1441380112903,"4,200",89% bullish,of 9 ratings,N/A
KONE,$4.1899,1441380112935,"3,100",Not yet rated,NULL,N/A
KIRK,$22.5247,1441380112963,"10,552",50% bullish,of 2 ratings,$32
KLAC,$48.03,1441380113128,"245,934",100% bearish,of 1 rating,$61.50
KITE,$53.27,1441380113153,"168,617",89% bullish,of 9 ratings,$83
KLXI,$37.985,1441380113366,"43,816",100% bearish,of 1 rating,$48.50
KZ,$6.48,1441380113399,"4,148",60% bearish,of 5 ratings,N/A
KONA,$18.38,1441380113426,"8,187",50% bullish,of 2 ratings,$28
KRNT,$11.8513,1441380113498,"1,446",50% bullish,of 2 ratings,$18
