Symbol,Price,Date,Volume,Rating,RatingVoteCount,OneYearEstimate
TFSC,NULL,1439821202740,0,100% bearish,of 1 rating,N/A
TFSCR,NULL,1439821202782,0,Not yet rated,NULL,N/A
TFSCU,NULL,1439821202809,0,Not yet rated,NULL,N/A
FLWS,$9.5,1439821202872,"13,389",100% bullish,of 5 ratings,$15
FCTY,NULL,1439821202899,0,100% bullish,of 1 rating,$8.50
PIH,$7.55,1439821202921,400,100% bearish,of 1 rating,N/A
FCCY,NULL,1439821202942,0,100% bullish,of 1 rating,$13
TFSCW,NULL,1439821202974,0,100% bearish,of 1 rating,N/A
VNET,$21.15,1439821203114,"165,593",60% bullish,of 5 ratings,$29.50
DGLD,$84.78,1439821203176,894,100% bullish,of 1 rating,N/A
TWOU,$36,1439821203245,"159,736",50% bullish,of 2 ratings,$39
USLV,$14.8,1439821203306,"51,089",86% bullish,of 7 ratings,N/A
JOBS,$28.41,1439821203332,"6,903",50% bullish,of 4 ratings,$36
SRCE,$30.78,1439821203361,"1,165",100% bullish,of 3 ratings,$33
DSLV,$61.84,1439821203413,"1,479",100% bearish,of 1 rating,N/A
UGLD,$8.9779,1439821203494,"25,745",100% bearish,of 1 rating,N/A
CAFD,$15.72,1439821203783,"21,541",Not yet rated,NULL,$25
EGHT,$8.55,1439821203809,"28,053",82% bullish,of 17 ratings,$11
AVHI,$14.12,1439821203866,"3,202",100% bearish,of 1 rating,$19
SIXD,$3.2712,1439821203919,"21,487",Not yet rated,NULL,N/A
SHLM,$35.425,1439821203940,"10,054",100% bearish,of 1 rating,$50
AAON,$22.97,1439821203999,"10,592",100% bearish,of 1 rating,$24
ABAX,$48.27,1439821204092,"8,171",100% bearish,of 1 rating,$60
ABY,$22.1,1439821204146,"36,806",100% bearish,of 2 ratings,$46
ABEO,$5.25,1439821204179,"25,269",67% bullish,of 3 ratings,$15.50
ABGB,$5.15,1439821204218,"6,304",67% bullish,of 3 ratings,$5.50
ABEOW,$2.1,1439821204325,"1,100",100% bullish,of 1 rating,N/A
AXAS,$1.84,1439821204434,"72,789",78% bullish,of 9 ratings,$3.50
ABMD,$105.72,1439821204492,"69,306",75% bullish,of 4 ratings,$86
ACTG,$8.63,1439821204517,"16,190",67% bullish,of 3 ratings,$18.50
ACAD,$38.13,1439821204745,"83,330",85% bullish,of 20 ratings,$48
ACHC,$80.8,1439821204777,"71,423",50% bullish,of 2 ratings,$92
AXDX,$19.41,1439821204876,"35,626",100% bearish,of 1 rating,N/A
ANCX,$19.09,1439821204907,"4,041",Not yet rated,NULL,$19
ARAY,$6.14,1439821204929,"67,156",100% bearish,of 1 rating,$10.50
XLRN,$30.694,1439821205007,"14,594",50% bullish,of 2 ratings,$57
ACST,$0.4,1439821205059,"6,804",100% bullish,of 2 ratings,N/A
VXUP,$17.3199,1439821205195,175,Not yet rated,NULL,N/A
ACRX,$4.53,1439821205355,"51,369",67% bearish,of 6 ratings,$5.50
ACHN,$8.1099,1439821205383,"487,502",90% bullish,of 21 ratings,$16
AKAO,$7.315,1439821205413,"40,445",75% bullish,of 4 ratings,$15
VXDN,$16.75,1439821205520,"1,210",Not yet rated,NULL,N/A
ACIW,$22.88,1439821205573,"9,663",50% bullish,of 2 ratings,$24
ACET,$25.115,1439821205653,"8,720",75% bullish,of 4 ratings,$30
ACNB,$20.22,1439821205734,100,Not yet rated,NULL,N/A
ACOR,$31.69,1439821205828,"16,361",67% bearish,of 3 ratings,$38.50
ACPW,$1.9,1439821205867,940,100% bullish,of 4 ratings,$3.50
ATVI,$28.73,1439821205896,"238,245",68% bullish,of 84 ratings,$31.50
ACTS,$1.51,1439821206051,600,100% bearish,of 1 rating,N/A
ACUR,$0.6699,1439821206078,"11,300",100% bullish,of 5 ratings,$1
ACTA,$13.61,1439821206102,"18,325",67% bearish,of 3 ratings,$25
ACXM,$21.15,1439821206266,"36,317",67% bullish,of 3 ratings,N/A
ADMP,$3.5699,1439821206293,"3,958",50% bullish,of 2 ratings,$10
ADMS,$21.94,1439821206322,"2,741",100% bearish,of 2 ratings,$36
AEY,$2.3897,1439821206458,"4,941",100% bearish,of 2 ratings,N/A
ADAP,$14.92,1439821206485,"17,155",67% bullish,of 3 ratings,$22
ADUS,$28.5,1439821206615,"2,425",100% bearish,of 1 rating,$31
ADEP,$7.337,1439821206641,"4,774",50% bullish,of 2 ratings,$10.75
ADMA,NULL,1439821206662,0,Not yet rated,NULL,$19
ADBE,$85.69,1439821206696,"159,814",65% bullish,of 17 ratings,$90
AEIS,$26.235,1439821206801,"69,737",50% bullish,of 2 ratings,$32.50
ADRO,$21.07,1439821206893,"17,683",80% bullish,of 5 ratings,$45.50
ADTN,$16.15,1439821206944,"25,132",67% bullish,of 3 ratings,$17.125
AMD,$1.825,1439821206981,"1,350,150",83% bullish,of 102 ratings,$2
ADXSW,$11.41,1439821207073,785,100% bullish,of 1 rating,N/A
MULT,NULL,1439821207101,0,100% bearish,of 1 rating,N/A
ADXS,$15.89,1439821207206,"112,263",64% bullish,of 14 ratings,$27
AEGR,$18.08,1439821207360,"49,479",50% bullish,of 6 ratings,$26
AEGN,$18.78,1439821207410,"10,509",100% bearish,of 1 rating,$21
YPRO,NULL,1439821207438,0,100% bearish,of 1 rating,N/A
AEPI,$56.94,1439821207492,"7,012",100% bearish,of 1 rating,N/A
AMTX,$3.47,1439821207519,"1,065",50% bullish,of 2 ratings,$26.11
AEHR,$2.21,1439821207598,212,50% bullish,of 2 ratings,N/A
AVAV,$25.89,1439821207654,"27,428",50% bullish,of 4 ratings,$31
AEMD,$6.8375,1439821207731,562,Not yet rated,NULL,$27.50
AEZS,$0.133,1439821207760,"1,650,331",90% bullish,of 21 ratings,$1.625
AFMD,$11.25,1439821207965,"26,130",50% bullish,of 4 ratings,$15
AFFX,$9.5,1439821208009,"86,722",80% bullish,of 5 ratings,$12
AGEN,$7.33,1439821208066,"72,368",85% bullish,of 13 ratings,$14
AERI,$15.42,1439821208092,"18,840",75% bullish,of 4 ratings,$31.50
AGRX,$8.85,1439821208252,"1,967",100% bearish,of 1 rating,$18
AGYS,$9.315,1439821208312,949,100% bearish,of 1 rating,N/A
AGFS,$11,1439821208339,"7,529",100% bearish,of 1 rating,N/A
AGIO,$91.8,1439821208366,"42,507",88% bullish,of 8 ratings,$114
AIMT,$25.68,1439821208475,"5,536",Not yet rated,NULL,N/A
AGFSW,$2.42,1439821208503,"9,500",100% bearish,of 1 rating,N/A
AIRM,$39.76,1439821208636,"22,227",80% bearish,of 5 ratings,$53
AIRT,$22.1,1439821208661,807,100% bullish,of 1 rating,N/A
AMCN,$4.88,1439821208717,"53,547",83% bullish,of 6 ratings,N/A
ATSG,$9.71,1439821208797,"11,510",67% bullish,of 3 ratings,$13
AIXG,$5.97,1439821208939,802,67% bearish,of 3 ratings,$6
AKAM,$72.9,1439821208991,"97,105",63% bullish,of 8 ratings,$77
AKER,$3.96,1439821209074,604,Not yet rated,NULL,N/A
AKRX,$43.58,1439821209117,"48,136",78% bullish,of 9 ratings,$56
AKBA,$7.08,1439821209143,"22,824",100% bearish,of 1 rating,$18
AMRI,$20.64,1439821209171,"5,510",75% bearish,of 4 ratings,$24
ALRM,$16.85,1439821209219,"2,606",100% bearish,of 1 rating,$22
ALSK,$2.05,1439821209314,"23,120",78% bullish,of 18 ratings,$2
ABDC,$12.98,1439821209380,"6,542",Not yet rated,NULL,$15
ALDR,$38.055,1439821209484,"108,016",67% bearish,of 3 ratings,$62
ADHD,$8.977,1439821209518,"47,148",50% bullish,of 4 ratings,$18
ALDX,$7.81,1439821209555,"1,665",100% bearish,of 1 rating,$14.50
ALXN,$188.58,1439821209615,"57,995",88% bullish,of 8 ratings,$223
ALXA,$1.16,1439821209640,"2,400",83% bullish,of 6 ratings,$2.125
ALCO,$42.28,1439821209783,803,50% bullish,of 2 ratings,N/A
ALIM,$3.94,1439821209868,"11,379",80% bullish,of 5 ratings,$10
ALGN,$60.715,1439821209893,"47,714",100% bearish,of 2 ratings,$73
ALGT,$235.66,1439821209971,"12,496",100% bearish,of 1 rating,$235
AIQ,$15.08,1439821210027,600,67% bullish,of 3 ratings,N/A
AFOP,$18.775,1439821210053,"6,816",75% bullish,of 8 ratings,$21
ALKS,$66.05,1439821210081,"57,283",67% bullish,of 3 ratings,$75
ALLB,NULL,1439821210106,0,Not yet rated,NULL,N/A
AHGP,$36.11,1439821210268,"3,834",67% bullish,of 3 ratings,N/A
ARLP,$25.102,1439821210326,"28,567",67% bearish,of 3 ratings,$32
AHPI,$1.45,1439821210418,700,50% bullish,of 2 ratings,N/A
AMOT,$18.09,1439821210444,"6,281",100% bearish,of 1 rating,N/A
ALLT,$5.12,1439821210474,"9,490",75% bullish,of 4 ratings,$6.25
ALQA,$4.6799,1439821210574,"14,403",75% bullish,of 4 ratings,$8.50
MDRX,$14.02,1439821210658,"327,002",60% bullish,of 5 ratings,$16
ALNY,$108.08,1439821210710,"45,106",67% bullish,of 3 ratings,$148.50
AFAM,$48.1144,1439821210759,"2,096",50% bullish,of 2 ratings,$44
AOSL,$7.45,1439821210809,744,67% bullish,of 3 ratings,$9
ALTR,$49.2,1439821210904,"165,946",80% bearish,of 5 ratings,$54
ATEC,$0.6701,1439821210969,181,100% bullish,of 1 rating,$2
SMCP,NULL,1439821211038,0,Not yet rated,NULL,N/A
AIMC,$26.33,1439821211200,"9,966",100% bearish,of 1 rating,$28.50
AMAG,$62.29,1439821211244,"62,757",100% bullish,of 2 ratings,$75
ASPS,$29.8675,1439821211274,"11,737",67% bullish,of 3 ratings,$46.50
AMRN,$2.3451,1439821211301,"177,317",85% bullish,of 39 ratings,$8
AMZN,$529.705,1439821211329,"309,922",81% bullish,of 261 ratings,$646
AYA,$22.854,1439821211378,"3,896",100% bearish,of 1 rating,$40
AMBCW,NULL,1439821211677,0,100% bearish,of 1 rating,N/A
AMBC,$16.72,1439821211703,"29,514",100% bearish,of 1 rating,$16.50
AMBA,$107.35,1439821211752,"185,563",83% bullish,of 12 ratings,$102.50
EPAX,$2.66,1439821211855,"74,007",100% bearish,of 1 rating,N/A
DOX,$60.26,1439821212107,"26,287",100% bullish,of 2 ratings,$60
AMED,$45.07,1439821212133,"13,197",100% bearish,of 1 rating,$42
AMDA,$0.5022,1439821212162,"394,775",90% bullish,of 10 ratings,$1
ASBI,NULL,1439821212208,0,Not yet rated,NULL,N/A
UHAL,$384.61,1439821212265,"5,041",100% bullish,of 2 ratings,$393.50
ATAX,$5.31,1439821212293,"6,706",100% bullish,of 1 rating,$6.50
AMOV,$18.4,1439821212472,100,100% bearish,of 1 rating,N/A
AAL,$43.275,1439821212522,"755,795",93% bullish,of 87 ratings,$57
AGNC,$19.89,1439821212602,"670,778",75% bullish,of 28 ratings,$22
AGNCB,$24.23,1439821212651,800,Not yet rated,NULL,N/A
AGNCP,$25.216,1439821212845,200,Not yet rated,NULL,N/A
MTGE,$15.84,1439821212873,"73,585",75% bullish,of 4 ratings,$19.50
ACSF,$12.79,1439821213018,"9,005",100% bearish,of 1 rating,$15
ACAS,$14.37,1439821213048,"128,931",60% bullish,of 5 ratings,$16.75
ANCI,$1.7,1439821213069,700,100% bearish,of 1 rating,N/A
MTGEP,NULL,1439821213097,0,Not yet rated,NULL,N/A
AETI,NULL,1439821213248,0,67% bearish,of 3 ratings,N/A
ANAT,$103.68,1439821213496,346,100% bullish,of 1 rating,N/A
AMIC,$10.1,1439821213522,236,Not yet rated,NULL,N/A
AMNB,$23.35,1439821213599,700,Not yet rated,NULL,$25.50
ARII,$40.18,1439821213668,"39,391",67% bearish,of 3 ratings,$45
APEI,$22.13,1439821213732,"13,916",100% bearish,of 1 rating,$29
AMRB,$10.1,1439821213957,"1,116",Not yet rated,NULL,$11
ASEI,$39.42,1439821213984,"6,355",100% bearish,of 1 rating,$52.50
CRMT,$45.9,1439821214115,600,100% bearish,of 1 rating,$49
AMSWA,$9.29,1439821214145,222,100% bearish,of 2 ratings,$10.75
AMWD,$65.61,1439821214170,"9,539",50% bullish,of 2 ratings,$58
AMSC,$4.1136,1439821214192,"5,350",50% bullish,of 4 ratings,N/A
AMRK,$10.3,1439821214232,"1,002",50% bullish,of 2 ratings,$14
ABCB,$28.43,1439821214330,"25,749",Not yet rated,NULL,$30.50
AMSF,$50.56,1439821214359,"3,871",Not yet rated,NULL,$57.50
ASRV,$3.3,1439821214514,"3,301",100% bullish,of 2 ratings,N/A
AMCX,$75.17,1439821214540,"63,510",67% bullish,of 3 ratings,$85.50
ASRVP,NULL,1439821214566,0,Not yet rated,NULL,N/A
ATLO,$23.78,1439821214695,"1,912",Not yet rated,NULL,N/A
FOLD,$16,1439821214798,"92,212",56% bullish,of 9 ratings,$21
AMPH,$14.47,1439821214823,"36,796",50% bullish,of 2 ratings,$20
AMKR,$4.465,1439821214884,"61,997",100% bearish,of 2 ratings,$5
AMGN,$168.51,1439821214917,"244,887",89% bullish,of 19 ratings,$185
AMSG,$84.64,1439821214967,"27,087",100% bearish,of 1 rating,$85.50
AFSI,$62.55,1439821215012,"78,382",60% bullish,of 5 ratings,$72
AMSGP,NULL,1439821215045,0,Not yet rated,NULL,N/A
ASYS,$5.67,1439821215111,"11,163",67% bullish,of 3 ratings,$12
AMRS,$1.645,1439821215243,"9,526",70% bullish,of 10 ratings,N/A
ANAD,$0.32,1439821215293,"84,808",100% bullish,of 2 ratings,$.50
ADI,$58.82,1439821215444,"170,019",67% bullish,of 3 ratings,$68
ANCB,NULL,1439821215510,0,Not yet rated,NULL,$23
ANAC,$134.46,1439821215545,"47,529",80% bullish,of 5 ratings,$180.50
ALOG,$80.05,1439821215575,"10,028",100% bearish,of 2 ratings,$100.50
ABCW,$41.5,1439821215645,"1,366",67% bullish,of 3 ratings,N/A
ANGI,$4.3801,1439821215672,"41,870",64% bullish,of 11 ratings,$5.50
AMCF,NULL,1439821215698,0,100% bullish,of 7 ratings,N/A
ANGO,$14.95,1439821215876,"1,300",67% bullish,of 3 ratings,$19
ANIK,$35.67,1439821215918,"3,226",60% bullish,of 5 ratings,$51.25
ANSS,$94.98,1439821215950,"39,685",100% bearish,of 1 rating,$100
ANIP,$55.08,1439821215980,"29,460",89% bullish,of 19 ratings,$66
ANTH,$9.39,1439821216048,"103,059",80% bullish,of 10 ratings,$13
ABAC,$0.98,1439821216078,65,100% bearish,of 1 rating,N/A
ATRS,$1.885,1439821216178,"86,369",92% bullish,of 12 ratings,$4.50
ATNY,$2.41,1439821216271,"1,700",50% bullish,of 2 ratings,$3.75
APOG,$54.045,1439821216369,"22,637",100% bullish,of 1 rating,$62
APOL,$11.87,1439821216396,"77,702",87% bearish,of 68 ratings,$14
APIC,$8.18,1439821216426,"18,051",100% bearish,of 1 rating,$19
APPF,$16.41,1439821216525,699,50% bullish,of 2 ratings,$22
AAPL,$116.38,1439821216553,"5,228,351",86% bullish,of 2331 ratings,$150
AINV,$6.415,1439821216581,"1,387,019",50% bullish,of 4 ratings,$8
ARCI,$1.31,1439821216602,200,Not yet rated,NULL,N/A
APDN,$3.2009,1439821216744,"8,991",Not yet rated,NULL,$9
APDNW,$1.33,1439821216805,"4,900",Not yet rated,NULL,N/A
AMAT,$16.91,1439821216875,"1,764,933",82% bullish,of 11 ratings,$23.50
AGTC,$15.805,1439821216900,"2,128",50% bullish,of 2 ratings,$33
AAOI,$22.44,1439821217082,"43,613",50% bullish,of 4 ratings,$26
AREX,$2.68,1439821217130,"29,438",100% bearish,of 1 rating,$3
APRI,$1.1632,1439821217195,"18,865",83% bullish,of 6 ratings,$4.86
AMCC,$5.875,1439821217260,"86,110",80% bullish,of 5 ratings,$8
AUMA,$9.75,1439821217288,"99,314",Not yet rated,NULL,N/A
AQMS,$5.3015,1439821217318,"4,382",Not yet rated,NULL,N/A
APTO,$5.1,1439821217345,102,Not yet rated,NULL,$17
AQXP,$21.0085,1439821217366,"402,652",50% bullish,of 2 ratings,$2
AUMAU,NULL,1439821217533,0,Not yet rated,NULL,N/A
PETX,$16.89,1439821217629,"22,906",100% bearish,of 2 ratings,$26
ARDM,$7.4,1439821217676,400,100% bullish,of 1 rating,$26
ABUS,$8.155,1439821217727,"71,947",86% bullish,of 14 ratings,$23
ARCW,$3.33,1439821217898,"1,276",100% bearish,of 2 ratings,$10.50
AUMAW,NULL,1439821217931,0,Not yet rated,NULL,N/A
ABIO,$0.8941,1439821217953,"32,192",50% bullish,of 2 ratings,$3.75
ACGL,$73.34,1439821218051,"15,959",50% bullish,of 2 ratings,$72
ARCB,$32.45,1439821218084,"14,820",50% bullish,of 2 ratings,$39.50
ACAT,$29.96,1439821218110,"7,794",100% bearish,of 3 ratings,$33
RKDA,$4.66,1439821218158,143,100% bearish,of 2 ratings,$10
ARDX,$18.959,1439821218186,"5,960",50% bullish,of 2 ratings,$22
ARNA,$3.395,1439821218338,"136,598",90% bullish,of 77 ratings,$5.50
ARCC,$16.0449,1439821218411,"111,756",67% bearish,of 3 ratings,$17.875
AGII,$57.48,1439821218438,"32,176",Not yet rated,NULL,$58
AGIIL,$25.3,1439821218464,101,Not yet rated,NULL,N/A
ARGS,$4.4,1439821218645,"3,490",50% bullish,of 2 ratings,$19.50
ARIS,$3.36,1439821218751,127,Not yet rated,NULL,$4.50
ARIA,$7.29,1439821218783,"117,344",87% bullish,of 46 ratings,$9
ARMH,$42.8,1439821218813,"727,319",54% bearish,of 13 ratings,$61
ARWA,NULL,1439821218880,0,Not yet rated,NULL,N/A
ARTX,$1.5301,1439821218912,"19,364",88% bullish,of 16 ratings,$4.50
ARKR,NULL,1439821219009,0,50% bullish,of 2 ratings,N/A
ARWAU,NULL,1439821219041,0,100% bullish,of 1 rating,N/A
ARWAR,NULL,1439821219108,0,Not yet rated,NULL,N/A
ARWAW,NULL,1439821219240,0,Not yet rated,NULL,N/A
ARQL,$1.69,1439821219276,"5,988",75% bullish,of 4 ratings,$5
ARRS,$27.45,1439821219343,"91,186",50% bullish,of 2 ratings,$38
ARRY,$5.698,1439821219369,"70,599",100% bullish,of 7 ratings,$10
DWAT,$10.21,1439821219443,"8,406",100% bearish,of 1 rating,N/A
AROW,$27.78,1439821219621,"1,612",Not yet rated,NULL,N/A
ARTNA,$22.44,1439821219675,918,100% bearish,of 1 rating,$29
ASNA,$12.4,1439821219710,"94,138",50% bullish,of 2 ratings,$18
ARTW,$4.44,1439821219744,102,75% bearish,of 4 ratings,N/A
ARWR,$5.595,1439821219773,"180,887",75% bullish,of 4 ratings,$10.50
ASCMA,$29.14,1439821219803,"13,413",100% bearish,of 1 rating,$45
ASBB,$24.5,1439821219830,100,Not yet rated,NULL,N/A
ASND,$16.445,1439821219856,"17,005",100% bullish,of 1 rating,$30
ASTI,$0.1758,1439821220045,"664,184",83% bullish,of 6 ratings,$3
APWC,$2.09,1439821220070,20,100% bearish,of 1 rating,N/A
ASML,$91.95,1439821220200,"132,037",67% bullish,of 3 ratings,$127
ASMI,$38.94,1439821220231,300,50% bullish,of 2 ratings,N/A
AZPN,$38.86,1439821220331,"138,398",50% bullish,of 2 ratings,$42
ASMB,$13.37,1439821220357,"4,200",67% bullish,of 3 ratings,N/A
ASFI,$9.07,1439821220386,900,100% bullish,of 1 rating,N/A
ASTE,$38.24,1439821220429,"10,551",100% bearish,of 1 rating,$48
ATRO,$59.36,1439821220522,"20,794",100% bearish,of 2 ratings,$80
ALOT,NULL,1439821220557,0,100% bearish,of 1 rating,N/A
ASTC,$2.4,1439821220582,475,100% bullish,of 5 ratings,N/A
ATAI,$3.2366,1439821220655,"1,623",100% bearish,of 1 rating,N/A
ATRA,$46.89,1439821220797,"32,751",50% bullish,of 2 ratings,$68
ASUR,$5.992,1439821220825,350,Not yet rated,NULL,$8
AFCB,NULL,1439821220882,0,Not yet rated,NULL,N/A
ATHN,$138.61,1439821220907,"14,299",67% bearish,of 3 ratings,$153
ATHX,$1.18,1439821221126,"25,969",89% bullish,of 9 ratings,$5
AAPC,$10.19,1439821221156,44,Not yet rated,NULL,N/A
ATNI,$73.04,1439821221226,"17,698",100% bearish,of 1 rating,$69.50
AFH,$16.985,1439821221295,237,Not yet rated,NULL,$21.50
ACFC,$6.75,1439821221322,"55,463",Not yet rated,NULL,$6.50
AAME,NULL,1439821221353,0,Not yet rated,NULL,N/A
AAWW,$45.015,1439821221402,"24,346",50% bullish,of 2 ratings,$65
ATLC,$3.94,1439821221457,"1,900",67% bullish,of 3 ratings,N/A
ATML,$7.83,1439821221487,"340,215",78% bullish,of 9 ratings,$9.50
ATOS,$0.9501,1439821221620,"12,989",100% bullish,of 7 ratings,$7
ATRI,$398.02,1439821221727,618,Not yet rated,NULL,N/A
ATRM,NULL,1439821221806,0,50% bullish,of 2 ratings,N/A
ATRC,$26.46,1439821221833,"13,011",100% bullish,of 1 rating,$30
ATTU,$14.75,1439821221879,424,100% bearish,of 1 rating,$20.50
AUBN,NULL,1439821222059,0,Not yet rated,NULL,N/A
LIFE,$15.8,1439821222091,"23,642",86% bullish,of 7 ratings,$43
AUDC,$3.25,1439821222119,"10,801",80% bullish,of 5 ratings,$5
AUPH,$3.51,1439821222144,"5,120",100% bearish,of 1 rating,$8
ADAT,$0.1199,1439821222193,"2,659",100% bullish,of 2 ratings,N/A
EARS,$5,1439821222289,263,100% bearish,of 2 ratings,$12
ABTL,$19.85,1439821222336,"10,124",100% bullish,of 4 ratings,$20.25
ADP,$83.38,1439821222393,"136,207",100% bearish,of 1 rating,$88
ADSK,$54.78,1439821222485,"64,448",83% bullish,of 6 ratings,$69.50
AVGO,$123.13,1439821222539,"245,898",88% bullish,of 8 ratings,$160
AAVL,$10.695,1439821222620,"383,727",100% bearish,of 1 rating,$20
AVNU,NULL,1439821222673,0,Not yet rated,NULL,$14
AVEO,$2.07,1439821222857,"9,084,097",75% bullish,of 8 ratings,$3
AVNW,$1.14,1439821222879,302,50% bullish,of 2 ratings,$2.20
AVGR,$15.22,1439821222913,"2,040",100% bearish,of 1 rating,$20
AVID,$9.1,1439821222943,"23,800",100% bearish,of 1 rating,$20
CAR,$44.7,1439821222973,"169,241",80% bullish,of 5 ratings,$60
AWRE,$3.21,1439821223011,100,67% bullish,of 3 ratings,N/A
AXPW,$1.3201,1439821223046,"8,799",83% bullish,of 6 ratings,N/A
ACLS,$3.2,1439821223153,"54,272",67% bullish,of 6 ratings,$4.75
AXPWW,$1.47,1439821223329,192,Not yet rated,NULL,N/A
AXGN,$3.84,1439821223354,"4,135",Not yet rated,NULL,$5
BCOM,$19.82,1439821223380,190,100% bearish,of 1 rating,N/A
AXTI,$2.2,1439821223422,"2,810",50% bullish,of 2 ratings,$2.75
BOSC,$2.17,1439821223525,"6,076",50% bullish,of 2 ratings,N/A
RILY,$10,1439821223555,50,Not yet rated,NULL,N/A
BIDU,$166.95,1439821223581,"501,402",81% bullish,of 88 ratings,$215
BEAV,$50.85,1439821223654,"23,616",67% bearish,of 3 ratings,$59
BWINB,$23.45,1439821223718,"11,788",Not yet rated,NULL,N/A
BCPC,$60.49,1439821223748,"26,728",100% bearish,of 1 rating,$75
BWINA,NULL,1439821223777,0,Not yet rated,NULL,N/A
BANF,$63.79,1439821223905,600,Not yet rated,NULL,$68
BANFP,NULL,1439821223933,0,Not yet rated,NULL,N/A
BLDP,$1.345,1439821223959,"37,620",91% bullish,of 22 ratings,$2.50
BKMU,$7.31,1439821224109,"3,432",Not yet rated,NULL,$8
BOCH,$5.79,1439821224176,"1,728",Not yet rated,NULL,$6.50
BMRC,$48.41,1439821224243,205,Not yet rated,NULL,$52
BKSC,NULL,1439821224312,0,Not yet rated,NULL,N/A
BWFG,$18.02,1439821224381,592,100% bearish,of 1 rating,N/A
BOTJ,$11.4176,1439821224414,"1,000",Not yet rated,NULL,N/A
BANR,$47.41,1439821224439,"1,956",100% bullish,of 3 ratings,$50
OZRK,$43.35,1439821224469,"32,013",67% bullish,of 3 ratings,$49.50
BFIN,$12.22,1439821224515,600,Not yet rated,NULL,$13
BZUN,$7.7,1439821224682,"10,157",50% bullish,of 2 ratings,$13.85
TAPR,$31.2,1439821224787,26,100% bearish,of 1 rating,N/A
BHAC,NULL,1439821224808,0,Not yet rated,NULL,N/A
BHACR,NULL,1439821224866,0,Not yet rated,NULL,N/A
BHACW,NULL,1439821224894,0,Not yet rated,NULL,N/A
BBSI,$36.89,1439821224942,"6,257",67% bearish,of 3 ratings,$62.50
BHACU,NULL,1439821225023,0,Not yet rated,NULL,N/A
BYBK,NULL,1439821225155,0,100% bearish,of 1 rating,N/A
BYLK,$12.95,1439821225184,"1,100",Not yet rated,NULL,$14
BV,$5.31,1439821225211,"15,625",67% bullish,of 6 ratings,$9
BSET,$30.91,1439821225245,"19,742",100% bearish,of 1 rating,$35
BCBP,$11.7499,1439821225347,"3,585",Not yet rated,NULL,N/A
BBCN,$15.43,1439821225372,"10,407",100% bearish,of 1 rating,$16
BECN,$35.82,1439821225548,"12,089",50% bullish,of 2 ratings,$40
BDCV,$4.97,1439821225610,3,100% bearish,of 1 rating,$10.19
BSF,$9.1,1439821225638,30,Not yet rated,NULL,N/A
BBGI,$4.85,1439821225694,157,100% bearish,of 1 rating,N/A
BEBE,$1.8301,1439821225767,"1,900",75% bullish,of 4 ratings,$3.075
BBBY,$63.08,1439821225829,"193,665",71% bullish,of 7 ratings,$75
BELFA,$16.71,1439821225969,6,100% bearish,of 1 rating,N/A
BLCM,$18.85,1439821226000,"57,918",50% bullish,of 4 ratings,$40
BELFB,$20.08,1439821226021,"2,241",100% bearish,of 1 rating,N/A
BLPH,$4.0101,1439821226055,"4,480",100% bearish,of 1 rating,$12.50
BNCL,$12.82,1439821226159,"10,665",100% bullish,of 3 ratings,$12.50
BNTC,NULL,1439821226264,0,100% bullish,of 1 rating,N/A
BNFT,$39.71,1439821226291,"13,116",67% bullish,of 3 ratings,$46
BGMD,$0.8301,1439821226330,"71,251",100% bullish,of 10 ratings,N/A
BGFV,$11.17,1439821226419,"28,668",57% bullish,of 7 ratings,$12
BGCP,$9.52,1439821226526,"64,950",88% bullish,of 8 ratings,$14
BIND,$4.445,1439821226558,"4,744",67% bullish,of 3 ratings,$13.50
BIOC,$1.87,1439821226656,"69,739",83% bullish,of 6 ratings,$3.70
ORPN,$5.47,1439821226728,200,100% bullish,of 1 rating,$28.50
BASI,$1.65,1439821226766,750,Not yet rated,NULL,N/A
BCDA,NULL,1439821226794,0,Not yet rated,NULL,N/A
BCRX,$11.795,1439821226859,"39,975",63% bullish,of 8 ratings,$18
BIOD,$0.7041,1439821226888,"76,955",80% bullish,of 5 ratings,$4
BIIB,$314.34,1439821226994,"110,914",88% bullish,of 16 ratings,$400
BDSI,$6.4797,1439821227025,"171,412",88% bullish,of 8 ratings,$17
BIOL,$1.63,1439821227125,"3,653",Not yet rated,NULL,N/A
BMRN,$135.644,1439821227188,"35,036",80% bullish,of 5 ratings,$160
BLFS,$2.1055,1439821227217,877,100% bearish,of 1 rating,$4.75
BLRX,$1.5299,1439821227348,"107,091",100% bullish,of 12 ratings,$7
BVXV,$4.2799,1439821227378,"25,635",Not yet rated,NULL,N/A
BVXVW,NULL,1439821227406,0,100% bearish,of 1 rating,N/A
BPTH,$1.16,1439821227481,"6,563",100% bullish,of 2 ratings,$5
BIOS,$1.375,1439821227564,"147,363",71% bullish,of 7 ratings,$4
BBC,$32.4671,1439821227711,"1,496",Not yet rated,NULL,N/A
BBP,$33.8275,1439821227747,"8,100",Not yet rated,NULL,N/A
BSPM,$0.66,1439821227774,374,50% bullish,of 2 ratings,N/A
BSTC,$51.377,1439821227840,"11,815",100% bearish,of 1 rating,$76
BRLI,$35.28,1439821227871,"26,627",83% bullish,of 6 ratings,$32
TECH,$105.46,1439821227938,"25,100",100% bullish,of 1 rating,$117
BOTA,$2.28,1439821227967,"7,357",86% bullish,of 7 ratings,N/A
BITI,$19.18,1439821228121,"13,381",100% bullish,of 1 rating,$28
BEAT,$12.1001,1439821228153,"22,283",67% bearish,of 3 ratings,$15
BDMS,NULL,1439821228180,0,100% bearish,of 1 rating,N/A
BJRI,$46.21,1439821228259,"30,111",50% bullish,of 2 ratings,$55
BBOX,$15.87,1439821228359,"3,989",100% bearish,of 1 rating,N/A
BLKB,$62.99,1439821228494,"6,354",100% bearish,of 2 ratings,$66
BDE,$7.57,1439821228523,"10,770",50% bullish,of 2 ratings,$9
BBRY,$7.64,1439821228549,"354,885",61% bullish,of 330 ratings,$9
HAWK,$43.49,1439821228583,"40,788",90% bullish,of 10 ratings,$49
ADRD,$23.3753,1439821228654,631,100% bearish,of 1 rating,N/A
ADRA,NULL,1439821228681,0,Not yet rated,NULL,N/A
BKCC,$9.47,1439821228733,"26,810",100% bullish,of 2 ratings,$10
ADRU,$23.04,1439821228862,"1,545",100% bearish,of 1 rating,N/A
BLMN,$21.67,1439821228905,"39,024",83% bullish,of 6 ratings,$27.50
ADRE,$31.3777,1439821228942,"4,692",Not yet rated,NULL,N/A
BLBD,NULL,1439821229076,0,Not yet rated,NULL,N/A
BCOR,$13.68,1439821229102,"9,365",57% bullish,of 7 ratings,$15
BUFF,$26.66,1439821229161,"64,664",83% bullish,of 12 ratings,N/A
BBLU,$0.8906,1439821229323,"7,082",100% bullish,of 2 ratings,$4.43
NILE,$34.4,1439821229351,"25,023",50% bullish,of 2 ratings,$34
BHBK,$14.42,1439821229383,"3,400",100% bullish,of 1 rating,$14.50
BKEPP,NULL,1439821229406,0,100% bearish,of 1 rating,N/A
BLUE,$127.2,1439821229432,"111,783",86% bullish,of 7 ratings,$217.50
BKEP,$6.82,1439821229487,"8,028",100% bearish,of 1 rating,$8.50
BPMC,$26.9,1439821229570,"50,898",50% bullish,of 2 ratings,$47.50
BNCN,$21.94,1439821229629,"9,384",Not yet rated,NULL,$22
BOBE,$46.29,1439821229714,"8,296",75% bullish,of 4 ratings,$57
BOFI,$129.62,1439821229747,"15,966",100% bullish,of 6 ratings,$137.50
BOJA,$22.41,1439821229850,"73,380",100% bullish,of 1 rating,$30
WIFI,$9.05,1439821229877,"24,697",50% bullish,of 2 ratings,$13.50
BOKF,$65.48,1439821229958,"16,220",100% bearish,of 1 rating,$71
BNSO,$1.4,1439821230021,"24,299",100% bearish,of 1 rating,N/A
BONA,$12.27,1439821230090,"150,898",75% bullish,of 4 ratings,$8.50
BAMM,$3.21,1439821230112,"1,499",60% bullish,of 5 ratings,N/A
BPFH,$12.43,1439821230148,"6,966",100% bearish,of 1 rating,$14
BPFHW,$6.4,1439821230194,"1,278",100% bearish,of 1 rating,N/A
BDBD,$9.07,1439821230325,"66,251",60% bullish,of 5 ratings,$10
BPFHP,NULL,1439821230351,0,100% bearish,of 1 rating,N/A
EPAY,$25.86,1439821230421,"3,325",100% bearish,of 2 ratings,$30
BCLI,$2.85,1439821230581,"8,448",80% bullish,of 5 ratings,$12
BBEP,$2.635,1439821230609,"419,065",69% bullish,of 13 ratings,$5.625
BBRG,$12.94,1439821230641,"9,278",67% bullish,of 3 ratings,$14.50
BBEPP,$14.6199,1439821230667,"4,473",100% bearish,of 1 rating,N/A
BDGE,$28,1439821230739,428,Not yet rated,NULL,$31.75
BRID,NULL,1439821230843,0,100% bearish,of 1 rating,N/A
BLIN,$1.45,1439821230913,500,50% bullish,of 2 ratings,$2.80
BCOV,$5.49,1439821230987,"5,941",67% bullish,of 3 ratings,$10.20
BRCM,$50.9063,1439821231022,"277,067",75% bullish,of 12 ratings,$56
BWEN,$3.57,1439821231130,"2,440",100% bullish,of 3 ratings,$8
BSFT,$33.91,1439821231163,"7,247",57% bullish,of 7 ratings,$40.50
BYFC,$1.48,1439821231185,200,50% bullish,of 2 ratings,N/A
BVSN,$5.9001,1439821231206,500,60% bearish,of 5 ratings,N/A
BRCD,$10.1,1439821231362,"112,397",92% bullish,of 13 ratings,$12.50
BRKS,$11.055,1439821231403,"9,423",67% bullish,of 3 ratings,$15.25
BLMT,$21.16,1439821231504,100,Not yet rated,NULL,N/A
BRKL,$10.825,1439821231530,"21,117",100% bearish,of 1 rating,$10.75
BRKR,$20.19,1439821231558,"24,750",100% bearish,of 2 ratings,$22
BMTC,$29.8,1439821231706,"7,030",Not yet rated,NULL,$34
BSQR,$7.3592,1439821231788,"76,200",67% bullish,of 3 ratings,N/A
CFFI,$36.5,1439821231846,"2,400",100% bearish,of 1 rating,N/A
BLDR,$14.3,1439821231888,"53,372",50% bullish,of 2 ratings,$22
CHRW,$69.215,1439821231916,"60,319",Not yet rated,NULL,$72
BWLD,$195.85,1439821231941,"7,431",82% bullish,of 11 ratings,$205
BUR,$2.02,1439821231967,200,100% bearish,of 1 rating,$8
CA,$29.19,1439821232102,"123,209",50% bullish,of 4 ratings,$33
CCMP,$45.67,1439821232180,"1,726",50% bullish,of 2 ratings,$59
CDZI,$7.39,1439821232246,"4,002",100% bearish,of 1 rating,N/A
CDNS,$21.61,1439821232317,"108,330",75% bullish,of 4 ratings,$22.50
CZR,$7.52,1439821232475,"167,913",60% bearish,of 5 ratings,$10.50
CACQ,$7.12,1439821232525,"2,162",100% bearish,of 1 rating,$12.25
CSTE,$48.9,1439821232581,"91,199",100% bearish,of 1 rating,$65
CHY,$11.85,1439821232630,"36,930",Not yet rated,NULL,N/A
CLBS,$1.44,1439821232665,"53,445",79% bullish,of 14 ratings,$4
PRSS,$4.64,1439821232714,"5,832",80% bullish,of 5 ratings,$4.50
CCD,$20.9,1439821232762,"10,081",Not yet rated,NULL,N/A
CLMS,$11.93,1439821232791,"6,758",Not yet rated,NULL,$10.50
CFGE,NULL,1439821232896,0,Not yet rated,NULL,N/A
CHI,$11.11,1439821232941,"51,904",100% bearish,of 1 rating,N/A
CGO,$12.8499,1439821233071,"7,550",100% bearish,of 1 rating,N/A
CHW,$8.099,1439821233119,"30,771",100% bearish,of 1 rating,N/A
CAMP,$16.485,1439821233218,"16,684",86% bullish,of 7 ratings,$25
CSQ,$10.5575,1439821233245,"34,204",Not yet rated,NULL,N/A
CVGW,$53,1439821233295,"3,583",50% bullish,of 2 ratings,$58.50
CFNB,NULL,1439821233377,0,100% bearish,of 1 rating,N/A
CALA,$5.355,1439821233403,"34,224",100% bullish,of 3 ratings,$19.50
CALD,$16.35,1439821233548,"27,256",100% bearish,of 1 rating,$20.50
CALM,$52.2,1439821233581,"56,201",80% bullish,of 5 ratings,$65
CLMT,$26.379,1439821233633,"61,708",75% bullish,of 8 ratings,$31
ABCD,$4.5,1439821233680,"11,050",83% bullish,of 6 ratings,N/A
CAMBU,NULL,1439821233705,0,100% bearish,of 1 rating,N/A
CAMB,NULL,1439821233730,0,Not yet rated,NULL,N/A
CAMBW,NULL,1439821233779,0,Not yet rated,NULL,N/A
CAC,$40.37,1439821233925,300,Not yet rated,NULL,N/A
CAMT,$2.89,1439821234103,"6,008",73% bullish,of 11 ratings,$4
CSIQ,$23.87,1439821234131,"309,072",86% bullish,of 28 ratings,$45
CBNJ,$10.914,1439821234177,"6,922",100% bullish,of 1 rating,N/A
CGIX,$10.9,1439821234207,"6,082",67% bullish,of 3 ratings,$14.375
CPHC,NULL,1439821234233,0,100% bearish,of 1 rating,N/A
CBF,$30,1439821234258,572,Not yet rated,NULL,$32
CPLA,$50.09,1439821234286,"10,397",50% bullish,of 2 ratings,$65
CCBG,NULL,1439821234421,0,Not yet rated,NULL,$17.25
CPLP,$7.25,1439821234478,"72,248",71% bullish,of 7 ratings,$11
CSWC,$49.81,1439821234611,"3,984",Not yet rated,NULL,N/A
CPTA,$15.02,1439821234641,"12,519",Not yet rated,NULL,$18.50
CAPN,$2.4399,1439821234663,"197,916",100% bullish,of 1 rating,$10.85
CAPNW,NULL,1439821234692,0,Not yet rated,NULL,N/A
CFFN,$12.18,1439821234714,"12,477",Not yet rated,NULL,$12.75
CAPR,$3.77,1439821234851,434,Not yet rated,NULL,$12
CARB,$11.61,1439821234991,"13,574",75% bullish,of 4 ratings,$12
CPST,$0.3962,1439821235054,"124,182",95% bullish,of 22 ratings,$1
CBYL,$6.619,1439821235088,908,100% bearish,of 1 rating,$20
CRDC,$0.3882,1439821235116,"19,985",100% bullish,of 1 rating,$1.25
CARA,$21.95,1439821235138,"33,232",50% bullish,of 4 ratings,$27.50
CFNL,$23.49,1439821235170,"4,275",Not yet rated,NULL,$24
CRME,$9.6464,1439821235198,"2,542",89% bullish,of 9 ratings,$11.25
CATM,$35.1,1439821235437,"7,014",100% bearish,of 1 rating,$44
CSII,$24.17,1439821235507,"15,453",100% bearish,of 2 ratings,$42.125
CKEC,$23.89,1439821235606,"19,756",50% bullish,of 2 ratings,$35.915
CTRE,$11.3101,1439821235636,"24,346",50% bullish,of 2 ratings,N/A
CECO,$4.02,1439821235663,"72,359",67% bearish,of 3 ratings,$6
CDNA,$6.32,1439821235739,20,100% bearish,of 1 rating,$9
CLBH,NULL,1439821235793,0,Not yet rated,NULL,$16.50
CARO,$15.18,1439821235820,"7,564",100% bearish,of 1 rating,$19
CART,$5.49,1439821235881,159,100% bearish,of 1 rating,N/A
TAST,$12.85,1439821235968,"17,368",Not yet rated,NULL,$14.25
CRZO,$34.73,1439821235999,"52,552",67% bearish,of 3 ratings,$57
CRTN,NULL,1439821236026,0,100% bearish,of 1 rating,N/A
CARV,$5.85,1439821236051,200,50% bullish,of 2 ratings,N/A
CASM,$1.12,1439821236295,"8,262",100% bullish,of 1 rating,$3.50
CACB,$5.52,1439821236332,"2,268",Not yet rated,NULL,$5.50
CSCD,$14,1439821236399,900,100% bullish,of 2 ratings,$17
CASY,$107.295,1439821236424,"24,464",50% bullish,of 2 ratings,$99.50
CWST,$6.2316,1439821236463,"8,525",50% bullish,of 2 ratings,$7
CASS,$50.96,1439821236608,100,100% bearish,of 1 rating,N/A
CASI,$1.47,1439821236638,11,100% bullish,of 1 rating,$3.50
CATB,$11.88,1439821236660,"3,586",100% bearish,of 1 rating,$28
CPRX,$4.12,1439821236697,"60,125",71% bullish,of 7 ratings,$7
CATYW,NULL,1439821236796,0,100% bearish,of 1 rating,N/A
CVCO,$73.26,1439821236826,419,100% bearish,of 1 rating,N/A
CATY,$31.94,1439821236854,"25,702",100% bearish,of 1 rating,$33.50
CAVM,$72.34,1439821236878,"25,096",67% bearish,of 3 ratings,$72
CBFV,NULL,1439821237011,0,Not yet rated,NULL,N/A
CNLMR,NULL,1439821237149,0,Not yet rated,NULL,N/A
CNLM,NULL,1439821237216,0,Not yet rated,NULL,N/A
CNLMU,NULL,1439821237278,0,100% bullish,of 1 rating,N/A
CNLMW,NULL,1439821237315,0,Not yet rated,NULL,N/A
CDW,$39.495,1439821237405,"99,855",75% bullish,of 4 ratings,$44
CBOE,$63.93,1439821237465,"17,459",Not yet rated,NULL,$60
CDK,$50.7,1439821237496,"19,755",67% bearish,of 3 ratings,$50
CELG,$129.51,1439821237522,"223,571",92% bullish,of 13 ratings,$155.50
CECE,$10.27,1439821237553,"12,046",50% bullish,of 2 ratings,$16
CPXX,$2.26,1439821237662,"23,735",100% bullish,of 2 ratings,$7
CLDX,$16.235,1439821237692,"159,742",89% bullish,of 9 ratings,$36
CELGZ,$2.06,1439821237713,"1,800",80% bullish,of 5 ratings,N/A
CLRB,NULL,1439821237926,0,100% bearish,of 1 rating,N/A
CLDN,$1.03,1439821237954,"51,676",71% bullish,of 7 ratings,$3
CLRBW,NULL,1439821238001,0,Not yet rated,NULL,N/A
CLLS,$32.76,1439821238027,"5,171",75% bullish,of 4 ratings,$51.50
CBMG,$24.75,1439821238187,687,50% bullish,of 2 ratings,N/A
CLSN,$2.2099,1439821238273,"34,737",80% bullish,of 10 ratings,$7.50
CLTX,$0.6,1439821238377,"4,130",100% bullish,of 2 ratings,N/A
CYAD,$55.11,1439821238406,200,100% bullish,of 1 rating,$87.50
CSFL,$14.08,1439821238438,"17,797",Not yet rated,NULL,$15
CFBK,NULL,1439821238469,0,Not yet rated,NULL,N/A
CETX,$2.53,1439821238491,"3,614",Not yet rated,NULL,$5.60
CEMP,$36.82,1439821238535,"92,428",71% bullish,of 7 ratings,$48.50
CETV,$2.25,1439821238624,"3,484",67% bullish,of 3 ratings,$2.80
CENT,$11.265,1439821238681,"2,238",Not yet rated,NULL,$10
CVCY,NULL,1439821238828,0,Not yet rated,NULL,$12
CENTA,$12.055,1439821238854,"6,193",Not yet rated,NULL,N/A
CENX,$5.865,1439821239016,"183,346",67% bullish,of 6 ratings,$9
CPHD,$49.74,1439821239080,"59,493",50% bullish,of 2 ratings,$67
CNTY,$6.32,1439821239107,"4,170",80% bullish,of 5 ratings,$7.75
CERE,$1.57,1439821239146,"269,398",88% bullish,of 8 ratings,N/A
CNBKA,$41.2,1439821239172,392,100% bullish,of 1 rating,N/A
CERN,$64.41,1439821239242,"266,585",67% bullish,of 3 ratings,$79
CRNT,$1.417,1439821239303,"174,366",50% bullish,of 2 ratings,$2
CERS,$4.795,1439821239331,"87,175",75% bullish,of 4 ratings,$7
CERU,$3.14,1439821239376,"36,452",75% bullish,of 4 ratings,$15
CEVA,$18.925,1439821239472,"6,469",100% bearish,of 1 rating,$25
CYOU,$20,1439821239499,"95,947",50% bullish,of 6 ratings,$24
KOOL,$0.74,1439821239528,"12,015",100% bullish,of 5 ratings,$7
HOTR,$1.55,1439821239674,"313,770",100% bullish,of 2 ratings,$5
HOTRW,NULL,1439821239735,0,Not yet rated,NULL,N/A
GTLS,$25.01,1439821239810,"44,842",50% bullish,of 4 ratings,$40
CHFN,$12.56,1439821239921,"1,300",Not yet rated,NULL,$14
CHKP,$80.97,1439821239954,"48,010",50% bullish,of 4 ratings,$92
CTHR,$1.2099,1439821239980,893,50% bullish,of 2 ratings,$2.50
CHEKW,$1.11,1439821240018,"1,000",Not yet rated,NULL,N/A
CHEK,NULL,1439821240047,0,Not yet rated,NULL,$7.75
CHTR,$181.9,1439821240116,"79,594",100% bearish,of 2 ratings,$196
CEMI,$4.73,1439821240252,100,50% bullish,of 2 ratings,$7.50
CHFC,$32.55,1439821240281,"7,111",100% bearish,of 1 rating,$36
CCXI,$6.47,1439821240316,"5,384",67% bullish,of 3 ratings,$14
CHMG,$26.5,1439821240417,150,Not yet rated,NULL,$30
CHKE,$27.84,1439821240444,"1,919",100% bearish,of 1 rating,$32.50
CHEV,$14.35,1439821240501,300,Not yet rated,NULL,N/A
CBNK,$16.62,1439821240659,100,100% bearish,of 1 rating,N/A
CHMA,$29.7499,1439821240689,"135,131",Not yet rated,NULL,$40
CMRX,$50.26,1439821240746,"12,781",50% bullish,of 2 ratings,$57
PLCE,$59.5,1439821240787,"30,270",100% bearish,of 1 rating,$71
CADC,NULL,1439821240838,0,78% bullish,of 9 ratings,N/A
CAAS,$6.59,1439821240893,"9,777",93% bullish,of 14 ratings,$11.50
CALI,$1.0035,1439821240923,"13,000",67% bullish,of 3 ratings,N/A
CBAK,$2.376,1439821240999,"11,076",67% bullish,of 9 ratings,N/A
CBPO,$109.58,1439821241057,"35,477",75% bullish,of 8 ratings,$140.50
CCCL,NULL,1439821241135,0,100% bullish,of 6 ratings,N/A
JRJC,$4.43,1439821241239,100,82% bullish,of 11 ratings,N/A
CCCR,$0.6722,1439821241269,454,67% bearish,of 3 ratings,N/A
CHOP,$1.26,1439821241368,149,50% bullish,of 2 ratings,N/A
HGSH,$1.78,1439821241395,"4,142",67% bullish,of 3 ratings,N/A
CHLN,$1.16,1439821241424,828,67% bullish,of 3 ratings,N/A
HTHT,$24.43,1439821241531,"65,874",50% bullish,of 2 ratings,$28
CJJD,$2.2297,1439821241569,"3,754",100% bullish,of 1 rating,N/A
CHNR,NULL,1439821241600,0,100% bearish,of 1 rating,N/A
CNIT,$1.85,1439821241703,"54,404",67% bullish,of 6 ratings,N/A
CREG,$0.8198,1439821241766,"14,700",100% bullish,of 3 ratings,N/A
CPGI,$6.98,1439821241797,24,Not yet rated,NULL,N/A
CSUN,NULL,1439821241830,0,80% bullish,of 5 ratings,N/A
CNTF,$0.93,1439821241896,204,Not yet rated,NULL,N/A
CXDC,$6.248,1439821242039,"4,142",67% bullish,of 3 ratings,N/A
CNYD,$3.22,1439821242083,100,67% bullish,of 3 ratings,N/A
CNET,$0.7912,1439821242181,"21,286",50% bullish,of 2 ratings,N/A
CCIH,$9.91,1439821242209,"3,774",67% bullish,of 6 ratings,$12.65
IMOS,$16.34,1439821242287,"6,833",60% bullish,of 5 ratings,$21.50
CHSCL,$27.3465,1439821242338,"6,210",Not yet rated,NULL,N/A
CHSCM,$26.32,1439821242387,"1,747",Not yet rated,NULL,N/A
CHSCO,$28.45,1439821242546,201,Not yet rated,NULL,N/A
CHSCP,$30.8,1439821242573,"1,166",Not yet rated,NULL,N/A
CHSCN,$27.4,1439821242641,22,Not yet rated,NULL,N/A
CDTX,$14.41,1439821242673,901,Not yet rated,NULL,$22
CHUY,$33.27,1439821242703,"13,243",50% bullish,of 2 ratings,$34
CIFC,$7.3,1439821242733,3,Not yet rated,NULL,N/A
CHDN,$135.63,1439821242808,"24,388",Not yet rated,NULL,$165
CMCT,NULL,1439821242939,0,100% bearish,of 1 rating,N/A
CMPR,$70.4,1439821242985,"21,155",50% bullish,of 2 ratings,$72.50
CINF,$56.29,1439821243161,"22,020",50% bullish,of 4 ratings,$50.50
CTAS,$88.09,1439821243192,"30,733",100% bearish,of 1 rating,$91
CIDM,$0.6697,1439821243214,"37,046",50% bullish,of 2 ratings,$2.10
CPHR,$7.3001,1439821243297,800,100% bearish,of 1 rating,$16
CRUS,$29.31,1439821243353,"57,122",75% bullish,of 12 ratings,$44.50
CSCO,$28.9201,1439821243380,"3,644,983",84% bullish,of 208 ratings,$32.50
CTRN,$22.56,1439821243453,"1,213",100% bearish,of 1 rating,$29.50
CZNC,$20.24,1439821243484,257,Not yet rated,NULL,N/A
CZFC,NULL,1439821243619,0,Not yet rated,NULL,N/A
CIZN,$19.44,1439821243645,200,Not yet rated,NULL,N/A
CZWI,NULL,1439821243667,0,Not yet rated,NULL,N/A
CTXS,$77.47,1439821243806,"54,419",86% bullish,of 7 ratings,$80
CHCO,$48.25,1439821243832,"5,752",Not yet rated,NULL,$46
CIVB,$10.28,1439821243971,6,Not yet rated,NULL,$11
CDTI,$1.7399,1439821244069,"51,990",75% bullish,of 4 ratings,$3.25
CIVBP,NULL,1439821244103,0,Not yet rated,NULL,N/A
CLNE,$4.91,1439821244134,"241,365",80% bullish,of 15 ratings,$9
CLFD,$18.066,1439821244204,"2,789",67% bullish,of 3 ratings,$18
CLNT,$2.04,1439821244231,"13,500",75% bullish,of 8 ratings,N/A
CLRO,$11.808,1439821244264,581,50% bullish,of 2 ratings,$14.25
CLIR,$5.21,1439821244290,"6,036",100% bullish,of 3 ratings,N/A
CBLI,$3.8248,1439821244498,"21,832",60% bullish,of 5 ratings,N/A
CSBK,$14.03,1439821244549,"3,042",Not yet rated,NULL,N/A
CLVS,$76.62,1439821244570,"39,773",60% bullish,of 5 ratings,$101.50
CMFN,$11.58,1439821244705,"11,717",100% bearish,of 1 rating,$15.50
CME,$97.64,1439821244773,"83,241",67% bullish,of 3 ratings,$102
CCNE,$17.12,1439821244798,"1,715",50% bullish,of 2 ratings,$21.50
CISG,$8.48,1439821244830,"8,218",100% bullish,of 5 ratings,$10
CNV,$4.7004,1439821244862,"1,715",50% bullish,of 2 ratings,$7.15
COKE,$164.451,1439821244942,"1,734",79% bullish,of 19 ratings,N/A
COBZ,$12.79,1439821244973,"19,300",100% bullish,of 1 rating,$14
CDRB,$12.4,1439821245011,780,67% bullish,of 3 ratings,N/A
CVLY,NULL,1439821245176,0,Not yet rated,NULL,N/A
JVA,$4.77,1439821245203,175,83% bullish,of 6 ratings,$7
CDXS,$3.82,1439821245224,"13,450",64% bullish,of 11 ratings,$6
CWAY,$11.47,1439821245257,300,Not yet rated,NULL,N/A
CCOI,$28.89,1439821245357,"27,571",50% bullish,of 4 ratings,$35
CGNT,$1.59,1439821245534,"3,759",100% bullish,of 2 ratings,$2
CGNX,$36.79,1439821245568,"40,308",50% bullish,of 2 ratings,$47
COHU,$9.455,1439821245609,"4,248",100% bearish,of 1 rating,$14.25
CHRS,$34.07,1439821245641,"6,188",67% bearish,of 3 ratings,$37
COHR,$58.85,1439821245671,"4,120",50% bullish,of 2 ratings,$72
CTSH,$67.06,1439821245697,"257,312",90% bullish,of 10 ratings,$74.50
CLRX,$0.496,1439821245741,"6,500",50% bullish,of 2 ratings,$1.85
CLCT,$19.75,1439821245889,"1,166",100% bearish,of 1 rating,N/A
CIGI,$47.29,1439821246025,"2,528",100% bearish,of 1 rating,$52
CBAN,NULL,1439821246051,0,Not yet rated,NULL,N/A
COLL,$15.99,1439821246092,"7,165",100% bearish,of 1 rating,$26
CLCD,$7.735,1439821246128,"5,200",100% bearish,of 1 rating,$20.50
COLM,$64.76,1439821246180,"15,949",100% bearish,of 1 rating,$71
CMCSA,$59.595,1439821246357,"903,233",66% bullish,of 35 ratings,$69.50
CMCO,$21.79,1439821246391,"1,300",60% bullish,of 5 ratings,$28
COLB,$32.9,1439821246442,"13,828",Not yet rated,NULL,$36
CMCSK,$60.18,1439821246492,"290,879",Not yet rated,NULL,$84
CBMX,$1.3416,1439821246521,"3,264",83% bullish,of 6 ratings,$3.15
CBSHP,$25.4321,1439821246548,"2,804",100% bearish,of 1 rating,N/A
CBSH,$47.35,1439821246569,"25,591",50% bullish,of 2 ratings,$46
CUBN,NULL,1439821246717,0,Not yet rated,NULL,N/A
CVGI,$4.77,1439821246744,"63,522",50% bullish,of 2 ratings,$6
COMM,$31.72,1439821246887,"55,702",67% bearish,of 3 ratings,$35
CSAL,$23.04,1439821246917,"61,482",75% bullish,of 4 ratings,$30
JCS,$9.71,1439821247019,100,67% bullish,of 3 ratings,N/A
ESXB,$5.06,1439821247093,859,Not yet rated,NULL,N/A
CYHHZ,$0.012,1439821247119,"70,400",100% bullish,of 1 rating,N/A
CTBI,$35.2371,1439821247145,618,Not yet rated,NULL,$36
COB,$10.8,1439821247199,300,100% bullish,of 1 rating,$11.50
CWBC,NULL,1439821247274,0,Not yet rated,NULL,N/A
CVLT,$37.57,1439821247333,"45,460",75% bullish,of 4 ratings,$44.50
CIZ,$35.08,1439821247362,"1,342",100% bearish,of 1 rating,N/A
CIL,NULL,1439821247509,0,Not yet rated,NULL,N/A
CID,NULL,1439821247538,0,Not yet rated,NULL,N/A
CSA,NULL,1439821247564,0,Not yet rated,NULL,N/A
CDC,NULL,1439821247641,0,Not yet rated,NULL,N/A
CSF,NULL,1439821247805,0,100% bearish,of 1 rating,N/A
CDL,NULL,1439821247939,0,Not yet rated,NULL,N/A
CSB,NULL,1439821247969,0,Not yet rated,NULL,N/A
CFO,$37.63,1439821247999,380,100% bearish,of 1 rating,N/A
CFA,NULL,1439821248020,0,100% bearish,of 1 rating,N/A
CPSI,$46.2,1439821248053,"3,826",100% bearish,of 1 rating,$45.50
CGEN,$5.7167,1439821248075,"11,995",50% bullish,of 2 ratings,$11
CTG,$6.555,1439821248106,"13,323",100% bearish,of 1 rating,$8.50
CHCI,NULL,1439821248325,0,50% bullish,of 2 ratings,N/A
CMTL,$28.238,1439821248356,"1,394",100% bearish,of 2 ratings,$37
CNSI,$19.05,1439821248426,"9,131",100% bearish,of 2 ratings,$29
CNAT,$4.1001,1439821248457,"14,916",83% bullish,of 6 ratings,$13
CNCE,$16.545,1439821248485,"20,692",75% bullish,of 4 ratings,$22
SCOR,$64.505,1439821248511,"39,000",100% bearish,of 1 rating,$66
CXRX,$77.7999,1439821248746,"2,530",Not yet rated,NULL,$90
CCUR,$5.1,1439821248885,"3,100",75% bullish,of 4 ratings,N/A
CDORP,NULL,1439821248912,0,100% bearish,of 1 rating,N/A
CNFR,$10.4101,1439821248962,"6,093",Not yet rated,NULL,N/A
CFMS,$22.2,1439821248991,"16,350",Not yet rated,NULL,$27
CDORO,$19.55,1439821249012,350,100% bearish,of 1 rating,N/A
CDOR,$1.4,1439821249033,"3,482",100% bullish,of 1 rating,N/A
CNOB,$20.22,1439821249168,700,100% bullish,of 1 rating,$23.50
CTWS,$35.152,1439821249299,951,100% bearish,of 1 rating,$44
CNMD,$55.88,1439821249335,"2,822",Not yet rated,NULL,$59
CNXR,$6.826,1439821249358,"2,910",100% bearish,of 1 rating,$12
CNSL,$20.53,1439821249393,"5,338",100% bearish,of 1 rating,$23
CWCO,$12.0301,1439821249433,"6,528",67% bullish,of 3 ratings,$14.50
CONN,$35.04,1439821249490,"12,030",67% bullish,of 3 ratings,$48.50
CTCT,$24.5,1439821249561,"15,401",67% bullish,of 3 ratings,$37
CPSS,$5.6,1439821249663,"3,570",100% bullish,of 1 rating,$10
CFRX,$4.852,1439821249769,"14,908",Not yet rated,NULL,$14
CFRXW,$1.75,1439821249830,"6,600",100% bearish,of 1 rating,N/A
CFRXZ,$0.4699,1439821249855,"2,000",Not yet rated,NULL,N/A
CPRT,$36.225,1439821250045,"15,462",67% bearish,of 3 ratings,$40
CRBP,$1.95,1439821250077,"5,275",100% bullish,of 1 rating,$6.25
CTRL,$8.6,1439821250100,"6,275",50% bullish,of 2 ratings,$11
CTRV,$4.52,1439821250122,"2,164",Not yet rated,NULL,$6.40
CORT,$5.39,1439821250178,"21,066",67% bullish,of 3 ratings,$12
BVA,$3.87,1439821250254,1,50% bullish,of 2 ratings,N/A
CORI,$11.145,1439821250311,"7,967",100% bearish,of 1 rating,$18
CORE,$64.51,1439821250341,"8,820",100% bearish,of 1 rating,$72
CRVL,$32.63,1439821250442,501,100% bearish,of 1 rating,N/A
CSOD,$38.58,1439821250483,"83,499",50% bullish,of 2 ratings,$42
CSGP,$194.95,1439821250669,"9,105",50% bullish,of 2 ratings,$235
COSI,$1.2,1439821250695,"3,696",100% bullish,of 1 rating,N/A
COST,$145.635,1439821250736,"94,008",83% bullish,of 24 ratings,$154.50
CPAH,$0.451,1439821250767,"2,485",50% bullish,of 2 ratings,N/A
ICBK,$18.43,1439821250835,80,Not yet rated,NULL,$21
CVTI,$25.31,1439821250871,"7,531",67% bearish,of 3 ratings,$39
COWN,$5.575,1439821251015,"190,174",75% bullish,of 4 ratings,$7
COVS,$2.915,1439821251068,"14,675",67% bullish,of 3 ratings,N/A
COWNL,NULL,1439821251096,0,Not yet rated,NULL,N/A
CPSH,NULL,1439821251196,0,Not yet rated,NULL,N/A
CBRL,$151.695,1439821251239,"12,838",50% bullish,of 2 ratings,$155
CRAY,$23.2,1439821251284,"9,018",83% bullish,of 6 ratings,$38.50
CRAI,$23.02,1439821251312,"1,773",Not yet rated,NULL,$36
BREW,$8.35,1439821251373,"7,387",67% bullish,of 6 ratings,$15
CACC,$205.41,1439821251600,"6,107",50% bullish,of 2 ratings,$158.50
GLDI,$11.0105,1439821251676,"1,250",100% bearish,of 1 rating,N/A
CREE,$27.18,1439821251703,"104,237",65% bullish,of 17 ratings,$28.50
SLVO,$10.5999,1439821251724,"1,565",100% bearish,of 1 rating,N/A
CRESY,$11.45,1439821251856,"2,882",100% bearish,of 1 rating,$19
CROX,$14.935,1439821251917,"116,072",63% bullish,of 8 ratings,$16.50
CRTO,$46,1439821251943,"62,531",67% bullish,of 6 ratings,$64
CRDS,$1.13,1439821251975,879,50% bullish,of 4 ratings,$4.50
CRWS,$7.99,1439821252003,"2,298",Not yet rated,NULL,$10
CRWN,$4.745,1439821252081,"6,240",75% bullish,of 4 ratings,N/A
CYRX,$3,1439821252136,"6,842",Not yet rated,NULL,$9
CCRN,$14.07,1439821252165,"27,758",100% bearish,of 1 rating,$14.25
CYRXW,NULL,1439821252299,0,Not yet rated,NULL,N/A
CSGS,$31.75,1439821252326,"7,381",Not yet rated,NULL,$40
CCLP,$15.1582,1439821252464,"8,513",67% bearish,of 3 ratings,$21
CSPI,NULL,1439821252538,0,67% bullish,of 3 ratings,N/A
CTCM,$1.7899,1439821252671,"48,200",80% bearish,of 5 ratings,$3.90
CTIC,$1.785,1439821252700,"132,507",84% bullish,of 76 ratings,$5.75
CTIB,NULL,1439821252730,0,100% bearish,of 1 rating,N/A
CPIX,$5.93,1439821252835,100,Not yet rated,NULL,N/A
CUNB,$22.54,1439821252865,300,Not yet rated,NULL,$24.50
CRIS,$2.84,1439821252893,"43,468",100% bullish,of 8 ratings,$6
CUI,$5.62,1439821252919,"1,554",50% bullish,of 2 ratings,$10
CMLS,$1.35,1439821252946,"36,615",50% bullish,of 4 ratings,$6
CUTR,$14.9805,1439821253110,"3,078",67% bearish,of 3 ratings,$18
CVBF,$17.41,1439821253155,"20,818",Not yet rated,NULL,$18
CTRP,$71.955,1439821253209,"76,480",75% bullish,of 8 ratings,$92
CVV,$13.08,1439821253307,"90,692",100% bullish,of 5 ratings,N/A
CYBR,$59.1612,1439821253354,"275,451",86% bullish,of 7 ratings,$66
CYAN,$7.64,1439821253491,510,100% bearish,of 1 rating,N/A
CYBX,$58.6,1439821253522,"42,599",50% bullish,of 4 ratings,$70
CYCC,$0.57,1439821253549,"13,053",73% bullish,of 11 ratings,N/A
CYCCP,NULL,1439821253588,0,100% bearish,of 1 rating,N/A
CBAY,$2.62,1439821253619,"6,811",100% bullish,of 1 rating,$4
CYBE,$5.73,1439821253684,534,100% bearish,of 1 rating,N/A
CYNA,$14.9611,1439821253751,"2,320",100% bullish,of 1 rating,$33
CYNO,$34.275,1439821253827,"7,824",67% bearish,of 3 ratings,$45.50
CY,$10.245,1439821253889,"452,222",80% bullish,of 10 ratings,$15.50
CYRN,$1.66,1439821253919,"81,586",67% bullish,of 3 ratings,$4
CYTK,$6.51,1439821254048,"35,048",71% bullish,of 14 ratings,$13.50
CONE,$35.22,1439821254074,"61,756",67% bearish,of 3 ratings,$35
DAEG,$0.3876,1439821254348,"5,350",100% bearish,of 1 rating,N/A
CYTX,$0.3951,1439821254379,"136,609",83% bullish,of 12 ratings,$5.50
CYTR,$2.4599,1439821254400,"104,425",67% bullish,of 6 ratings,$10
ZIV,$50.144,1439821254435,"22,566",Not yet rated,NULL,N/A
CTSO,$7.1901,1439821254457,"19,732",Not yet rated,NULL,$15.625
TVIX,$5.59,1439821254482,"865,455",81% bullish,of 16 ratings,N/A
TVIZ,NULL,1439821254518,0,100% bearish,of 1 rating,N/A
XIV,$48.06,1439821254616,"1,360,408",75% bearish,of 4 ratings,N/A
DJCO,$210,1439821254722,"1,415",Not yet rated,NULL,N/A
DARA,$0.88,1439821254757,"3,475",83% bullish,of 6 ratings,$1.50
DAIO,$2.6,1439821254854,12,Not yet rated,NULL,N/A
DAKT,$12.065,1439821254883,"9,119",50% bullish,of 2 ratings,$14
DTLK,$6.08,1439821255016,"7,968",100% bearish,of 1 rating,$9
DRAM,$1.494,1439821255159,100,78% bullish,of 9 ratings,N/A
PLAY,$36.86,1439821255213,"4,051",100% bullish,of 5 ratings,$42
DWCH,$5.35,1439821255244,"11,216",75% bullish,of 4 ratings,$8.25
DTEA,$12.62,1439821255265,"11,894",100% bearish,of 2 ratings,$24
DWSN,$5.07,1439821255302,"1,281",67% bullish,of 3 ratings,$6
TRAK,$62.2,1439821255342,"13,856",50% bullish,of 2 ratings,$62.50
DBVT,$40.8,1439821255394,"6,008",100% bearish,of 1 rating,$53
DHRM,$1.73,1439821255422,75,Not yet rated,NULL,N/A
DFRG,$15.43,1439821255596,"3,385",100% bearish,of 1 rating,$20
TACO,$13.9999,1439821255625,"12,838",100% bullish,of 3 ratings,$20
TACOW,$4.6125,1439821255663,"2,848",100% bullish,of 1 rating,N/A
DCTH,$0.497,1439821255693,"5,567",78% bullish,of 9 ratings,N/A
DGAS,$20.32,1439821255718,50,67% bearish,of 3 ratings,N/A
DELT,$2.4999,1439821255925,535,Not yet rated,NULL,N/A
DELTW,NULL,1439821255955,0,Not yet rated,NULL,N/A
DENN,$12.5,1439821255980,"51,577",100% bullish,of 3 ratings,$15
XRAY,$56.84,1439821256054,"22,812",100% bullish,of 1 rating,$58
DEPO,$31.295,1439821256141,"75,008",75% bullish,of 4 ratings,$32
DSCI,$6.695,1439821256198,"32,012",50% bullish,of 2 ratings,$16
DERM,$25.4,1439821256226,"20,924",100% bearish,of 1 rating,$23
DEST,$11.79,1439821256254,"2,425",50% bullish,of 2 ratings,N/A
DXM,$0.31,1439821256398,"1,850",50% bullish,of 2 ratings,N/A
DXLG,$4.8,1439821256424,"1,183",100% bearish,of 1 rating,$8
DSWL,NULL,1439821256492,0,100% bullish,of 1 rating,N/A
DHXM,NULL,1439821256595,0,Not yet rated,NULL,N/A
DXCM,$96.95,1439821256655,"176,586",57% bullish,of 7 ratings,$98
DMND,$31.87,1439821256738,"14,054",75% bullish,of 12 ratings,$32
FANG,$72.06,1439821256881,"121,811",50% bullish,of 2 ratings,$86
DHIL,$191.008,1439821256914,385,Not yet rated,NULL,N/A
DCIX,$1.8201,1439821256940,"8,048",50% bullish,of 4 ratings,$3.50
DGII,$10.07,1439821256981,"1,424",100% bearish,of 1 rating,$10
DRNA,$11.08,1439821257009,"6,247",67% bearish,of 3 ratings,$25
APPS,$2.31,1439821257161,"13,125",100% bearish,of 1 rating,$10.25
DMRC,$37.6,1439821257195,"15,553",100% bearish,of 1 rating,$44
DRAD,$3.99,1439821257296,"2,200",100% bullish,of 1 rating,$5.25
DCOM,$17.15,1439821257380,"3,706",100% bearish,of 2 ratings,$16.50
DIOD,$20.24,1439821257407,"8,780",75% bearish,of 4 ratings,$24
DGLY,$7.77,1439821257435,"41,462",50% bullish,of 6 ratings,$20
DPRX,$14.83,1439821257483,"7,400",100% bullish,of 2 ratings,$27.75
DISCA,$28.51,1439821257637,"141,735",67% bullish,of 3 ratings,$34
DISCK,$27.19,1439821257672,"128,169",100% bearish,of 1 rating,$40
DSCO,$0.48,1439821257767,"34,391",83% bullish,of 6 ratings,$2.75
DISH,$67,1439821257801,"107,675",69% bullish,of 13 ratings,$73
DVCR,$11.75,1439821257837,122,100% bullish,of 1 rating,N/A
BAGR,$2.87,1439821257863,"2,654",100% bearish,of 1 rating,$6
DISCB,NULL,1439821257930,0,100% bearish,of 1 rating,$35
DNBF,NULL,1439821258010,0,Not yet rated,NULL,$27.50
DLHC,$2.51,1439821258037,50,100% bearish,of 1 rating,N/A
DLTR,$78.06,1439821258240,"90,717",82% bullish,of 11 ratings,$88
DGICA,$14.47,1439821258284,923,100% bearish,of 1 rating,$17
DMLP,$14.645,1439821258381,"6,054",100% bearish,of 1 rating,N/A
DGICB,$21.37,1439821258414,4,100% bearish,of 1 rating,N/A
DRWI,$0.3153,1439821258441,"1,200",60% bullish,of 5 ratings,$.45
DORM,$52.21,1439821258471,"14,160",100% bearish,of 1 rating,$56
HILL,$5.416,1439821258499,"39,882",60% bearish,of 5 ratings,$8
DWA,$19.59,1439821258572,"43,582",63% bullish,of 8 ratings,$26
DRWIW,NULL,1439821258712,0,Not yet rated,NULL,N/A
DRYS,$0.3744,1439821258793,"444,215",77% bullish,of 31 ratings,$.60
DSPG,$9.09,1439821258819,"1,246",100% bearish,of 1 rating,$13.50
DSKX,$2.94,1439821258854,"426,720",100% bullish,of 1 rating,N/A
CADT,NULL,1439821258883,0,Not yet rated,NULL,N/A
CADTR,$0.195,1439821258993,300,Not yet rated,NULL,N/A
CADTW,NULL,1439821259138,0,Not yet rated,NULL,N/A
CADTU,NULL,1439821259166,0,Not yet rated,NULL,N/A
DNKN,$52.42,1439821259193,"22,185",67% bullish,of 15 ratings,$56.50
DTSI,$27.23,1439821259219,"7,129",100% bearish,of 2 ratings,$39.50
DXPE,$29.53,1439821259354,"6,534",50% bullish,of 2 ratings,N/A
DRRX,$2.17,1439821259380,"18,702",50% bullish,of 6 ratings,$3
BOOM,$10.02,1439821259405,"5,435",67% bullish,of 3 ratings,$12
DYAX,$22.4,1439821259430,"62,166",89% bullish,of 9 ratings,$30
DYNT,$3.05,1439821259685,100,75% bullish,of 4 ratings,N/A
DYSL,NULL,1439821259821,0,100% bullish,of 2 ratings,N/A
DVAX,$29.88,1439821259884,"24,747",70% bullish,of 10 ratings,$40
EBMT,NULL,1439821259954,0,Not yet rated,NULL,$13.50
EGBN,$44.56,1439821259982,"3,695",Not yet rated,NULL,$48
ETFC,$28.345,1439821260003,"95,527",57% bullish,of 14 ratings,$33
EGLE,$7.785,1439821260032,"5,550",60% bullish,of 5 ratings,N/A
ELNK,$9.22,1439821260175,"81,962",80% bullish,of 5 ratings,$9.50
EROC,$1.5299,1439821260248,"62,780",50% bullish,of 2 ratings,$3
EWBC,$44.76,1439821260281,"121,134",100% bearish,of 1 rating,$50
EGRX,$67.34,1439821260381,"83,060",67% bullish,of 3 ratings,$97
EVBS,NULL,1439821260402,0,Not yet rated,NULL,$7
EACQU,$10.01,1439821260483,200,Not yet rated,NULL,N/A
EBAY,$28.105,1439821260535,"1,205,430",81% bullish,of 117 ratings,$48
EML,$17.22,1439821260561,"1,302",Not yet rated,NULL,N/A
EBIX,$30.56,1439821260614,"9,889",69% bullish,of 13 ratings,$40
ECHO,$24.97,1439821260819,"14,552",67% bearish,of 3 ratings,$36
ECTE,$1.4899,1439821260851,"13,352",75% bullish,of 4 ratings,N/A
ELON,$0.5598,1439821260884,515,50% bullish,of 2 ratings,N/A
SATS,$46.12,1439821260983,"4,827",50% bullish,of 2 ratings,$60
EEI,$11.17,1439821261009,284,67% bearish,of 3 ratings,N/A
ECACU,$10.02,1439821261041,"1,100",Not yet rated,NULL,N/A
EDAP,$3.6416,1439821261083,"7,005",60% bullish,of 5 ratings,$4.50
ESES,$3.39,1439821261179,250,100% bearish,of 1 rating,$7
EDGW,$7.12,1439821261331,50,100% bearish,of 1 rating,N/A
EDUC,NULL,1439821261357,0,100% bearish,of 1 rating,N/A
EFUT,$4.65,1439821261383,"2,899",Not yet rated,NULL,N/A
EGAN,$3.5,1439821261430,"8,300",50% bullish,of 2 ratings,$6.25
EHTH,$14.975,1439821261635,"12,442",50% bullish,of 4 ratings,$16.50
EGLT,$12.3,1439821261765,"2,133",50% bullish,of 2 ratings,$21
ESLT,$81.55,1439821261791,"2,917",100% bullish,of 2 ratings,N/A
LOCO,$14.59,1439821261813,"480,418",69% bullish,of 13 ratings,$23
ELRC,$10.2,1439821261848,"1,600",100% bearish,of 1 rating,N/A
EMITF,$1.287,1439821261874,"4,408",75% bullish,of 4 ratings,N/A
ERI,$9.06,1439821262001,"10,381",100% bearish,of 1 rating,$10
ESIO,$4.615,1439821262026,"30,749",50% bullish,of 2 ratings,$10
EA,$72.8299,1439821262054,"161,713",77% bullish,of 35 ratings,$80
EFII,$45.75,1439821262210,"14,498",80% bullish,of 5 ratings,$55
ELEC,NULL,1439821262309,0,Not yet rated,NULL,N/A
ELSE,$4.07,1439821262447,"4,543",60% bullish,of 5 ratings,N/A
EBIO,$3.9576,1439821262483,"477,599",100% bearish,of 2 ratings,$8.35
ELECW,NULL,1439821262515,0,Not yet rated,NULL,N/A
ELECU,NULL,1439821262546,0,Not yet rated,NULL,N/A
ESBK,NULL,1439821262617,0,Not yet rated,NULL,N/A
RDEN,$10.215,1439821262644,"8,252",100% bearish,of 4 ratings,$15
CAPX,NULL,1439821262703,0,Not yet rated,NULL,N/A
EMCI,$24.6,1439821262728,"1,629",Not yet rated,NULL,N/A
LONG,$17.05,1439821262910,700,67% bullish,of 3 ratings,$15.75
ELTK,NULL,1439821262938,0,67% bearish,of 3 ratings,N/A
EMCF,NULL,1439821262967,0,100% bearish,of 1 rating,N/A
EMKR,$7.2,1439821263066,"23,448",75% bullish,of 4 ratings,$8.50
EMMS,$1.17,1439821263096,"14,195",67% bullish,of 6 ratings,N/A
EMMSP,NULL,1439821263195,0,100% bearish,of 1 rating,N/A
NYNY,$4.54,1439821263338,"7,001",50% bullish,of 2 ratings,N/A
ERS,$3,1439821263365,"3,259",Not yet rated,NULL,N/A
WIRE,$33.3,1439821263505,"4,517",100% bearish,of 1 rating,$41
ECPG,$40.38,1439821263537,"21,974",100% bullish,of 2 ratings,$52
ENTA,$40.49,1439821263563,"13,752",50% bullish,of 2 ratings,$42
ENDP,$84.77,1439821263606,"130,074",50% bullish,of 6 ratings,$104
ECYT,$5.42,1439821263633,"14,223",83% bullish,of 6 ratings,$12
ELGX,$13.075,1439821263665,"60,691",75% bullish,of 4 ratings,$17
EIGI,$16.32,1439821263798,"61,405",67% bearish,of 3 ratings,$20
WATT,$7.12,1439821263827,"34,182",50% bullish,of 2 ratings,$13
EFOI,$15.81,1439821263971,"320,846",50% bullish,of 2 ratings,$17
ERII,$2.8,1439821263997,900,80% bullish,of 5 ratings,$2.50
EXXI,$1.6901,1439821264180,"158,863",86% bullish,of 7 ratings,$3.50
ENOC,$8.78,1439821264374,"16,043",75% bullish,of 4 ratings,$18
ENG,$1.09,1439821264503,"2,500",100% bullish,of 3 ratings,N/A
ENFC,NULL,1439821264560,0,Not yet rated,NULL,N/A
ENPH,$5.42,1439821264582,"66,238",75% bullish,of 4 ratings,$11
ESGR,$160.86,1439821264614,"2,144",100% bearish,of 1 rating,$185
ETRM,$0.275,1439821264636,"266,460",69% bearish,of 35 ratings,$1.625
ENTG,$14.67,1439821264671,"100,265",100% bearish,of 1 rating,$18
ENTL,$22.4,1439821264767,102,Not yet rated,NULL,$28
EBTC,$20.3,1439821264797,106,Not yet rated,NULL,N/A
EGT,NULL,1439821264935,0,100% bullish,of 1 rating,N/A
EFSC,$24.62,1439821264960,"3,553",Not yet rated,NULL,$27
ENVI,$1.79,1439821265005,"2,300",67% bullish,of 3 ratings,N/A
ENZN,$1.14,1439821265150,"119,437",100% bullish,of 9 ratings,N/A
ENZY,$8.87,1439821265211,"2,353",67% bullish,of 3 ratings,$9.50
EPIQ,$14.02,1439821265352,"1,818",100% bearish,of 1 rating,$18
EPZM,$17.51,1439821265403,"16,106",60% bullish,of 5 ratings,$34
PLUS,$74,1439821265439,542,50% bullish,of 2 ratings,$88
EPRS,$5.06,1439821265465,"5,925",82% bullish,of 11 ratings,$15
EQFN,NULL,1439821265535,0,Not yet rated,NULL,N/A
EQIX,$282.8,1439821265561,"24,800",67% bullish,of 3 ratings,$312.50
EAC,$3.57,1439821265689,349,100% bearish,of 1 rating,$7.50
ERIE,$86.06,1439821265778,797,Not yet rated,NULL,$73
ERIC,$10.365,1439821265806,"323,070",63% bullish,of 8 ratings,$13.30
ESCA,$18.49,1439821265836,882,100% bearish,of 1 rating,$22
ESCR,NULL,1439821265941,0,50% bullish,of 2 ratings,N/A
ESMC,$1.31,1439821266014,606,Not yet rated,NULL,N/A
ESCRP,$1.63,1439821266143,500,100% bearish,of 1 rating,N/A
ESSA,$12.9,1439821266172,"1,062",100% bearish,of 1 rating,N/A
ESPR,$69.995,1439821266198,"125,483",67% bearish,of 9 ratings,$130
EPIX,NULL,1439821266237,0,Not yet rated,NULL,N/A
ESND,$36.34,1439821266332,"4,082",100% bearish,of 1 rating,$40
ETSY,$16.89,1439821266399,"172,740",80% bullish,of 5 ratings,$16
ESSX,$0.48,1439821266424,"1,100",50% bullish,of 2 ratings,N/A
EEFT,$68.41,1439821266566,"6,153",100% bearish,of 1 rating,$67.50
CLWT,$2.52,1439821266653,10,100% bearish,of 1 rating,N/A
ESEA,$6.46,1439821266708,79,100% bullish,of 1 rating,$15
EVEP,$9.15,1439821266733,"112,229",50% bullish,of 2 ratings,$15
EVLV,$2.21,1439821266938,"7,933",60% bullish,of 5 ratings,$6.50
EVK,$4.15,1439821267008,"1,584",75% bearish,of 4 ratings,N/A
EVOL,$6.3996,1439821267096,"1,023",75% bullish,of 4 ratings,$10
EVOK,$4.5112,1439821267126,191,100% bearish,of 1 rating,$13.75
EXAC,$18.41,1439821267184,"2,690",100% bearish,of 1 rating,$22.50
EXAS,$23.09,1439821267231,"51,751",78% bullish,of 9 ratings,$31
EXEL,$5.81,1439821267280,"253,811",81% bullish,of 16 ratings,$6
EXA,$10.63,1439821267305,"2,040",100% bearish,of 1 rating,$13
EXFO,$2.9,1439821267443,"1,100",67% bearish,of 3 ratings,$3.95
EXPD,$49,1439821267474,"56,912",80% bullish,of 5 ratings,$50.50
EXLS,$37,1439821267501,"5,744",100% bullish,of 1 rating,$41
EXPO,$43.51,1439821267542,"6,647",100% bearish,of 1 rating,$45.50
EXPE,$121.375,1439821267571,"69,842",64% bullish,of 11 ratings,$130
EXLP,$20.88,1439821267730,"30,886",100% bearish,of 1 rating,$27
ESRX,$88.7899,1439821267790,"168,560",67% bearish,of 6 ratings,$101
EXTR,$2.945,1439821267871,"53,885",80% bullish,of 5 ratings,$3
EYEG,$3.904,1439821267959,"1,525",Not yet rated,NULL,N/A
EYEGW,NULL,1439821267986,0,Not yet rated,NULL,N/A
EZCH,$20.95,1439821268011,"24,253",75% bullish,of 8 ratings,$19.50
EZPW,$6.13,1439821268163,"29,394",50% bullish,of 4 ratings,$7.50
FB,$93.745,1439821268223,"2,880,997",73% bullish,of 1063 ratings,$111
FCS,$14.44,1439821268259,"41,929",67% bearish,of 3 ratings,$17
FFIV,$132.59,1439821268300,"54,435",71% bullish,of 7 ratings,$132
FRP,$17.61,1439821268357,"2,673",100% bearish,of 1 rating,$18
FWM,$2.27,1439821268386,"13,674",100% bearish,of 2 ratings,$3.20
FALC,$1.66,1439821268492,"23,635",63% bearish,of 8 ratings,N/A
DAVE,$14.89,1439821268527,"4,796",100% bearish,of 1 rating,$15.50
FARM,$23.75,1439821268656,"4,776",100% bearish,of 1 rating,$35
FFKT,$26.69,1439821268682,"2,519",Not yet rated,NULL,$29
FMNB,$7.94,1439821268811,"6,668",Not yet rated,NULL,N/A
FAST,$40.36,1439821268890,"79,743",80% bullish,of 5 ratings,$46
FARO,$42.25,1439821268979,"11,567",50% bullish,of 2 ratings,$48
FBSS,NULL,1439821269040,0,Not yet rated,NULL,N/A
FBRC,$23.12,1439821269106,"1,609",100% bearish,of 1 rating,$29
FATE,$7.555,1439821269136,"1,633",100% bearish,of 1 rating,$11
FDML,$9.71,1439821269202,"14,183",50% bullish,of 4 ratings,$14
FNHC,$24.23,1439821269228,"13,354",100% bearish,of 1 rating,$35
FHCO,$1.49,1439821269264,"3,700",50% bullish,of 4 ratings,N/A
FEIC,$82.122,1439821269289,"25,868",50% bullish,of 2 ratings,$95.50
FENX,$9.78,1439821269362,"8,150",100% bullish,of 1 rating,$14.25
FCSC,$6.542,1439821269519,"22,708",100% bearish,of 1 rating,$8.125
ONEQ,$198.066,1439821269651,"1,684",100% bullish,of 1 rating,N/A
FGEN,$24.99,1439821269676,"105,796",100% bearish,of 1 rating,$39
FDUS,$14.47,1439821269825,"9,710",100% bullish,of 1 rating,$18
LION,$20.39,1439821269847,"31,517",100% bullish,of 1 rating,$20
FSAM,$8.67,1439821269878,"1,346",100% bearish,of 1 rating,$11
FRGI,$55.01,1439821269900,"23,428",50% bullish,of 2 ratings,$70
FSC,$6.495,1439821269935,"88,520",75% bullish,of 4 ratings,$8
FSFR,$9.18,1439821270031,"12,879",100% bearish,of 1 rating,$11.50
FITB,$20.94,1439821270064,"303,756",54% bullish,of 13 ratings,$22
FSCFL,$24.98,1439821270164,400,Not yet rated,NULL,N/A
FNGN,$36.42,1439821270195,"25,899",67% bullish,of 3 ratings,$47
FNSR,$17.4,1439821270269,"116,249",83% bullish,of 6 ratings,$25
FISI,$24.35,1439821270297,836,100% bullish,of 2 ratings,$24.50
FITBI,$27.75,1439821270326,"1,695",Not yet rated,NULL,N/A
FNJN,$1.7688,1439821270430,"3,874",100% bearish,of 1 rating,$5
FNTC,NULL,1439821270580,0,Not yet rated,NULL,N/A
FEYE,$42.71,1439821270722,"360,121",87% bullish,of 15 ratings,$55.50
FNTCU,NULL,1439821270752,0,Not yet rated,NULL,N/A
FNTCW,NULL,1439821270776,0,Not yet rated,NULL,N/A
FBNC,$17.07,1439821270798,200,100% bullish,of 1 rating,$20
FNLC,$18.74,1439821270836,"6,150",100% bullish,of 1 rating,N/A
FRBA,$6.02,1439821270859,50,Not yet rated,NULL,$8
BUSE,$6.37,1439821270936,"1,884",Not yet rated,NULL,$6.875
FCAP,$26.12,1439821271099,"4,166",Not yet rated,NULL,N/A
FCVA,NULL,1439821271163,0,Not yet rated,NULL,N/A
FCNCA,$252.04,1439821271195,94,Not yet rated,NULL,N/A
FBIZ,$44.26,1439821271245,925,100% bearish,of 2 ratings,$52
FCFS,$38.4152,1439821271271,"10,666",100% bearish,of 2 ratings,$48
FCBC,$18.05,1439821271428,"2,302",Not yet rated,NULL,$17
FCLF,$9.2,1439821271454,200,Not yet rated,NULL,N/A
FCCO,$12,1439821271489,101,Not yet rated,NULL,$13.25
FCFP,$7,1439821271590,"1,000",Not yet rated,NULL,N/A
FBNK,$16.17,1439821271621,105,100% bearish,of 1 rating,$17.50
FFBCW,NULL,1439821271660,0,100% bearish,of 1 rating,N/A
FFBC,$19.085,1439821271803,"9,223",67% bearish,of 3 ratings,$20.25
FFIN,$32.64,1439821271871,"2,321",50% bullish,of 2 ratings,$31.75
FDEF,$36.945,1439821271897,"2,124",Not yet rated,NULL,$38
THFF,$33.48,1439821272097,760,Not yet rated,NULL,$35
FFNW,$12.49,1439821272132,"1,376",Not yet rated,NULL,$14
FFWM,$21.5,1439821272185,592,Not yet rated,NULL,$24
FRME,$25.94,1439821272386,"114,675",Not yet rated,NULL,$26.50
FIBK,$28.09,1439821272418,"8,023",Not yet rated,NULL,$32
INBK,$35.4999,1439821272441,"5,963",50% bullish,of 2 ratings,$37
FMBH,$21.83,1439821272466,"1,000",Not yet rated,NULL,N/A
FMBI,$18.34,1439821272497,"11,536",Not yet rated,NULL,$20
FNBC,$36.55,1439821272686,"4,763",Not yet rated,NULL,$41
FNFG,$9.68,1439821272716,"198,437",80% bullish,of 5 ratings,$9
FSFG,$30.49,1439821272818,"4,468",Not yet rated,NULL,N/A
FFNM,$6.42,1439821272843,400,Not yet rated,NULL,N/A
FNWB,$12.32,1439821272873,"1,000",Not yet rated,NULL,N/A
FSGI,NULL,1439821272898,0,Not yet rated,NULL,N/A
FSLR,$51.242,1439821273059,"179,844",74% bullish,of 39 ratings,$65
FSBK,$7.8,1439821273085,536,100% bullish,of 1 rating,N/A
FBZ,NULL,1439821273220,0,Not yet rated,NULL,N/A
BICK,NULL,1439821273251,0,100% bullish,of 1 rating,N/A
FCAN,NULL,1439821273278,0,Not yet rated,NULL,N/A
FCA,NULL,1439821273350,0,Not yet rated,NULL,N/A
FEMB,NULL,1439821273442,0,Not yet rated,NULL,N/A
FV,$24.686,1439821273480,"143,890",Not yet rated,NULL,N/A
IFV,$18.8376,1439821273614,"216,102",100% bearish,of 1 rating,N/A
FTCS,$38.4003,1439821273644,"1,302",Not yet rated,NULL,N/A
FTSM,$59.9228,1439821273746,778,100% bearish,of 1 rating,N/A
FEUZ,NULL,1439821273773,0,Not yet rated,NULL,N/A
TDIV,$25.9812,1439821273905,"5,610",100% bearish,of 1 rating,N/A
FTGC,$22.885,1439821273934,"154,103",Not yet rated,NULL,N/A
MDIV,$19.84,1439821273956,"17,293",Not yet rated,NULL,N/A
FTHI,$20.95,1439821274042,508,Not yet rated,NULL,N/A
FGM,$37.3325,1439821274105,"2,006",Not yet rated,NULL,N/A
HYLS,$49.77,1439821274139,"14,428",100% bearish,of 1 rating,N/A
FHK,$35.69,1439821274166,914,Not yet rated,NULL,N/A
FPXI,NULL,1439821274315,0,Not yet rated,NULL,N/A
YDIV,NULL,1439821274342,0,Not yet rated,NULL,N/A
SKYY,$30.3401,1439821274363,"1,743",100% bullish,of 1 rating,N/A
PLTM,$6.46,1439821274491,848,100% bearish,of 1 rating,N/A
CU,$13.18,1439821274530,853,100% bearish,of 1 rating,N/A
FTLB,NULL,1439821274585,0,100% bearish,of 1 rating,N/A
FJP,$50.4167,1439821274614,"3,906",Not yet rated,NULL,N/A
LMBS,NULL,1439821274717,0,Not yet rated,NULL,N/A
FMB,$51.2,1439821274750,204,Not yet rated,NULL,N/A
QABA,$39.2999,1439821274847,"1,714",100% bearish,of 1 rating,N/A
CIBR,$19.58,1439821274876,"14,937",Not yet rated,NULL,N/A
FONE,$36.47,1439821274906,160,Not yet rated,NULL,N/A
QCLN,$16,1439821275012,"2,976",Not yet rated,NULL,N/A
GRID,NULL,1439821275043,0,100% bearish,of 1 rating,N/A
CARZ,$36.87,1439821275149,62,100% bearish,of 1 rating,N/A
RDVY,$22.21,1439821275214,"3,642",Not yet rated,NULL,N/A
QQEW,$44.04,1439821275279,"1,272",Not yet rated,NULL,N/A
QQXT,$42.565,1439821275307,"1,851",Not yet rated,NULL,N/A
AIRR,$16.93,1439821275351,"4,235",100% bearish,of 1 rating,N/A
QTEC,$42.02,1439821275376,"1,382",Not yet rated,NULL,N/A
QINC,$21.44,1439821275519,101,Not yet rated,NULL,N/A
FDIV,NULL,1439821275647,0,100% bearish,of 1 rating,N/A
FKO,NULL,1439821275672,0,Not yet rated,NULL,N/A
FTSL,$48.9712,1439821275700,"8,138",100% bearish,of 1 rating,N/A
FTW,$31.1,1439821275729,251,Not yet rated,NULL,N/A
FSZ,$40.695,1439821275750,374,Not yet rated,NULL,N/A
TUSA,NULL,1439821275879,0,Not yet rated,NULL,N/A
FKU,$43.892,1439821276050,845,Not yet rated,NULL,N/A
FMER,$18.6,1439821276071,"63,767",50% bullish,of 2 ratings,$20
FUNC,$8.3,1439821276103,400,Not yet rated,NULL,N/A
FSV,NULL,1439821276129,0,Not yet rated,NULL,$33.60
SVVC,$10.67,1439821276155,"6,700",100% bullish,of 1 rating,$26
FISV,$89.55,1439821276287,"41,966",100% bearish,of 3 ratings,$90
FIVE,$37.82,1439821276358,"64,473",75% bearish,of 4 ratings,$44
FLML,$21.1,1439821276421,"34,269",50% bullish,of 2 ratings,$30
FPRX,$18.83,1439821276488,"35,908",50% bullish,of 2 ratings,$35
FLKS,$14.24,1439821276518,"1,603",50% bullish,of 2 ratings,$27
FLXN,$23.0901,1439821276562,"2,300",100% bearish,of 1 rating,$39.50
SKOR,$50.43,1439821276589,20,Not yet rated,NULL,N/A
FIVN,$4.505,1439821276615,"39,784",100% bullish,of 1 rating,$8.50
MBSD,NULL,1439821276747,0,Not yet rated,NULL,N/A
FLXS,$40.1,1439821276947,"2,180",100% bearish,of 2 ratings,N/A
FLIR,$30.455,1439821276974,"10,940",100% bearish,of 1 rating,$38.50
FLEX,$11.135,1439821277005,"120,343",63% bullish,of 8 ratings,$12
FLDM,$12.78,1439821277104,"50,073",67% bearish,of 3 ratings,$21.50
FFIC,$20.84,1439821277134,"2,938",Not yet rated,NULL,$21
FOGO,$19.17,1439821277181,"14,346",50% bullish,of 2 ratings,$25.50
FOMX,$10.005,1439821277242,"7,869",50% bullish,of 2 ratings,$23.50
FONR,$9.68,1439821277271,401,100% bullish,of 1 rating,N/A
FORM,$6.69,1439821277347,"11,170",67% bullish,of 3 ratings,$10.50
FES,$1.07,1439821277403,120,50% bullish,of 2 ratings,$1
FORR,$32.31,1439821277486,"3,542",Not yet rated,NULL,N/A
FORTY,$35.64,1439821277512,100,Not yet rated,NULL,N/A
FTNT,$46.92,1439821277546,"80,920",80% bullish,of 10 ratings,$52
FBIO,$3.1,1439821277573,"24,165",83% bullish,of 6 ratings,N/A
FWRD,$48.445,1439821277664,"12,878",100% bearish,of 1 rating,$50
FORD,$1.12,1439821277799,"366,993",50% bullish,of 2 ratings,N/A
FWP,$25.687,1439821277871,"3,447",100% bearish,of 1 rating,$45
FOSL,$61.56,1439821277933,"74,173",50% bullish,of 4 ratings,$70
FXCB,$17.42,1439821277960,112,Not yet rated,NULL,$19
FMI,$20.5,1439821278012,"33,255",100% bearish,of 2 ratings,$27.50
FOXF,$15.75,1439821278089,"2,749",100% bearish,of 1 rating,$19
FRAN,$11.37,1439821278116,"51,928",50% bullish,of 4 ratings,$15
FRED,$14.43,1439821278194,"3,604",50% bullish,of 2 ratings,$16.50
FELE,$30.05,1439821278247,"12,888",50% bullish,of 4 ratings,$33
FREE,$0.5,1439821278279,"116,257",92% bullish,of 12 ratings,N/A
RAIL,$21.65,1439821278323,"13,663",100% bearish,of 1 rating,$24.50
FEIM,$10.81,1439821278382,100,100% bearish,of 1 rating,N/A
FRPT,$14.46,1439821278525,"18,645",67% bearish,of 3 ratings,$23.50
FTR,$5.56,1439821278551,"1,542,381",78% bullish,of 27 ratings,$6.25
FTRPR,$107.57,1439821278575,"10,500",100% bearish,of 1 rating,N/A
FRPH,$31.28,1439821278785,106,100% bearish,of 1 rating,N/A
FTD,$29.96,1439821278815,"3,672",100% bearish,of 1 rating,$40
FSBW,NULL,1439821278851,0,Not yet rated,NULL,N/A
FSYS,$6.69,1439821278950,"7,075",67% bullish,of 3 ratings,$10
FCEL,$0.8201,1439821278984,"52,466",88% bullish,of 40 ratings,$2.65
FULL,$3.2099,1439821279088,"15,101",67% bearish,of 3 ratings,$4.25
FTEK,$2.2301,1439821279118,"9,000",75% bullish,of 4 ratings,N/A
FLL,$1.55,1439821279219,600,75% bullish,of 4 ratings,$2.825
FULT,$13.05,1439821279252,"46,622",100% bearish,of 1 rating,$13
FULLL,$25.5,1439821279273,300,Not yet rated,NULL,N/A
FFHL,$0.88,1439821279357,30,50% bullish,of 4 ratings,N/A
FSNN,$2.65,1439821279487,88,67% bullish,of 3 ratings,$6
FXEN,$1.01,1439821279541,"64,306",75% bullish,of 4 ratings,$1.10
FXENP,NULL,1439821279583,0,100% bearish,of 1 rating,N/A
WILC,$5.25,1439821279619,"3,693",100% bullish,of 2 ratings,N/A
GK,$71.14,1439821279648,"1,383",Not yet rated,NULL,$78
GLPG,$59.51,1439821279717,"3,505",100% bullish,of 1 rating,$75
GAIA,$6.14,1439821279864,"1,934",50% bullish,of 2 ratings,$8.50
GALTU,NULL,1439821279961,0,100% bearish,of 1 rating,N/A
GALT,$2.24,1439821280010,"19,515",80% bullish,of 5 ratings,N/A
GALE,$1.4301,1439821280036,"108,188",89% bullish,of 47 ratings,$4
GLMD,$8.6001,1439821280062,"6,050",67% bullish,of 3 ratings,$20.50
GALTW,NULL,1439821280086,0,100% bullish,of 1 rating,N/A
GLPI,$33.17,1439821280262,"14,455",100% bearish,of 1 rating,$37.50
GPIC,$10.27,1439821280294,864,100% bearish,of 1 rating,N/A
GGACU,NULL,1439821280394,0,Not yet rated,NULL,N/A
GRMN,$39.83,1439821280504,"49,024",50% bullish,of 6 ratings,$48
GGACR,NULL,1439821280535,0,100% bullish,of 1 rating,N/A
GGAC,NULL,1439821280563,0,100% bearish,of 1 rating,N/A
GGACW,NULL,1439821280590,0,Not yet rated,NULL,N/A
GARS,$14.9,1439821280639,"2,926",Not yet rated,NULL,$16
GENC,$9.49,1439821280721,125,100% bearish,of 1 rating,N/A
GFN,$4,1439821280906,"21,194",100% bearish,of 2 ratings,$8
GNCMA,$17.99,1439821280936,"5,333",100% bearish,of 1 rating,$12
GFNCP,$93.77,1439821280970,100,Not yet rated,NULL,N/A
GNMK,$9.35,1439821281039,"11,624",67% bullish,of 6 ratings,$14
GENE,$2.675,1439821281071,"17,471",100% bullish,of 12 ratings,N/A
GFNSL,NULL,1439821281099,0,Not yet rated,NULL,N/A
GNCA,$13.01,1439821281209,"9,531",100% bearish,of 1 rating,$20
GNTX,$15.77,1439821281289,"117,530",Not yet rated,NULL,$20
GHDX,$25.64,1439821281318,"20,142",50% bullish,of 2 ratings,$30
THRM,$48.26,1439821281351,"15,362",75% bearish,of 4 ratings,$55.50
GNVC,$2.43,1439821281452,"2,407",90% bullish,of 10 ratings,$8.50
GTWN,NULL,1439821281478,0,Not yet rated,NULL,N/A
GEOS,$15.48,1439821281510,"5,085",100% bearish,of 3 ratings,$25.50
GABC,$29.33,1439821281613,129,Not yet rated,NULL,$31.50
GERN,$3.135,1439821281653,"239,623",88% bullish,of 16 ratings,$5.25
GEVO,$2.1899,1439821281799,"52,018",75% bullish,of 12 ratings,N/A
GIGM,$0.653,1439821281909,"11,735",100% bullish,of 2 ratings,N/A
ROCK,$18.635,1439821281938,"54,524",80% bullish,of 5 ratings,$24
GIGA,$1.4301,1439821281966,"7,914",100% bearish,of 1 rating,N/A
GIII,$69.38,1439821281996,"14,300",67% bullish,of 3 ratings,$75
GILD,$115.96,1439821282018,"649,351",91% bullish,of 86 ratings,$129
GILT,$4.56,1439821282095,"3,220",50% bullish,of 2 ratings,N/A
GBCI,$27.93,1439821282187,"7,513",50% bullish,of 2 ratings,$31
GLAD,$8.24,1439821282287,"10,118",50% bullish,of 2 ratings,$8.75
GOOD,$15.916,1439821282416,"10,491",Not yet rated,NULL,$19
GOODO,NULL,1439821282443,0,Not yet rated,NULL,N/A
GLADO,$25.59,1439821282464,600,Not yet rated,NULL,N/A
GOODN,NULL,1439821282496,0,Not yet rated,NULL,N/A
GOODP,NULL,1439821282526,0,Not yet rated,NULL,N/A
GAIN,$7.959,1439821282627,"30,529",100% bullish,of 2 ratings,$8.25
GAINN,$25.1799,1439821282651,"4,660",Not yet rated,NULL,N/A
GAINO,$25.58,1439821282681,765,Not yet rated,NULL,N/A
GLBZ,NULL,1439821282899,0,Not yet rated,NULL,N/A
LAND,$9.6675,1439821282926,"1,483",50% bullish,of 2 ratings,$13.75
GAINP,$26.14,1439821282954,45,Not yet rated,NULL,N/A
GDEF,$10.54,1439821282981,1,Not yet rated,NULL,N/A
GBT,$49.9062,1439821283010,"63,156",Not yet rated,NULL,N/A
ENT,$12.365,1439821283114,"5,847",100% bearish,of 1 rating,$18
GBLI,$26.942,1439821283185,318,Not yet rated,NULL,N/A
GPACU,NULL,1439821283259,0,Not yet rated,NULL,N/A
QQQC,$21.04,1439821283325,"6,592",100% bearish,of 1 rating,N/A
ACTX,NULL,1439821283351,0,100% bullish,of 1 rating,N/A
SOCL,$18.55,1439821283372,"2,523",100% bullish,of 2 ratings,N/A
GSOL,$8.53,1439821283426,"2,869",100% bearish,of 1 rating,N/A
ALTY,NULL,1439821283502,0,Not yet rated,NULL,N/A
SRET,$13.79,1439821283649,"2,925",Not yet rated,NULL,N/A
GAI,$5.55,1439821283716,412,50% bullish,of 2 ratings,N/A
GSM,$14.12,1439821283753,"20,090",50% bullish,of 2 ratings,$24.50
YLCO,NULL,1439821283792,0,Not yet rated,NULL,N/A
GLBS,$1.15,1439821283886,"2,319",67% bullish,of 3 ratings,N/A
GLRI,$1.2113,1439821283922,"2,362",100% bearish,of 1 rating,$6
GBIM,$2.39,1439821283943,"2,973",50% bullish,of 2 ratings,N/A
GLUU,$4.67,1439821284043,"138,903",92% bullish,of 26 ratings,$9
GOGO,$16.425,1439821284149,"75,585",80% bullish,of 5 ratings,$25
GLYC,$7.45,1439821284176,"7,661",50% bullish,of 2 ratings,$14
GMLP,$20.37,1439821284309,"10,979",50% bullish,of 4 ratings,$33
GLNG,$38.04,1439821284344,"138,453",83% bullish,of 6 ratings,$58
GDEN,$9.12,1439821284375,300,50% bullish,of 2 ratings,N/A
GOGL,$3.7137,1439821284439,"23,883",75% bullish,of 4 ratings,$5
GLDC,NULL,1439821284465,0,50% bullish,of 2 ratings,N/A
GBDC,$16.56,1439821284491,"13,140",Not yet rated,NULL,$17.75
GOOG,$656.125,1439821284658,"151,370",89% bullish,of 64 ratings,$795
GTIM,$7.3275,1439821284793,"2,060",Not yet rated,NULL,$11.50
GPRO,$59.35,1439821284820,"420,768",79% bullish,of 58 ratings,$72
GOOGL,$688.9,1439821284841,"126,551",88% bullish,of 1078 ratings,$747
GPIA,NULL,1439821284878,0,Not yet rated,NULL,N/A
GMAN,$4.64,1439821284899,"28,262",60% bullish,of 5 ratings,$8
GPIAU,NULL,1439821284974,0,Not yet rated,NULL,N/A
GPIAW,NULL,1439821285106,0,Not yet rated,NULL,N/A
LOPE,$39.39,1439821285132,"15,323",100% bearish,of 2 ratings,$50
GRVY,$3.41,1439821285262,100,50% bullish,of 2 ratings,N/A
GLDD,$5.58,1439821285288,"4,932",100% bearish,of 4 ratings,$7.75
GBSN,$2.46,1439821285334,"3,178",100% bearish,of 1 rating,$8.25
GBSNU,NULL,1439821285360,0,Not yet rated,NULL,N/A
GRBK,$13.944,1439821285492,"30,879",77% bullish,of 13 ratings,N/A
GPP,NULL,1439821285540,0,Not yet rated,NULL,$20.50
GSBC,$40.834,1439821285625,418,100% bullish,of 1 rating,$44
GPRE,$23.2,1439821285656,"37,639",67% bullish,of 6 ratings,$28.50
GNBC,$13.48,1439821285678,714,100% bearish,of 1 rating,$17
GLRE,$26.4,1439821285712,"6,810",100% bullish,of 1 rating,$41
GCBC,NULL,1439821285761,0,100% bullish,of 1 rating,N/A
GRIF,NULL,1439821285862,0,100% bearish,of 1 rating,N/A
GRFS,$32.065,1439821285887,"32,736",50% bullish,of 2 ratings,$35
GGAL,$20.59,1439821286058,"53,746",80% bullish,of 5 ratings,$40
GRPN,$4.32,1439821286115,"621,353",61% bullish,of 71 ratings,$6.75
GSIG,$13.48,1439821286141,"1,082",100% bearish,of 2 ratings,N/A
OMAB,$42.95,1439821286174,"1,232",100% bullish,of 1 rating,$44
GSIT,$5,1439821286272,617,100% bearish,of 1 rating,N/A
GSVC,$9.443,1439821286299,"10,622",50% bullish,of 2 ratings,$14.50
GTXI,$0.95,1439821286326,"8,771",100% bullish,of 5 ratings,$.75
GBNK,$15.97,1439821286460,739,100% bearish,of 1 rating,$18
GUID,$9.11,1439821286537,"14,345",100% bearish,of 3 ratings,$10
GULTU,$0.39,1439821286570,"5,150",100% bearish,of 1 rating,N/A
GFED,NULL,1439821286591,0,Not yet rated,NULL,$17
GIFI,$11.97,1439821286668,"3,172",100% bearish,of 1 rating,$16
GPOR,$36.16,1439821286737,"300,736",75% bullish,of 4 ratings,$55.50
GURE,$1.89,1439821286767,"13,822",88% bullish,of 8 ratings,N/A
GWPH,$113.512,1439821286908,"25,080",78% bullish,of 9 ratings,$148.50
GYRO,NULL,1439821286982,0,100% bearish,of 1 rating,N/A
GWGH,NULL,1439821287004,0,100% bearish,of 1 rating,$15.05
HEES,$17.3,1439821287034,"32,871",67% bearish,of 3 ratings,$31
HNRG,$7.66,1439821287086,"32,390",100% bearish,of 1 rating,$10
HALO,$19.2,1439821287287,"150,381",67% bullish,of 3 ratings,$22.50
HLG,$9.44,1439821287321,153,100% bearish,of 1 rating,N/A
HBK,$13.5,1439821287374,400,50% bullish,of 2 ratings,N/A
HALL,$11.42,1439821287403,"11,892",Not yet rated,NULL,N/A
HMPR,$1.95,1439821287434,800,100% bullish,of 1 rating,N/A
HBHC,$28.78,1439821287463,"23,689",50% bullish,of 2 ratings,$30
HNH,$28.6,1439821287488,157,100% bullish,of 1 rating,N/A
HBHCL,$24.67,1439821287535,"2,069",Not yet rated,NULL,N/A
HAFC,$25.47,1439821287757,"5,591",100% bullish,of 2 ratings,$28.50
HQCL,$10.99,1439821287835,510,67% bullish,of 3 ratings,N/A
HNSN,$0.51,1439821287860,"87,556",88% bullish,of 8 ratings,$.40
HDNG,$9.2099,1439821287926,420,50% bullish,of 4 ratings,N/A
HLIT,$5.8,1439821288059,"59,819",100% bearish,of 1 rating,$6.50
HRMN,NULL,1439821288087,0,Not yet rated,NULL,N/A
HRMNU,NULL,1439821288114,0,Not yet rated,NULL,N/A
TINY,$2.58,1439821288197,"1,400",50% bullish,of 2 ratings,$5.26
HART,$0.7901,1439821288245,"5,030",100% bearish,of 1 rating,N/A
HRMNW,NULL,1439821288270,0,Not yet rated,NULL,N/A
HCAP,$12.29,1439821288298,"1,674",50% bullish,of 2 ratings,$15
HBIO,$4.45,1439821288328,"8,764",Not yet rated,NULL,$10
HCAPL,NULL,1439821288454,0,Not yet rated,NULL,N/A
HAS,$80.34,1439821288557,"60,875",63% bullish,of 8 ratings,$84.50
HA,$25.39,1439821288659,"75,589",67% bullish,of 9 ratings,$27
HCOM,$23.071,1439821288731,"2,350",100% bearish,of 1 rating,$28
HWBK,NULL,1439821288801,0,100% bearish,of 1 rating,N/A
HWKN,$38.3999,1439821288829,812,Not yet rated,NULL,N/A
HAYN,$41.16,1439821288887,"6,866",100% bearish,of 1 rating,$59
HQY,$33.93,1439821288958,"38,901",67% bullish,of 3 ratings,$31
HDS,$34.3,1439821288987,"82,099",100% bearish,of 2 ratings,$39.50
HIIQ,$4.53,1439821289009,969,50% bullish,of 2 ratings,$7
HSTM,$25.8,1439821289046,"3,410",50% bullish,of 2 ratings,$33.75
HCSG,$34.7,1439821289147,"10,420",50% bullish,of 4 ratings,$35
HTLD,$21.32,1439821289249,"19,303",Not yet rated,NULL,$22.50
HTLF,$37.45,1439821289276,"6,117",100% bullish,of 1 rating,$39.50
HWAY,$12.46,1439821289306,"19,647",100% bearish,of 1 rating,$15
HTWR,$90.18,1439821289409,"12,422",50% bullish,of 2 ratings,$103
HTBX,$5.55,1439821289474,"6,606",50% bullish,of 2 ratings,$15.50
HSII,$20.195,1439821289575,"3,075",100% bullish,of 3 ratings,$25
HMNY,NULL,1439821289641,0,100% bearish,of 1 rating,N/A
HELE,$90.31,1439821289668,"3,483",67% bearish,of 3 ratings,$100
HMTV,$13.49,1439821289749,441,100% bearish,of 1 rating,$16
HSIC,$145,1439821289799,"27,088",83% bullish,of 6 ratings,$146
HNNA,$23.21,1439821289825,200,Not yet rated,NULL,N/A
HERO,$0.0721,1439821289847,"428,831",81% bullish,of 16 ratings,$.75
HCACU,NULL,1439821289877,0,Not yet rated,NULL,N/A
HTBK,$10.89,1439821290044,"5,578",Not yet rated,NULL,$12
HFWA,$18.18,1439821290106,311,100% bullish,of 1 rating,$20
HCCI,$12.7,1439821290144,"2,450",100% bearish,of 1 rating,$16.50
HEOP,$7.96,1439821290204,100,Not yet rated,NULL,$8.50
MLHR,$28.82,1439821290232,"22,274",100% bullish,of 1 rating,$33.50
HSKA,$33.9238,1439821290285,"1,617",100% bearish,of 1 rating,$38
HRTX,$30.4,1439821290371,"45,110",67% bullish,of 6 ratings,$41
HFFC,$16.5,1439821290399,2,Not yet rated,NULL,N/A
HIBB,$41.04,1439821290590,"13,309",100% bearish,of 1 rating,$48.50
HIMX,$6.84,1439821290642,"149,192",85% bullish,of 20 ratings,$8.50
HIHO,$3.95,1439821290669,"3,790",Not yet rated,NULL,N/A
HPJ,$2.7899,1439821290690,"1,601",75% bullish,of 4 ratings,$12.43
HIFS,$119.5,1439821290821,204,Not yet rated,NULL,N/A
HMNF,$11.5,1439821290848,20,Not yet rated,NULL,N/A
HSGX,$6.5234,1439821290869,750,100% bearish,of 1 rating,$17
HMSY,$9.82,1439821291012,"173,790",67% bullish,of 3 ratings,$19.35
HOLX,$42.54,1439821291041,"157,226",67% bullish,of 3 ratings,$42
HOLI,$18.8,1439821291068,"65,621",50% bullish,of 4 ratings,$27
HOMB,$41.055,1439821291178,"33,856",Not yet rated,NULL,$41
HBCP,NULL,1439821291237,0,Not yet rated,NULL,$29
HFBL,NULL,1439821291306,0,Not yet rated,NULL,N/A
AWAY,$30.56,1439821291406,"56,678",67% bullish,of 3 ratings,$36
HMST,$22.015,1439821291433,"4,199",100% bullish,of 2 ratings,$27
HMIN,$29.3,1439821291466,"9,914",100% bearish,of 2 ratings,$35
HTBI,$18.35,1439821291562,"6,102",67% bullish,of 3 ratings,$18.625
CETC,$1.01,1439821291592,"28,100",86% bullish,of 7 ratings,N/A
HKTV,$5.21,1439821291620,868,100% bearish,of 1 rating,N/A
HOFT,$25.2,1439821291646,857,100% bearish,of 1 rating,N/A
HZNP,$31.48,1439821291792,"297,955",85% bullish,of 20 ratings,$40
HBNC,$24.45,1439821291828,"1,060",100% bullish,of 1 rating,$27
HFBC,$11.6299,1439821291856,102,Not yet rated,NULL,N/A
HRZN,$11.23,1439821291989,"6,694",100% bearish,of 1 rating,$14.25
ZINC,$8.83,1439821292025,"38,193",100% bearish,of 1 rating,$17
HDP,$25.79,1439821292051,"32,553",67% bearish,of 3 ratings,$30.50
HMHC,$23.51,1439821292200,"33,661",Not yet rated,NULL,$27
HBMD,$14.88,1439821292232,100,100% bearish,of 1 rating,N/A
HOVNP,$5.32,1439821292264,702,100% bearish,of 1 rating,N/A
HWCC,$7.32,1439821292334,"16,437",100% bearish,of 1 rating,$9
HTGM,$5.76,1439821292359,"2,396",100% bearish,of 1 rating,$19.50
HSNI,$62.8075,1439821292387,"43,820",Not yet rated,NULL,$80
HCBK,$10.265,1439821292560,"86,211",83% bullish,of 6 ratings,$8.61
HUBG,$41.56,1439821292594,"5,792",100% bearish,of 1 rating,$43
HDSN,$3.17,1439821292622,"5,002",100% bullish,of 1 rating,$6.25
HSON,$3.01,1439821292691,"14,956",100% bearish,of 1 rating,$5
HBANP,$1357,1439821292716,40,100% bearish,of 1 rating,N/A
HURC,$31.01,1439821292778,450,100% bearish,of 1 rating,N/A
HBAN,$11.67,1439821292860,"1,776,604",76% bullish,of 17 ratings,$12.50
HURN,$75.3,1439821292993,"7,331",50% bullish,of 2 ratings,$80
HTCH,$1.59,1439821293068,"1,776",100% bearish,of 1 rating,$3.50
HDRA,NULL,1439821293097,0,Not yet rated,NULL,N/A
HDRAR,NULL,1439821293124,0,Not yet rated,NULL,N/A
HBP,$3.13,1439821293151,100,100% bullish,of 1 rating,N/A
HDRAW,NULL,1439821293369,0,Not yet rated,NULL,N/A
HDRAU,NULL,1439821293398,0,Not yet rated,NULL,N/A
IDSY,NULL,1439821293473,0,100% bearish,of 1 rating,$7
IKGH,$1.67,1439821293530,"2,143",75% bullish,of 4 ratings,N/A
IBKC,$63.15,1439821293558,"7,246",100% bullish,of 1 rating,$70
IACI,$74.64,1439821293588,"39,098",75% bullish,of 4 ratings,$90
ICAD,$3.43,1439821293688,806,50% bullish,of 2 ratings,$7.25
HYGS,$7.69,1439821293771,"6,788",50% bullish,of 2 ratings,$13
ICFI,$35.805,1439821293843,"3,608",50% bullish,of 2 ratings,$48.50
ICLR,$79.13,1439821293916,"552,090",100% bearish,of 3 ratings,$82
ICUI,$122.02,1439821293944,"12,147",Not yet rated,NULL,$122
IEP,$73.14,1439821293975,"47,918",75% bullish,of 4 ratings,$99
ICON,$13.49,1439821294013,"76,027",50% bullish,of 2 ratings,$18.50
IPWR,$7.95,1439821294081,"1,145",100% bullish,of 1 rating,$15
INVE,$4.245,1439821294215,"34,951",75% bullish,of 4 ratings,$4
IDRA,$2.6197,1439821294240,"209,995",89% bullish,of 9 ratings,$6.50
DSKY,$12.47,1439821294426,"15,594",67% bullish,of 6 ratings,$11.50
IDXX,$77.93,1439821294455,"26,569",100% bearish,of 1 rating,$77
IROQ,NULL,1439821294481,0,100% bullish,of 1 rating,N/A
IRG,$4.535,1439821294522,200,100% bearish,of 1 rating,$4.50
RXDX,$13.15,1439821294551,"13,232",100% bullish,of 1 rating,$20
IIVI,$17.37,1439821294616,"14,673",100% bearish,of 1 rating,$22
IKAN,$2.7201,1439821294650,"4,201",83% bullish,of 6 ratings,$5
KANG,$16.6707,1439821294696,"24,079",50% bullish,of 2 ratings,$22.55
IKNX,$11.3475,1439821294794,470,100% bearish,of 1 rating,N/A
ILMN,$208,1439821294838,"78,000",80% bullish,of 5 ratings,$240
ISNS,$4.27,1439821294900,600,50% bullish,of 2 ratings,N/A
ICCC,$9.0501,1439821294997,"2,000",100% bullish,of 1 rating,N/A
IMMR,$12.54,1439821295026,"7,971",80% bullish,of 5 ratings,$15.50
IMDZ,$16.5,1439821295167,"10,875",100% bearish,of 1 rating,$33
IMGN,$13.84,1439821295234,"151,031",75% bullish,of 4 ratings,$17.50
IMNP,$1.6392,1439821295260,"20,079",50% bullish,of 2 ratings,$6
IMMU,$1.78,1439821295318,"39,717",86% bullish,of 7 ratings,$2
IPXL,$45.54,1439821295406,"121,097",67% bullish,of 3 ratings,$46.50
IMMY,$7.7001,1439821295462,"1,650",100% bearish,of 1 rating,$11
INCR,$44.4759,1439821295488,"72,319",50% bullish,of 2 ratings,$53
SAAS,$8.08,1439821295539,"64,240",50% bullish,of 2 ratings,$15
INCY,$106.05,1439821295569,"124,602",50% bullish,of 6 ratings,$125.50
INDB,$48.22,1439821295669,"8,948",Not yet rated,NULL,$44
IBTX,$43.43,1439821295798,"2,407",100% bullish,of 2 ratings,$47.25
IDSA,$3.8018,1439821295828,"6,899",Not yet rated,NULL,N/A
IBCP,$14.448,1439821295850,"7,227",100% bullish,of 1 rating,$14.50
INFI,$9.54,1439821295985,"80,464",50% bullish,of 4 ratings,$18
INFN,$24.3,1439821296015,"393,236",71% bullish,of 7 ratings,$27.50
IPCC,$77.86,1439821296036,438,Not yet rated,NULL,$77
IFON,$1.3999,1439821296095,"39,038",75% bullish,of 4 ratings,N/A
III,$4.31,1439821296207,"3,540",57% bullish,of 7 ratings,$6
IMKTA,$54.6,1439821296238,"5,251",100% bearish,of 1 rating,N/A
INWK,$7.855,1439821296311,"12,004",50% bullish,of 2 ratings,$10
INNL,$12.06,1439821296438,"1,300",100% bearish,of 1 rating,$16.50
INOD,$2.597,1439821296469,500,100% bearish,of 1 rating,N/A
IPHS,$51.325,1439821296499,"8,496",100% bearish,of 1 rating,$60
IOSP,$46.56,1439821296577,"13,398",100% bearish,of 1 rating,N/A
ISSC,$3.003,1439821296601,"2,700",67% bearish,of 3 ratings,N/A
INGN,$50.97,1439821296762,"74,935",100% bearish,of 1 rating,$50.50
ITEK,$15.615,1439821296789,"380,036",67% bearish,of 3 ratings,$20
INOV,$21.28,1439821296811,"9,008",100% bearish,of 1 rating,$33
INO,$7.39,1439821296848,"138,189",89% bullish,of 18 ratings,$20
NSIT,$26.33,1439821296946,"13,231",50% bullish,of 2 ratings,N/A
ISIG,NULL,1439821297018,0,100% bearish,of 1 rating,N/A
IIIN,$17.69,1439821297046,204,100% bearish,of 2 ratings,N/A
INSM,$25.99,1439821297068,"38,007",71% bullish,of 7 ratings,$32
PODD,$30.86,1439821297262,"58,902",50% bullish,of 2 ratings,$35
INSY,$34.83,1439821297293,"77,794",75% bullish,of 4 ratings,$48
NTEC,$6.12,1439821297366,"3,914",Not yet rated,NULL,N/A
IART,$61.825,1439821297429,"14,169",100% bearish,of 1 rating,$71.50
IDTI,$19.12,1439821297451,"109,524",60% bullish,of 5 ratings,$25
IESC,$7.01,1439821297486,"4,066",100% bearish,of 1 rating,N/A
INTC,$28.94,1439821297530,"2,235,737",82% bullish,of 238 ratings,$36
ISSI,$22.17,1439821297585,"15,481",67% bullish,of 3 ratings,$19.75
IQNT,$17.46,1439821297743,"11,601",86% bullish,of 7 ratings,$20
IPAR,$29.11,1439821297809,"11,134",67% bullish,of 3 ratings,$38
IPCI,$2.257,1439821297840,"25,300",67% bullish,of 6 ratings,$7.75
ICPT,$213.88,1439821297913,"26,139",70% bullish,of 10 ratings,$363
IBKR,$41.6152,1439821297939,"26,876",100% bullish,of 1 rating,N/A
ININ,$40.56,1439821297967,"1,201",67% bearish,of 3 ratings,$57
ICLD,$2.06,1439821297994,"832,416",75% bullish,of 4 ratings,N/A
IDCC,$49.655,1439821298277,"13,128",75% bullish,of 4 ratings,$63
ICLDW,$1.06,1439821298306,1,100% bearish,of 1 rating,N/A
ISCA,$33.09,1439821298349,"3,774",100% bearish,of 1 rating,N/A
TILE,$25.785,1439821298374,"84,825",67% bearish,of 3 ratings,$27
IMI,$2.01,1439821298401,96,67% bullish,of 3 ratings,$2.22
INAP,$8.86,1439821298434,"7,228",75% bullish,of 4 ratings,$11
IGLD,$7.7387,1439821298593,200,50% bullish,of 2 ratings,N/A
IBOC,$27.03,1439821298619,"9,012",100% bearish,of 1 rating,N/A
PTNT,NULL,1439821298755,0,Not yet rated,NULL,N/A
IIJI,NULL,1439821298787,0,50% bullish,of 2 ratings,$11.50
XENT,$28.72,1439821298815,"11,758",50% bullish,of 2 ratings,$36.50
INPH,$0.3001,1439821298859,2,50% bullish,of 2 ratings,N/A
INTX,$2.58,1439821298885,"2,394",67% bullish,of 3 ratings,N/A
ISIL,$10.92,1439821298956,"39,688",50% bullish,of 6 ratings,$15
IILG,$21.39,1439821299124,"5,094",100% bearish,of 1 rating,$30.50
IVAC,$5.15,1439821299149,"2,384",Not yet rated,NULL,$6.625
INTL,$28.78,1439821299178,"2,164",67% bearish,of 3 ratings,N/A
INTLL,$25.7,1439821299204,"1,000",Not yet rated,NULL,N/A
IIN,NULL,1439821299335,0,100% bearish,of 1 rating,$12
ITCI,$31.13,1439821299433,"71,348",75% bearish,of 4 ratings,$40
INTU,$105.04,1439821299464,"36,806",100% bullish,of 7 ratings,$107.50
ISRG,$529.46,1439821299524,"11,073",67% bullish,of 3 ratings,$600
INVT,$0.301,1439821299549,"30,996",67% bullish,of 3 ratings,N/A
SNAK,$8.805,1439821299577,"6,251",50% bullish,of 2 ratings,$14
ISTR,$15.9,1439821299603,100,100% bearish,of 1 rating,$18.50
ISBC,$12.245,1439821299743,"135,407",100% bullish,of 1 rating,$13.25
ITIC,$71.18,1439821299809,48,100% bearish,of 2 ratings,N/A
NVIV,$11.5499,1439821299874,"28,754",50% bullish,of 4 ratings,$24.50
IPAS,$1.0699,1439821299955,"6,166",67% bullish,of 3 ratings,N/A
DTUL,NULL,1439821299980,0,Not yet rated,NULL,N/A
IVTY,$11.22,1439821300015,"1,300",Not yet rated,NULL,$18
DFVL,NULL,1439821300166,0,Not yet rated,NULL,N/A
IPGP,$92,1439821300198,"15,245",100% bearish,of 2 ratings,$109.50
IRIX,$7,1439821300304,"1,326",100% bearish,of 1 rating,N/A
IRDM,$6.95,1439821300338,"16,891",60% bullish,of 5 ratings,$11.50
IRMD,$26.5699,1439821300359,"1,788",67% bearish,of 3 ratings,$25
IPCM,$79.41,1439821300394,"12,513",50% bullish,of 2 ratings,$80.125
IRBT,$31.1999,1439821300416,"22,305",67% bullish,of 6 ratings,$37
IRDMB,NULL,1439821300450,0,67% bearish,of 3 ratings,N/A
IRWD,$11.48,1439821300585,"91,735",100% bearish,of 1 rating,$13
IRCP,NULL,1439821300670,0,100% bullish,of 2 ratings,N/A
COMT,$33.66,1439821300718,356,100% bearish,of 1 rating,N/A
GNMA,$50.2,1439821300887,772,Not yet rated,NULL,N/A
FCHI,$50.01,1439821300916,100,Not yet rated,NULL,N/A
IFAS,NULL,1439821300952,0,Not yet rated,NULL,N/A
IFGL,$29.99,1439821301019,"18,727",Not yet rated,NULL,N/A
IFNA,NULL,1439821301098,0,Not yet rated,NULL,N/A
ACWX,$42.96,1439821301127,"23,272",100% bearish,of 1 rating,N/A
IFEU,$40.16,1439821301159,349,Not yet rated,NULL,N/A
ACWI,$59.04,1439821301181,"31,351",Not yet rated,NULL,N/A
AAXJ,$56.29,1439821301262,"59,845",Not yet rated,NULL,N/A
AXJS,NULL,1439821301329,0,Not yet rated,NULL,N/A
AAIT,$30.622,1439821301363,200,100% bullish,of 1 rating,N/A
EMDI,NULL,1439821301510,0,Not yet rated,NULL,N/A
EEMA,$53.1,1439821301571,"3,092",Not yet rated,NULL,N/A
EEME,$40.02,1439821301702,634,100% bearish,of 1 rating,N/A
EMEY,$25.71,1439821301728,214,Not yet rated,NULL,N/A
EVAL,$37.1,1439821301773,335,Not yet rated,NULL,N/A
EEML,$28.58,1439821301861,156,Not yet rated,NULL,N/A
EGRW,$48.52,1439821301893,"3,017",Not yet rated,NULL,N/A
EUFN,$23.09,1439821301921,"33,347",100% bearish,of 1 rating,N/A
IEUS,NULL,1439821301941,0,100% bearish,of 1 rating,N/A
UAE,$19.3332,1439821301998,850,Not yet rated,NULL,N/A
QAT,NULL,1439821302098,0,Not yet rated,NULL,N/A
IBB,$365.92,1439821302190,"148,174",63% bullish,of 8 ratings,N/A
SOXX,$85.69,1439821302223,"13,030",50% bullish,of 2 ratings,N/A
EMIF,$30.34,1439821302271,870,Not yet rated,NULL,N/A
ICLN,$10.28,1439821302300,"26,668",50% bullish,of 2 ratings,N/A
WOOD,$51.013,1439821302322,"1,535",50% bullish,of 2 ratings,N/A
INDY,$29.729,1439821302530,"65,214",100% bullish,of 1 rating,N/A
IGOV,$90.35,1439821302599,522,100% bearish,of 1 rating,N/A
ISHG,$78.7699,1439821302627,484,100% bearish,of 1 rating,N/A
ISIS,$50.2228,1439821302674,"103,836",53% bullish,of 15 ratings,$67
ISLE,$19.01,1439821302702,"18,973",50% bullish,of 4 ratings,$16
ITUS,$3.92,1439821302894,113,Not yet rated,NULL,N/A
ITRI,$33.45,1439821302921,"17,783",Not yet rated,NULL,$37
ITRN,$25.62,1439821302943,"5,383",50% bullish,of 2 ratings,N/A
ISRL,NULL,1439821302975,0,100% bearish,of 1 rating,N/A
XXIA,$15.725,1439821303112,"58,744",71% bullish,of 7 ratings,$14.625
IXYS,$10.97,1439821303140,"8,440",50% bullish,of 4 ratings,N/A
JJSF,$117.72,1439821303171,"2,467",100% bearish,of 1 rating,N/A
MAYS,NULL,1439821303275,0,Not yet rated,NULL,N/A
JBHT,$80.4,1439821303303,"32,455",50% bullish,of 4 ratings,$89.50
JCOM,$72.905,1439821303339,"35,256",100% bullish,of 2 ratings,$77
JASO,$8.0999,1439821303473,"125,738",82% bullish,of 17 ratings,$10
JKHY,$71.23,1439821303504,"22,801",50% bullish,of 2 ratings,$72
JACK,$87.17,1439821303553,"20,232",83% bullish,of 6 ratings,$105
JAXB,NULL,1439821303607,0,100% bullish,of 1 rating,N/A
JXSB,NULL,1439821303659,0,Not yet rated,NULL,N/A
JAGX,NULL,1439821303688,0,Not yet rated,NULL,N/A
JMBA,$13.83,1439821303793,"24,838",75% bullish,of 4 ratings,$18
ERW,$51.83,1439821303831,20,Not yet rated,NULL,N/A
JAKK,$9.794,1439821303966,"27,409",60% bearish,of 5 ratings,$10.50
JRVR,$26.67,1439821304003,600,Not yet rated,NULL,$27
JASN,$5.3,1439821304098,"7,300",50% bullish,of 2 ratings,$9.50
JASNW,$0.21,1439821304126,"1,000",50% bullish,of 2 ratings,N/A
JAZZ,$183.75,1439821304151,"17,204",80% bullish,of 15 ratings,$206.50
JD,$27.8,1439821304208,"883,273",75% bullish,of 16 ratings,$36
JBLU,$24.05,1439821304256,"755,644",94% bullish,of 16 ratings,$27
JCTCF,NULL,1439821304351,0,100% bullish,of 1 rating,N/A
JTPY,NULL,1439821304380,0,100% bearish,of 1 rating,N/A
DATE,$6.57,1439821304517,"13,340",75% bullish,of 4 ratings,$9
JIVE,$4.11,1439821304559,"36,739",75% bullish,of 4 ratings,$5
JST,$4.3,1439821304585,"1,200",75% bullish,of 4 ratings,N/A
WYIGU,NULL,1439821304651,0,Not yet rated,NULL,N/A
JOEZ,$0.1901,1439821304757,"43,424",92% bullish,of 12 ratings,N/A
JOUT,$23.02,1439821304787,353,100% bearish,of 1 rating,$34
JBSS,$47.72,1439821304816,"3,663",67% bearish,of 3 ratings,N/A
JUNO,$39.6436,1439821304854,"187,105",73% bullish,of 11 ratings,$70
JNP,$10.0999,1439821304921,"5,876",100% bullish,of 3 ratings,$15
KTWO,$21.28,1439821304948,"2,343",100% bearish,of 1 rating,$28.50
KALU,$85.12,1439821305090,"16,983",67% bearish,of 3 ratings,$91
KMDA,NULL,1439821305145,0,50% bullish,of 2 ratings,$8
KNDI,$7.064,1439821305173,"31,692",86% bullish,of 22 ratings,N/A
KBIO,$1.985,1439821305199,886,50% bullish,of 4 ratings,N/A
KCLI,$47.9391,1439821305338,779,Not yet rated,NULL,N/A
KPTI,$12.57,1439821305371,"75,480",67% bearish,of 3 ratings,$41
KCAP,$4.91,1439821305518,"22,682",75% bullish,of 4 ratings,$6.75
KRNY,$11.72,1439821305551,"227,938",100% bearish,of 1 rating,$12
KBSF,$4,1439821305572,300,100% bullish,of 1 rating,N/A
KELYA,$14.77,1439821305601,"9,732",67% bullish,of 6 ratings,$20
KELYB,NULL,1439821305628,0,50% bullish,of 2 ratings,N/A
KMPH,$22,1439821305783,"27,595",100% bearish,of 2 ratings,$22
KFFB,$8.3,1439821305810,135,100% bearish,of 1 rating,N/A
KERX,$6.1925,1439821305940,"196,368",82% bullish,of 11 ratings,$12
GMCR,$50.39,1439821305969,"162,485",71% bullish,of 42 ratings,$64
KEQU,NULL,1439821305990,0,100% bullish,of 1 rating,N/A
KTEC,NULL,1439821306020,0,Not yet rated,NULL,N/A
KTCC,$10.11,1439821306161,"2,572",100% bearish,of 1 rating,$15
KFRC,$28.3992,1439821306187,"10,746",100% bullish,of 2 ratings,$29
KE,$11.755,1439821306248,"6,122",67% bearish,of 3 ratings,$16
KIN,$5.92,1439821306334,"2,555",50% bullish,of 2 ratings,$6.25
KGJI,$0.7501,1439821306366,"39,839",89% bullish,of 9 ratings,N/A
KBAL,$11.63,1439821306392,"13,115",50% bullish,of 2 ratings,N/A
KINS,$8.05,1439821306417,"5,260",100% bullish,of 1 rating,N/A
KONE,$4.18,1439821306544,8,Not yet rated,NULL,N/A
KIRK,$26.49,1439821306637,"2,698",50% bullish,of 2 ratings,$32
KITE,$61.2001,1439821306665,"753,539",88% bullish,of 8 ratings,$85
KLAC,$51.58,1439821306742,"139,632",100% bearish,of 1 rating,$61.50
KLXI,$39.52,1439821306813,"29,141",100% bearish,of 1 rating,$49
KONA,$20.87,1439821306872,"5,055",50% bullish,of 2 ratings,$28
KZ,$7.1,1439821306972,"7,214",60% bearish,of 5 ratings,N/A
KOPN,$2.7,1439821307068,"19,630",50% bullish,of 2 ratings,$4.50
KWEB,$33.867,1439821307095,"16,735",Not yet rated,NULL,N/A
KRNT,$13,1439821307134,"1,902",50% bullish,of 2 ratings,$18
KOSS,$2.57,1439821307232,"1,252",100% bearish,of 2 ratings,N/A
KUTV,$0.7962,1439821307255,800,50% bullish,of 2 ratings,N/A
KTOS,$4.77,1439821307286,"20,403",50% bullish,of 2 ratings,$8.50
KLIC,$10.31,1439821307381,"20,474",80% bullish,of 5 ratings,$13
KVHI,$10.93,1439821307463,"7,735",100% bearish,of 1 rating,$16
KYTH,$74.64,1439821307488,"22,857",100% bullish,of 3 ratings,$66
LJPC,$24.785,1439821307644,"4,245",87% bullish,of 15 ratings,$32
FSTR,$19.6,1439821307669,"8,810",100% bearish,of 1 rating,$40.50
