Symbol,Price,Date,Volume,Rating,RatingVoteCount,OneYearEstimate
PIH,$7.03,1440684902664,300,100% bearish,of 1 rating,N/A
TFSCR,NULL,1440684902690,0,Not yet rated,NULL,N/A
FCCY,NULL,1440684902738,0,100% bullish,of 1 rating,$13
FLWS,$8.805,1440684902770,"215,287",80% bullish,of 5 ratings,$15
TFSCW,NULL,1440684902791,0,100% bearish,of 1 rating,N/A
TFSC,NULL,1440684902820,0,100% bearish,of 1 rating,N/A
TFSCU,NULL,1440684902872,0,Not yet rated,NULL,N/A
FCTY,NULL,1440684903056,0,100% bullish,of 1 rating,$8.50
VNET,$17.28,1440684903153,"295,919",60% bullish,of 5 ratings,$29.50
DGLD,$84.09,1440684903186,"8,566",100% bullish,of 1 rating,N/A
SRCE,$29.27,1440684903218,"4,544",100% bullish,of 3 ratings,$33
DSLV,$75.84,1440684903241,"6,007",100% bearish,of 1 rating,N/A
UGLD,$8.9299,1440684903262,"419,479",100% bearish,of 1 rating,N/A
TWOU,$35.31,1440684903299,"37,030",50% bullish,of 2 ratings,$39
USLV,$11.522,1440684903468,"102,177",86% bullish,of 7 ratings,N/A
JOBS,$27.29,1440684903572,"13,288",50% bullish,of 4 ratings,$36
SIXD,$3.09,1440684903670,"72,802",Not yet rated,NULL,N/A
CAFD,$14.86,1440684903778,"45,874",Not yet rated,NULL,$25
EGHT,$7.7098,1440684903812,"38,382",82% bullish,of 17 ratings,$11
AVHI,$13.6,1440684903843,"19,982",100% bearish,of 1 rating,$19
ABY,$21.41,1440684903901,"64,215",100% bearish,of 2 ratings,$46
SHLM,$33.75,1440684903931,"15,779",100% bearish,of 1 rating,$47
ABAX,$46.905,1440684903952,"15,108",100% bearish,of 1 rating,$60
AAON,$20.2,1440684903985,"17,183",100% bearish,of 1 rating,$24
ABGB,$6.26,1440684904080,"101,049",67% bullish,of 3 ratings,$5.50
ABMD,$97.86,1440684904209,"86,446",75% bullish,of 4 ratings,$100.50
ABEOW,$1.73,1440684904239,561,100% bullish,of 1 rating,N/A
ABEO,$4.6588,1440684904266,"12,279",50% bullish,of 4 ratings,$15.50
AXAS,$1.695,1440684904287,"135,362",78% bullish,of 9 ratings,$3.50
ACTG,$8.95,1440684904349,"25,403",67% bullish,of 3 ratings,$18.50
ACAD,$38.05,1440684904555,"178,246",80% bullish,of 20 ratings,$48
ARAY,$6.325,1440684904655,"86,424",100% bearish,of 1 rating,$10.50
ACST,$0.36,1440684904692,"2,565",100% bullish,of 2 ratings,N/A
ANCX,$19.58,1440684904718,"5,112",Not yet rated,NULL,$20
VXDN,$2.0001,1440684904789,"22,273",100% bearish,of 1 rating,N/A
AXDX,$18.835,1440684904818,"26,583",100% bearish,of 1 rating,N/A
ACHC,$72.515,1440684904843,"81,238",50% bullish,of 2 ratings,$92
XLRN,$28.285,1440684904872,"19,911",50% bullish,of 2 ratings,$57
ACRX,$4.24,1440684905038,"41,334",67% bearish,of 6 ratings,$5.50
VXUP,$1.4901,1440684905108,"14,182",100% bearish,of 1 rating,N/A
ACET,$22.48,1440684905143,"8,926",75% bullish,of 4 ratings,$30
AKAO,$6.6405,1440684905235,"12,703",75% bullish,of 4 ratings,$15
ACHN,$7.43,1440684905259,"154,967",90% bullish,of 21 ratings,$16
ACNB,NULL,1440684905334,0,Not yet rated,NULL,N/A
ACIW,$20.92,1440684905518,"82,699",67% bearish,of 3 ratings,$24
ACOR,$31.32,1440684905545,"85,049",67% bearish,of 3 ratings,$38.50
ACPW,$1.8299,1440684905576,"3,241",100% bullish,of 4 ratings,$3.50
ATVI,$27.73,1440684905623,"635,323",68% bullish,of 84 ratings,$31.50
ACTS,$1.6585,1440684905675,"5,901",100% bearish,of 1 rating,N/A
ACTA,$12.9,1440684905754,"10,234",67% bearish,of 3 ratings,$25
ACUR,$0.55,1440684905782,"16,812",100% bullish,of 5 ratings,$1
ACXM,$20.5225,1440684905804,"46,039",67% bullish,of 3 ratings,N/A
ADMP,$3.5196,1440684905969,"3,284",50% bullish,of 2 ratings,$10
ADMS,$19.99,1440684906060,"17,825",100% bearish,of 2 ratings,$36
ADUS,$28.49,1440684906156,"3,078",100% bearish,of 1 rating,$31
ADAP,$11.72,1440684906186,"5,200",67% bullish,of 3 ratings,$22
AEY,$2.327,1440684906216,"1,904",100% bearish,of 2 ratings,N/A
ADMA,$9.31,1440684906285,830,Not yet rated,NULL,$19
ADBE,$78.765,1440684906313,"419,231",65% bullish,of 17 ratings,$90
ADEP,$6.51,1440684906345,"2,742",50% bullish,of 2 ratings,$10.75
ADTN,$15.44,1440684906480,"36,914",67% bullish,of 3 ratings,$17.125
AEIS,$24.29,1440684906538,"24,456",50% bullish,of 2 ratings,$32.50
ADXS,$14.0246,1440684906697,"115,269",64% bullish,of 14 ratings,$27
ADRO,$21.2072,1440684906726,"49,817",80% bullish,of 5 ratings,$45.50
ADXSW,$9.3801,1440684906747,"4,050",100% bullish,of 1 rating,N/A
AMD,$1.77,1440684906776,"1,229,483",83% bullish,of 103 ratings,$2
MULT,NULL,1440684906805,0,100% bearish,of 1 rating,N/A
YPRO,NULL,1440684906911,0,100% bearish,of 1 rating,N/A
AEGN,$17.81,1440684907046,"21,038",100% bearish,of 2 ratings,$21
AEHR,$2.25,1440684907074,450,50% bullish,of 2 ratings,N/A
AEGR,$17.708,1440684907102,"76,221",50% bullish,of 6 ratings,$26
AMTX,$2.48,1440684907124,"5,351",50% bullish,of 2 ratings,$26.11
AEZS,$0.0823,1440684907254,"1,838,063",90% bullish,of 21 ratings,$1.50
AERI,$16.25,1440684907318,"97,529",75% bullish,of 4 ratings,$31.50
AEPI,$55.31,1440684907350,"1,388",100% bearish,of 1 rating,N/A
AEMD,$6.97,1440684907453,"36,806",Not yet rated,NULL,$27.50
AVAV,$23.4999,1440684907508,"10,056",50% bullish,of 4 ratings,$31
AFMD,$9.937,1440684907543,"21,760",50% bullish,of 4 ratings,$15
AFFX,$9.415,1440684907714,"84,180",80% bullish,of 5 ratings,$12
AGYS,$9.44,1440684907745,"5,092",100% bearish,of 1 rating,N/A
AGEN,$6.84,1440684907773,"112,263",85% bullish,of 13 ratings,$14
AGRX,$8.24,1440684907822,"2,046",100% bearish,of 1 rating,$17.50
AGFS,$10.2316,1440684907851,"3,136",100% bearish,of 1 rating,N/A
AGIO,$90.55,1440684907950,"34,642",88% bullish,of 8 ratings,$114
AIRM,$36.39,1440684908026,"18,708",80% bearish,of 5 ratings,$53
AGFSW,$1.975,1440684908056,"3,400",100% bearish,of 2 ratings,N/A
AIMT,$22,1440684908131,"8,021",Not yet rated,NULL,N/A
AIRT,$21.49,1440684908160,200,100% bullish,of 1 rating,N/A
AMCN,$4.61,1440684908263,"152,486",83% bullish,of 6 ratings,N/A
ATSG,$8.84,1440684908291,"23,858",67% bullish,of 3 ratings,$13
AKAM,$69.54,1440684908441,"121,481",63% bullish,of 8 ratings,$77
AKER,$2.55,1440684908530,142,Not yet rated,NULL,N/A
AIXG,$5.95,1440684908561,"4,662",67% bearish,of 3 ratings,$5.25
AKBA,$6.29,1440684908583,"27,248",100% bearish,of 1 rating,$18
AKRX,$40.02,1440684908615,"79,341",78% bullish,of 9 ratings,$56
ALRM,$16.39,1440684908712,"10,957",100% bearish,of 1 rating,$22
ALSK,$2,1440684908743,"35,492",78% bullish,of 18 ratings,$2
AMRI,$19.78,1440684908769,"14,426",75% bearish,of 4 ratings,$24
ABDC,$12.2,1440684908815,"8,905",Not yet rated,NULL,$15
ADHD,$7.6247,1440684908901,"29,174",50% bullish,of 4 ratings,$18
ALDR,$38.38,1440684908990,"30,853",67% bearish,of 3 ratings,$62
ALDX,$7.012,1440684909068,"3,560",100% bearish,of 1 rating,$14.50
ALXN,$175.2403,1440684909119,"150,447",88% bullish,of 8 ratings,$223
ALGN,$56.87,1440684909226,"59,502",100% bearish,of 2 ratings,$73
ALIM,$3.205,1440684909252,"10,600",80% bullish,of 5 ratings,$10
ALCO,$42,1440684909280,434,50% bullish,of 2 ratings,N/A
ALXA,$1.092,1440684909308,"4,376",83% bullish,of 6 ratings,$2.125
ALKS,$60.88,1440684909413,"54,071",67% bullish,of 3 ratings,$75
ALGT,$214.08,1440684909441,"12,293",100% bearish,of 2 ratings,$235
ALLB,$22.79,1440684909469,100,Not yet rated,NULL,N/A
AFOP,$18.413,1440684909661,"18,871",75% bullish,of 8 ratings,$21
AIQ,$13.5,1440684909718,900,67% bullish,of 3 ratings,N/A
ARLP,$24.6839,1440684909798,"39,036",67% bearish,of 3 ratings,$32
AHPI,NULL,1440684909822,0,50% bullish,of 2 ratings,N/A
AHGP,$35.8865,1440684909852,"20,239",67% bullish,of 3 ratings,N/A
ALQA,$4.21,1440684909959,200,75% bullish,of 4 ratings,$8.50
AMOT,$18.14,1440684910016,"12,371",100% bearish,of 1 rating,N/A
MDRX,$13.62,1440684910067,"190,811",60% bullish,of 5 ratings,$16
ALLT,$5.013,1440684910185,"13,263",75% bullish,of 4 ratings,$6.25
AFAM,$44.93,1440684910214,"5,150",50% bullish,of 2 ratings,$44
ALNY,$105.94,1440684910239,"60,858",67% bullish,of 3 ratings,$148.50
AOSL,$7.29,1440684910265,"8,764",67% bullish,of 3 ratings,$9
SMCP,NULL,1440684910291,0,Not yet rated,NULL,N/A
ALTR,$48.49,1440684910438,"326,806",80% bearish,of 5 ratings,$54
ATEC,$0.58,1440684910536,"15,350",100% bullish,of 1 rating,$2
ASPS,$25.73,1440684910566,"39,016",67% bullish,of 3 ratings,$46.50
AMAG,$65.02,1440684910666,"54,803",100% bullish,of 2 ratings,$77.50
AMRN,$2.05,1440684910759,"190,980",85% bullish,of 39 ratings,$8
AIMC,$24.22,1440684910822,"7,512",100% bearish,of 2 ratings,$28.50
AMZN,$517.7,1440684910892,"994,115",81% bullish,of 264 ratings,$646
AMRK,NULL,1440684910923,0,50% bullish,of 2 ratings,$14
AYA,$20.02,1440684910948,"10,082",100% bearish,of 1 rating,$40
AMBC,$15.6,1440684911023,"47,125",100% bearish,of 1 rating,$16.50
EPAX,$2.68,1440684911107,"3,900",100% bearish,of 1 rating,N/A
AMBA,$94.2101,1440684911155,"594,222",83% bullish,of 12 ratings,$102.50
AMBCW,NULL,1440684911181,0,100% bearish,of 1 rating,N/A
DOX,$57.2,1440684911330,"41,635",67% bearish,of 3 ratings,$60
AMCX,$71.73,1440684911358,"122,367",67% bullish,of 3 ratings,$87.50
AMED,$38.409,1440684911382,"26,829",100% bearish,of 1 rating,$42
AMDA,$0.471,1440684911417,"228,880",90% bullish,of 10 ratings,$1
ATAX,$5.16,1440684911706,"14,010",100% bullish,of 1 rating,$6.50
UHAL,$370.1,1440684911843,"1,562",100% bullish,of 2 ratings,$393.50
ASBI,NULL,1440684911946,0,Not yet rated,NULL,N/A
AAL,$38.915,1440684912096,"1,383,559",93% bullish,of 88 ratings,$57
AGNCP,$25.0484,1440684912121,"1,800",Not yet rated,NULL,N/A
AMOV,$17.79,1440684912177,590,100% bearish,of 1 rating,N/A
AGNCB,$24.3399,1440684912203,"4,275",Not yet rated,NULL,N/A
MTGE,$15.335,1440684912281,"59,277",75% bullish,of 4 ratings,$19.50
MTGEP,$24.68,1440684912486,131,Not yet rated,NULL,N/A
ACAS,$13.68,1440684912625,"658,037",60% bullish,of 5 ratings,$16.75
AGNC,$19.255,1440684912655,"389,482",71% bullish,of 28 ratings,$22
AMIC,$9.62,1440684912682,200,Not yet rated,NULL,N/A
ANCI,NULL,1440684912712,0,100% bearish,of 1 rating,N/A
AETI,NULL,1440684912734,0,67% bearish,of 3 ratings,N/A
ACSF,$12.04,1440684912815,"2,630",100% bearish,of 1 rating,$15
AMNB,$23.15,1440684912869,"2,774",Not yet rated,NULL,$25.50
ANAT,$100.01,1440684913101,"1,178",100% bullish,of 1 rating,N/A
APEI,$21.28,1440684913280,"8,090",100% bearish,of 1 rating,$25.50
ARII,$38.54,1440684913320,"114,684",67% bearish,of 3 ratings,$45
AMWD,$65.97,1440684913422,"14,104",50% bullish,of 2 ratings,$70
AMSWA,$8.55,1440684913555,"4,302",100% bearish,of 2 ratings,$10.75
AMSC,$4.3665,1440684913626,"23,952",50% bullish,of 4 ratings,N/A
CRMT,$35.83,1440684913653,"7,063",100% bearish,of 1 rating,$39
ASEI,$36.6,1440684913702,"2,692",100% bearish,of 1 rating,$52.50
AMRB,$10.1,1440684913727,206,Not yet rated,NULL,$11
ASRVP,NULL,1440684913857,0,Not yet rated,NULL,N/A
ABCB,$26.6,1440684913883,"11,676",Not yet rated,NULL,$31
AMSF,$46.74,1440684913913,"5,652",Not yet rated,NULL,$57.50
ASRV,$3.2,1440684914088,200,100% bullish,of 2 ratings,N/A
ATLO,$23.43,1440684914120,"1,040",Not yet rated,NULL,N/A
FOLD,$14.9,1440684914157,"134,637",56% bullish,of 9 ratings,$21
AMGN,$154.53,1440684914182,"513,912",89% bullish,of 19 ratings,$185
AMKR,$4.75,1440684914313,"152,569",100% bearish,of 2 ratings,$5
AMPH,$13.52,1440684914407,"33,892",50% bullish,of 2 ratings,$20
AMSG,$79.15,1440684914480,"36,010",100% bearish,of 1 rating,$85.50
AMSGP,$141.83,1440684914506,12,Not yet rated,NULL,N/A
AFSI,$58.65,1440684914574,"89,698",60% bullish,of 5 ratings,$72
AMRS,$1.6,1440684914637,"6,050",70% bullish,of 10 ratings,N/A
ANAC,$133.14,1440684914668,"64,366",80% bullish,of 5 ratings,$180.50
ASYS,$5.04,1440684914718,"5,104",67% bullish,of 3 ratings,$12
ANAD,$0.3301,1440684914778,"27,349",100% bullish,of 2 ratings,$.50
ADI,$55.145,1440684914849,"426,749",67% bullish,of 3 ratings,$69
ALOG,$78.89,1440684914990,"5,292",100% bearish,of 2 ratings,$100.50
ANCB,$23,1440684915088,800,Not yet rated,NULL,$23
ABCW,$39.85,1440684915139,"2,546",67% bullish,of 3 ratings,N/A
ANIK,$34.305,1440684915187,"12,730",60% bullish,of 5 ratings,$51.25
AMCF,$0.25,1440684915220,700,100% bullish,of 7 ratings,N/A
ANGI,$4.81,1440684915285,"61,323",64% bullish,of 11 ratings,$5.50
ANSS,$88.97,1440684915313,"28,410",100% bearish,of 1 rating,$100
ANGO,$14.7,1440684915338,"13,181",67% bullish,of 3 ratings,$19
ANIP,$49.3864,1440684915478,"32,648",89% bullish,of 19 ratings,$66
ATRS,$1.71,1440684915608,"72,772",92% bullish,of 12 ratings,$4.50
ANTH,$7.367,1440684915640,"135,734",80% bullish,of 10 ratings,$13
ATNY,$2.35,1440684915670,200,50% bullish,of 2 ratings,$3.75
ABAC,$0.768,1440684915740,302,100% bearish,of 1 rating,N/A
APIC,$6.325,1440684915766,"11,840",100% bearish,of 1 rating,$19
APOG,$49.31,1440684915845,"14,962",50% bullish,of 2 ratings,$67
APOL,$11,1440684915897,"139,763",87% bearish,of 68 ratings,$14
AAPL,$110.8399,1440684916000,"11,516,045",86% bullish,of 2350 ratings,$150
AINV,$6.495,1440684916077,"123,352",50% bullish,of 4 ratings,$8
APPF,$17.43,1440684916110,"8,297",50% bullish,of 2 ratings,$22
APDN,$3.19,1440684916139,"5,651",Not yet rated,NULL,$9
ARCI,NULL,1440684916167,0,Not yet rated,NULL,N/A
APDNW,NULL,1440684916207,0,Not yet rated,NULL,N/A
AGTC,$15,1440684916270,"9,953",50% bullish,of 2 ratings,$33
AAOI,$19.94,1440684916573,"50,898",50% bullish,of 4 ratings,$26
AMAT,$15.4575,1440684916604,"1,731,486",82% bullish,of 11 ratings,$23
AMCC,$5.55,1440684916626,"44,171",80% bullish,of 5 ratings,$8
APRI,$1.2437,1440684916710,850,83% bullish,of 6 ratings,$4.86
AREX,$1.845,1440684916755,"94,757",100% bearish,of 1 rating,$3
AQXP,$17.84,1440684916783,"178,253",50% bullish,of 2 ratings,$2
AQMS,$4.91,1440684916804,625,Not yet rated,NULL,N/A
APTO,$4.99,1440684916837,1,Not yet rated,NULL,$17
AUMAU,$9.98,1440684917038,"4,000",Not yet rated,NULL,N/A
AUMA,NULL,1440684917072,0,Not yet rated,NULL,N/A
AUMAW,NULL,1440684917118,0,Not yet rated,NULL,N/A
PETX,$17.215,1440684917170,"41,522",100% bearish,of 2 ratings,$26
ARDM,NULL,1440684917210,0,100% bullish,of 1 rating,$26
ABUS,$7.05,1440684917235,"36,716",86% bullish,of 14 ratings,$23
ABIO,$0.86,1440684917368,"33,809",50% bullish,of 2 ratings,$3.75
ARCW,$3.5218,1440684917395,630,100% bearish,of 2 ratings,$10.50
RKDA,$5.826,1440684917625,"3,397",100% bearish,of 2 ratings,$10
ACAT,$25.38,1440684917692,"13,167",100% bearish,of 3 ratings,$33
ARCB,$28.45,1440684917766,"21,054",67% bearish,of 3 ratings,$39.50
ACGL,$67.82,1440684917796,"19,180",50% bullish,of 2 ratings,$72
ARNA,$2.66,1440684917837,"338,332",90% bullish,of 77 ratings,$5.50
ARDX,$17.505,1440684917892,"15,488",50% bullish,of 2 ratings,$24.50
ARCC,$15.295,1440684917930,"193,423",67% bearish,of 3 ratings,$17.875
AGII,$55.665,1440684918113,"23,877",Not yet rated,NULL,$59.50
ARGS,$6.205,1440684918210,"12,236",50% bullish,of 2 ratings,$19.50
AGIIL,$25.6,1440684918241,25,Not yet rated,NULL,N/A
ARIS,$3.955,1440684918288,"21,578",Not yet rated,NULL,$4.50
ARIA,$6.79,1440684918342,"257,546",87% bullish,of 46 ratings,$9
ARKR,$24.9,1440684918419,2,50% bullish,of 2 ratings,N/A
ARMH,$42.265,1440684918524,"898,108",54% bearish,of 13 ratings,$61
ARTX,$1.4,1440684918584,"6,261",88% bullish,of 16 ratings,$4.50
ARWAR,NULL,1440684918718,0,Not yet rated,NULL,N/A
ARWAU,NULL,1440684918739,0,100% bullish,of 1 rating,N/A
ARWAW,NULL,1440684918819,0,Not yet rated,NULL,N/A
ARWA,NULL,1440684918877,0,Not yet rated,NULL,N/A
ARQL,$1.645,1440684918905,"27,647",75% bullish,of 4 ratings,$5
ARRY,$5.765,1440684918954,"203,821",100% bullish,of 7 ratings,$10
ARRS,$26.03,1440684918983,"76,400",50% bullish,of 2 ratings,$38
DWAT,$9.8,1440684919091,"2,700",100% bearish,of 1 rating,N/A
AROW,$27.11,1440684919276,"3,016",Not yet rated,NULL,N/A
ARTNA,$21.99,1440684919308,"2,132",100% bearish,of 1 rating,$29
ARWR,$5.59,1440684919362,"151,347",75% bullish,of 4 ratings,$10.50
ASBB,$24.28,1440684919389,100,Not yet rated,NULL,N/A
ARTW,$4.32,1440684919415,93,75% bearish,of 4 ratings,N/A
ASNA,$11.47,1440684919543,"211,426",50% bullish,of 2 ratings,$18
ASND,$20.8,1440684919572,"12,103",100% bullish,of 1 rating,$30
ASCMA,$26.41,1440684919628,"7,288",100% bearish,of 1 rating,$45
ASMI,NULL,1440684919672,0,NULL,NULL,NULL
ASTI,$0.1197,1440684919812,"417,357",83% bullish,of 6 ratings,$3
ASML,$91.07,1440684919856,"370,410",50% bullish,of 4 ratings,$127
APWC,$1.75,1440684919915,"1,612",100% bearish,of 1 rating,N/A
AZPN,$37.66,1440684920152,"54,655",50% bullish,of 2 ratings,$42
ASFI,$8.88,1440684920184,834,100% bullish,of 1 rating,N/A
ASMB,$12.79,1440684920212,"7,928",67% bullish,of 3 ratings,N/A
ASTE,$36.26,1440684920255,"5,095",100% bearish,of 1 rating,$48
ATRO,$51.4,1440684920282,"23,576",100% bearish,of 2 ratings,$80
ALOT,NULL,1440684920414,0,100% bearish,of 1 rating,N/A
ASUR,NULL,1440684920470,0,50% bullish,of 2 ratings,$8
ASTC,$1.9438,1440684920501,"1,940",100% bullish,of 5 ratings,N/A
ATAI,$2.52,1440684920604,100,100% bearish,of 1 rating,N/A
ATRA,$39.36,1440684920711,"26,559",50% bullish,of 2 ratings,$68
ATHN,$133.1,1440684920767,"18,918",67% bearish,of 3 ratings,$153
AFCB,$27.3,1440684920792,200,Not yet rated,NULL,N/A
ATHX,$1.1101,1440684920818,"21,392",89% bullish,of 9 ratings,$5
AAME,NULL,1440684921113,0,Not yet rated,NULL,N/A
AAPC,$10.1,1440684921153,16,Not yet rated,NULL,N/A
ACFC,$5.3214,1440684921174,"14,071",Not yet rated,NULL,$6.50
ATNI,$71.1999,1440684921247,"11,948",100% bearish,of 1 rating,$69.50
ATLC,$3.86,1440684921276,2,67% bullish,of 3 ratings,N/A
AAWW,$40.585,1440684921304,"47,619",50% bullish,of 2 ratings,$65
AFH,$16.19,1440684921383,"19,765",Not yet rated,NULL,$21.50
ATML,$7.85,1440684921412,"567,049",78% bullish,of 9 ratings,$9.50
ATOS,$0.7401,1440684921493,"8,680",100% bullish,of 7 ratings,$7
ATRM,NULL,1440684921713,0,50% bullish,of 2 ratings,N/A
ATRC,$25.37,1440684921739,"8,692",100% bullish,of 1 rating,$30
ATRI,$377.65,1440684921872,"2,026",Not yet rated,NULL,N/A
ATTU,$13.28,1440684921897,"7,065",100% bearish,of 1 rating,$20.50
AUBN,$26.96,1440684921938,550,Not yet rated,NULL,N/A
LIFE,$14.3,1440684921969,"6,072",86% bullish,of 7 ratings,$43
AUPH,$2.9936,1440684922073,"6,100",100% bearish,of 1 rating,$8
AUDC,$3.18,1440684922100,"12,269",80% bullish,of 5 ratings,$5
ADAT,$0.34,1440684922142,"212,679",100% bullish,of 2 ratings,N/A
EARS,$4.82,1440684922167,"1,150",100% bearish,of 2 ratings,$11.50
ABTL,$17.05,1440684922357,"13,318",100% bullish,of 4 ratings,$20.25
ADSK,$49.95,1440684922382,"280,591",67% bullish,of 6 ratings,$69.50
ADP,$77.69,1440684922566,"263,352",100% bearish,of 1 rating,$88
AVGO,$124.665,1440684922601,"1,846,334",88% bullish,of 8 ratings,$165
AAVL,$10.8,1440684922699,"44,814",100% bearish,of 1 rating,$20
AVNU,$12.358,1440684922726,906,Not yet rated,NULL,$14
AVEO,$1.3432,1440684922755,"228,111",75% bullish,of 8 ratings,$3
AVGR,$14.23,1440684922855,"3,768",100% bearish,of 1 rating,$20
AVNW,$1.17,1440684922916,"22,118",50% bullish,of 2 ratings,$2.20
AVID,$8.01,1440684922947,"38,637",100% bearish,of 1 rating,$20
CAR,$42.06,1440684923049,"155,015",80% bullish,of 5 ratings,$60
ACLS,$3.11,1440684923075,"78,620",67% bullish,of 6 ratings,$4.75
AWRE,$3.08,1440684923131,183,67% bullish,of 3 ratings,N/A
AXPW,$1.03,1440684923214,"15,215",83% bullish,of 6 ratings,N/A
AXPWW,NULL,1440684923292,0,Not yet rated,NULL,N/A
AXGN,$3.88,1440684923354,"12,158",Not yet rated,NULL,$5
AXTI,$2.14,1440684923423,168,50% bullish,of 2 ratings,$2.75
BCOM,$19.003,1440684923554,984,100% bearish,of 1 rating,N/A
BEAV,$47.94,1440684923582,"53,028",67% bearish,of 3 ratings,$59
BIDU,$148.54,1440684923612,"851,943",81% bullish,of 88 ratings,$210
RILY,$9.78,1440684923649,200,Not yet rated,NULL,N/A
BOSC,$2.19,1440684923715,1,50% bullish,of 2 ratings,N/A
BWINB,$22.8899,1440684923816,"3,062",Not yet rated,NULL,N/A
BCPC,$56.8153,1440684923847,"16,729",100% bearish,of 1 rating,$75
BWINA,NULL,1440684923885,0,Not yet rated,NULL,N/A
BLDP,$1.19,1440684923948,"95,983",91% bullish,of 22 ratings,$2.50
BANF,$58.63,1440684924054,"1,710",Not yet rated,NULL,$68
BANFP,NULL,1440684924079,0,Not yet rated,NULL,N/A
BKMU,$6.82,1440684924248,"13,106",Not yet rated,NULL,$8
BOCH,$5.8399,1440684924285,"3,661",Not yet rated,NULL,$6.50
BKSC,NULL,1440684924374,0,Not yet rated,NULL,N/A
BMRC,$48.14,1440684924411,800,Not yet rated,NULL,$52
BOTJ,$11.0785,1440684924433,717,Not yet rated,NULL,N/A
OZRK,$41.41,1440684924505,"59,501",67% bullish,of 3 ratings,$49.50
BFIN,$11.83,1440684924558,"3,548",Not yet rated,NULL,$13
BWFG,NULL,1440684924579,0,100% bearish,of 1 rating,N/A
BANR,$43.645,1440684924715,"3,730",100% bullish,of 3 ratings,$50
BZUN,$5.0906,1440684924869,"162,774",50% bullish,of 2 ratings,$11.50
TAPR,$32.98,1440684924918,535,100% bearish,of 1 rating,N/A
BHAC,NULL,1440684924942,0,Not yet rated,NULL,N/A
BHACR,NULL,1440684924971,0,Not yet rated,NULL,N/A
BHACU,NULL,1440684925080,0,Not yet rated,NULL,N/A
BBSI,$33.465,1440684929633,"14,837",67% bearish,of 3 ratings,$62.50
BSET,$28.97,1440684929715,"10,257",100% bearish,of 1 rating,$35
BBCN,$14.29,1440684929739,"33,078",100% bearish,of 1 rating,$16
BYLK,$12.7,1440684929765,400,Not yet rated,NULL,$14
BYBK,NULL,1440684929793,0,100% bearish,of 1 rating,N/A
BCBP,$11.43,1440684929815,200,Not yet rated,NULL,N/A
BHACW,NULL,1440684929835,0,Not yet rated,NULL,N/A
BV,$5.01,1440684929871,"33,303",67% bullish,of 6 ratings,$9
BECN,$34.29,1440684930564,"35,399",50% bullish,of 2 ratings,$40
BDCV,$4.6,1440684930599,"4,680",100% bearish,of 1 rating,$10.19
BSF,$8.47,1440684930630,"1,482",Not yet rated,NULL,N/A
BELFB,$17.715,1440684930665,"2,788",100% bearish,of 1 rating,N/A
BBGI,$4.1616,1440684930691,300,100% bearish,of 1 rating,N/A
BEBE,$1.76,1440684930716,"21,638",75% bullish,of 4 ratings,$3.075
BELFA,NULL,1440684930741,0,100% bearish,of 1 rating,N/A
BBBY,$61.49,1440684930767,"234,433",71% bullish,of 7 ratings,$75
BLCM,$16.82,1440684930906,"18,577",50% bullish,of 4 ratings,$40
BNTC,$8.05,1440684931044,"14,538",100% bullish,of 1 rating,N/A
BLPH,$5.055,1440684931083,"9,037",100% bearish,of 1 rating,$12.50
BGMD,$0.7701,1440684931112,"10,733",100% bullish,of 10 ratings,N/A
BNFT,$35.03,1440684931133,"8,532",67% bullish,of 3 ratings,$46
BNCL,$12.41,1440684931154,"28,097",100% bullish,of 3 ratings,$12.50
BGCP,$8.705,1440684931196,"155,474",88% bullish,of 8 ratings,$14
BGFV,$10.625,1440684931217,"13,950",57% bullish,of 7 ratings,$12
BIND,$4.291,1440684931503,"10,011",75% bullish,of 4 ratings,$13.50
ORPN,$5.5899,1440684931599,"4,200",100% bullish,of 1 rating,$28.50
BCDA,NULL,1440684931636,0,Not yet rated,NULL,N/A
BDSI,$6.54,1440684931673,"175,677",88% bullish,of 8 ratings,$17
BIIB,$304.59,1440684931728,"206,271",88% bullish,of 16 ratings,$400
BIOD,$0.6799,1440684931759,"11,900",80% bullish,of 5 ratings,$4
BASI,$1.6069,1440684931780,100,Not yet rated,NULL,N/A
BCRX,$11.26,1440684931834,"39,214",63% bullish,of 8 ratings,$18
BIOC,$1.9099,1440684931860,"39,858",83% bullish,of 6 ratings,$3.85
BLFS,$1.99,1440684932107,"10,435",100% bearish,of 1 rating,$4.75
BMRN,$130.005,1440684932153,"88,329",80% bullish,of 5 ratings,$160
BIOL,$1.4101,1440684932183,"7,861",Not yet rated,NULL,N/A
BVXV,NULL,1440684932242,0,Not yet rated,NULL,N/A
BLRX,$1.3295,1440684932268,"20,255",100% bullish,of 12 ratings,$5
BVXVW,NULL,1440684932299,0,100% bearish,of 1 rating,N/A
BPTH,$1.02,1440684932345,"11,782",100% bullish,of 2 ratings,$5
BRLI,NULL,1440684932394,0,NULL,NULL,NULL
BBC,NULL,1440684932590,0,Not yet rated,NULL,N/A
BSPM,$0.6898,1440684932641,"4,185",50% bullish,of 2 ratings,N/A
BSTC,$49.09,1440684932668,"25,001",100% bearish,of 1 rating,$76
BBP,NULL,1440684932688,0,Not yet rated,NULL,N/A
BIOS,$2.3,1440684932727,"124,871",71% bullish,of 7 ratings,$4
BOTA,$2.09,1440684932753,"9,395",88% bullish,of 8 ratings,N/A
BEAT,$15.25,1440684932825,"194,130",67% bearish,of 3 ratings,$15
BITI,$17.1875,1440684932982,"3,400",100% bullish,of 1 rating,$28
TECH,$96.43,1440684933084,"39,925",100% bullish,of 1 rating,$117
BDMS,$12.903,1440684933192,275,100% bearish,of 1 rating,N/A
BJRI,$44.08,1440684933234,"20,407",50% bullish,of 2 ratings,$55
BLKB,$57.83,1440684933261,"19,430",100% bearish,of 2 ratings,$66
BBOX,$15,1440684933292,"11,248",100% bearish,of 1 rating,N/A
BBRY,$7.0301,1440684933319,"967,638",61% bullish,of 330 ratings,$9
BDE,$7.1509,1440684933387,"12,692",50% bullish,of 2 ratings,$9
BKCC,$9.2999,1440684933490,"60,554",50% bullish,of 2 ratings,$10
ADRA,NULL,1440684933559,0,100% bearish,of 1 rating,N/A
HAWK,$39.925,1440684933588,"43,846",91% bullish,of 11 ratings,$49
ADRE,$29.75,1440684933622,743,100% bearish,of 1 rating,N/A
ADRU,$21.58,1440684933756,"1,100",100% bearish,of 1 rating,N/A
BLMN,$20.12,1440684933794,"125,948",83% bullish,of 6 ratings,$27.50
ADRD,$22.0599,1440684933819,"2,989",100% bearish,of 1 rating,N/A
BUFF,$26.4914,1440684933966,"16,874",83% bullish,of 12 ratings,$31.50
BCOR,$13.35,1440684933996,"22,065",57% bullish,of 7 ratings,$15
BHBK,$13.78,1440684934099,"11,991",100% bullish,of 1 rating,$14.50
BLBD,$12.05,1440684934134,"1,768",Not yet rated,NULL,N/A
BBLU,$0.83,1440684934231,"24,782",100% bullish,of 2 ratings,$4.43
NILE,$32.81,1440684934265,"48,837",50% bullish,of 2 ratings,$34
BKEPP,NULL,1440684934363,0,100% bearish,of 1 rating,N/A
BLUE,$132.99,1440684934389,"81,316",71% bullish,of 7 ratings,$217.50
BKEP,$5.9899,1440684934420,"5,045",100% bearish,of 1 rating,$8.50
BPMC,$25.9,1440684934524,"6,965",50% bullish,of 2 ratings,$47.50
BOBE,$43.52,1440684934680,"14,873",75% bullish,of 4 ratings,$57
BNCN,$20.45,1440684934707,"15,819",Not yet rated,NULL,$24
BOFI,$119.535,1440684934728,"22,882",100% bullish,of 6 ratings,$144
WIFI,$7.42,1440684934787,"14,765",50% bullish,of 2 ratings,$13.50
BOKF,$60.46,1440684934867,"15,206",100% bearish,of 1 rating,$69
BOJA,$21.3,1440684934897,"31,003",100% bullish,of 1 rating,$30
BONA,$11.8318,1440684934999,"33,486",75% bullish,of 4 ratings,$8.50
BAMM,$3.1601,1440684935131,"2,450",60% bullish,of 5 ratings,N/A
BNSO,NULL,1440684935165,0,100% bearish,of 1 rating,N/A
BPFH,$11.74,1440684935186,"67,222",100% bearish,of 1 rating,$14
BPFHP,$25.07,1440684935216,"1,400",100% bearish,of 1 rating,N/A
BPFHW,NULL,1440684935262,0,100% bearish,of 1 rating,N/A
EPAY,$25.07,1440684935427,"13,399",100% bearish,of 2 ratings,$30
BCLI,$2.86,1440684935485,"2,206",80% bullish,of 5 ratings,$12
BDBD,$8.05,1440684935512,"51,469",60% bullish,of 5 ratings,$10
BBRG,$12.32,1440684935680,"5,404",67% bullish,of 3 ratings,$14.50
BBEPP,$13.32,1440684935706,"4,700",100% bearish,of 1 rating,N/A
BDGE,$26.1,1440684935731,"1,950",Not yet rated,NULL,$31.75
BBEP,$2.64,1440684935778,"351,628",69% bullish,of 13 ratings,$5.625
BRID,$8.8,1440684935911,100,100% bearish,of 1 rating,N/A
BLIN,$1.3,1440684935943,3,50% bullish,of 2 ratings,$2.20
BCOV,$5.1,1440684936043,"16,556",67% bullish,of 3 ratings,$10.20
BRCM,$51.325,1440684936121,"1,077,080",75% bullish,of 12 ratings,$56
BSFT,$30.65,1440684936173,"16,484",57% bullish,of 7 ratings,$40.50
BVSN,$5.79,1440684936271,628,60% bearish,of 5 ratings,N/A
BYFC,NULL,1440684936298,0,50% bullish,of 2 ratings,N/A
BRCD,$10.59,1440684936432,"529,294",92% bullish,of 13 ratings,$11.50
BWEN,$3.2053,1440684936459,815,100% bullish,of 3 ratings,$8
BRKL,$10.53,1440684936594,"41,227",100% bearish,of 1 rating,$10.75
BRKS,$10.0847,1440684936641,"15,124",67% bullish,of 3 ratings,$15.25
BRKR,$18.545,1440684936666,"50,469",100% bearish,of 2 ratings,$22
BLMT,$20.55,1440684936822,"3,344",Not yet rated,NULL,N/A
BMTC,$28.75,1440684936876,"9,606",Not yet rated,NULL,$34
BSQR,$6.055,1440684936905,"11,739",67% bullish,of 3 ratings,N/A
BLDR,$13.96,1440684937004,"70,776",50% bullish,of 2 ratings,$22
BWLD,$194.8938,1440684937082,"27,321",82% bullish,of 11 ratings,$205
CFFI,NULL,1440684937108,0,100% bearish,of 1 rating,N/A
BUR,NULL,1440684937129,0,100% bearish,of 1 rating,$8
CHRW,$67.325,1440684937181,"197,127",Not yet rated,NULL,$72
CCMP,$43.07,1440684937344,"8,259",50% bullish,of 2 ratings,$59
CA,$26.93,1440684937382,"225,270",50% bullish,of 4 ratings,$33
CDZI,$7.74,1440684937514,"1,888",100% bearish,of 1 rating,N/A
CACQ,$7.08,1440684937539,"13,178",100% bearish,of 1 rating,$12.25
CDNS,$19.67,1440684937569,"103,228",75% bullish,of 4 ratings,$22.50
CSTE,$39.849,1440684937594,"81,528",50% bullish,of 2 ratings,$65
CZR,$8.7709,1440684937762,"209,410",60% bearish,of 5 ratings,$10.50
PRSS,$4.435,1440684937806,"1,200",80% bullish,of 5 ratings,$4.50
CHY,$11.23,1440684937957,"51,814",Not yet rated,NULL,N/A
CCD,$19.18,1440684938043,"13,035",Not yet rated,NULL,N/A
CLMS,$10.59,1440684938071,"19,978",Not yet rated,NULL,$10.50
CLBS,$1.35,1440684938092,"62,587",79% bullish,of 14 ratings,$4
CFGE,$10.57,1440684938121,810,Not yet rated,NULL,N/A
CHI,$10.51,1440684938143,"59,883",100% bearish,of 1 rating,N/A
CHW,$7.524,1440684938273,"57,920",100% bearish,of 1 rating,N/A
CGO,$12.1213,1440684938429,"5,642",100% bearish,of 1 rating,N/A
CSQ,$9.79,1440684938462,"50,617",Not yet rated,NULL,N/A
CVGW,$60,1440684938531,"33,959",50% bullish,of 2 ratings,$58.50
CAMP,$15.63,1440684938559,"34,011",88% bullish,of 8 ratings,$25
CALA,$5.24,1440684938591,"82,413",100% bullish,of 3 ratings,$19.50
CFNB,$13.31,1440684938619,310,100% bearish,of 1 rating,N/A
CALD,$15.27,1440684938812,"42,037",100% bearish,of 1 rating,$21
CALM,$49.42,1440684938876,"74,849",80% bullish,of 5 ratings,$65
CLMT,$25.55,1440684938946,"74,065",75% bullish,of 8 ratings,$31
ABCD,$4.98,1440684938977,"19,193",83% bullish,of 6 ratings,N/A
CAMBU,NULL,1440684939006,0,100% bearish,of 1 rating,N/A
CAMB,$10.05,1440684939080,100,Not yet rated,NULL,N/A
CAMBW,NULL,1440684939106,0,Not yet rated,NULL,N/A
CAC,$40.08,1440684939133,836,Not yet rated,NULL,N/A
CAMT,$2.65,1440684939284,"4,631",73% bullish,of 11 ratings,$4
CPHC,NULL,1440684939477,0,100% bearish,of 1 rating,N/A
CGIX,$10.09,1440684939506,"6,906",67% bullish,of 3 ratings,$14.375
CSIQ,$17.9536,1440684939532,"540,684",86% bullish,of 28 ratings,$42.50
CBNJ,$10.985,1440684939605,"1,978",100% bullish,of 1 rating,N/A
CBF,$28.93,1440684939682,"5,490",Not yet rated,NULL,$32
CCBG,$14.79,1440684939707,"1,832",Not yet rated,NULL,$17.25
CPLA,$47.6,1440684939735,"19,049",67% bearish,of 3 ratings,$65
CPLP,$6.635,1440684939790,"56,981",71% bullish,of 7 ratings,$11
CFFN,$11.93,1440684939956,"78,487",Not yet rated,NULL,$12.75
CSWC,$45.01,1440684939984,107,Not yet rated,NULL,N/A
CPTA,$13.8,1440684940170,"5,119",100% bearish,of 1 rating,$18.50
CAPR,$4.15,1440684940195,14,Not yet rated,NULL,$12
CAPN,$1.8596,1440684940222,"18,968",100% bullish,of 1 rating,$10.85
CAPNW,NULL,1440684940242,0,Not yet rated,NULL,N/A
CPST,$0.3652,1440684940270,"153,175",95% bullish,of 22 ratings,$1.25
CARB,$11.21,1440684940556,"13,243",75% bullish,of 4 ratings,$12
CARA,$18.63,1440684940582,"23,720",50% bullish,of 4 ratings,$25
CFNL,$21.86,1440684940636,"37,809",Not yet rated,NULL,$24
CSII,$22.93,1440684940715,"17,614",100% bearish,of 2 ratings,$42.125
CBYL,$5.12,1440684940744,"8,103",100% bearish,of 1 rating,$20
CATM,$34.3,1440684940765,"19,524",100% bearish,of 1 rating,$44
CRDC,$0.324,1440684940797,"14,338",100% bullish,of 1 rating,$1.25
CRME,$8.8799,1440684940823,"1,500",89% bullish,of 9 ratings,$11.25
CDNA,$6.485,1440684940952,800,100% bearish,of 1 rating,$9
CTRE,$11.39,1440684941172,"18,690",50% bullish,of 2 ratings,$13.50
CARO,$15.61,1440684941200,201,100% bearish,of 1 rating,$19
CKEC,$23.02,1440684941226,"23,163",50% bullish,of 2 ratings,$35.915
CECO,$3.41,1440684941247,"27,433",67% bearish,of 3 ratings,$6
CLBH,NULL,1440684941275,0,Not yet rated,NULL,$16.50
CRZO,$30.54,1440684941407,"145,037",67% bearish,of 3 ratings,$55.50
CART,$5.35,1440684941443,100,100% bearish,of 1 rating,N/A
TAST,$12.53,1440684941587,"94,499",Not yet rated,NULL,$14.25
CRTN,$2.63,1440684941622,600,100% bearish,of 1 rating,N/A
CARV,$7.3,1440684941648,250,50% bullish,of 2 ratings,N/A
CACB,$5.25,1440684941674,"5,397",Not yet rated,NULL,$5.50
CASM,NULL,1440684941715,0,100% bullish,of 1 rating,$3.50
CWST,$5.93,1440684941814,"16,087",50% bullish,of 2 ratings,$7.25
CSCD,$15.03,1440684941841,"6,012",100% bullish,of 2 ratings,$17
CASY,$106.3,1440684942044,"25,542",50% bullish,of 2 ratings,$99.50
CASI,$1.47,1440684942069,160,100% bullish,of 1 rating,$3.50
CASS,$49.23,1440684942261,"1,690",100% bearish,of 1 rating,N/A
CATB,$11.45,1440684942313,"3,529",100% bearish,of 1 rating,$28
CATY,$29.17,1440684942334,"48,826",100% bearish,of 1 rating,$33.50
CPRX,$3.64,1440684942356,"254,687",71% bullish,of 7 ratings,$7
CATYW,NULL,1440684942487,0,100% bearish,of 1 rating,N/A
CAVM,$67.68,1440684942513,"43,861",67% bearish,of 3 ratings,$72
CBFV,NULL,1440684942534,0,Not yet rated,NULL,$25
CVCO,$70.04,1440684942691,"2,380",100% bearish,of 1 rating,N/A
CNLMR,NULL,1440684942772,0,Not yet rated,NULL,N/A
CNLMU,NULL,1440684942822,0,100% bullish,of 1 rating,N/A
CNLM,NULL,1440684942847,0,Not yet rated,NULL,N/A
CNLMW,NULL,1440684942871,0,Not yet rated,NULL,N/A
CBOE,$63.04,1440684943039,"53,439",Not yet rated,NULL,$60
CDK,$48.0401,1440684943067,"39,073",67% bearish,of 3 ratings,$50
CECE,$9.1,1440684943225,"6,978",50% bullish,of 2 ratings,$16
CELG,$120.58,1440684943254,"641,862",92% bullish,of 13 ratings,$155.50
CPXX,$2.07,1440684943290,"49,834",100% bullish,of 2 ratings,$7
CDW,$39.58,1440684943316,"240,719",75% bullish,of 4 ratings,$44
CLDN,$1.05,1440684943342,"5,400",71% bullish,of 7 ratings,$3
CELGZ,$1.75,1440684943379,900,80% bullish,of 5 ratings,N/A
CLDX,$14.92,1440684943446,"231,573",89% bullish,of 9 ratings,$36
CLRB,$3.09,1440684943608,131,100% bearish,of 1 rating,N/A
CLRBW,NULL,1440684943633,0,Not yet rated,NULL,N/A
CLLS,$32.8426,1440684943694,"30,264",75% bullish,of 4 ratings,$51.50
CBMG,$22.66,1440684943782,"8,242",50% bullish,of 2 ratings,N/A
CYAD,$50.5,1440684943913,"1,300",100% bullish,of 1 rating,$87.50
CETX,$2.382,1440684943944,200,Not yet rated,NULL,$5.60
CLSN,$1.9299,1440684943966,"14,611",80% bullish,of 10 ratings,$7.50
CLTX,$2.37,1440684943988,"85,373",100% bullish,of 2 ratings,N/A
CETV,$2.07,1440684944031,"24,329",67% bullish,of 3 ratings,$2.80
CEMP,$34.482,1440684944060,"70,555",71% bullish,of 7 ratings,$52
CSFL,$13.72,1440684944123,"40,936",Not yet rated,NULL,$15
CFBK,$1.371,1440684944160,100,Not yet rated,NULL,N/A
CENT,$12,1440684944334,"36,892",Not yet rated,NULL,$10
CENTA,$12.41,1440684944363,"56,512",Not yet rated,NULL,N/A
CVCY,$11.25,1440684944388,"2,000",Not yet rated,NULL,$12
CENX,$4.83,1440684944549,"314,329",67% bullish,of 6 ratings,$9
CNBKA,$41.91,1440684944646,396,50% bullish,of 2 ratings,N/A
CPHD,$48.4,1440684944681,"45,886",67% bearish,of 3 ratings,$66.50
CNTY,$5.79,1440684944729,"13,700",80% bullish,of 5 ratings,$7.75
CRNT,$1.36,1440684944757,"8,240",50% bullish,of 2 ratings,$2
CERN,$62.06,1440684944786,"218,076",67% bullish,of 3 ratings,$79
CERE,$1.1763,1440684944807,"45,449",88% bullish,of 8 ratings,N/A
CERS,$4.859,1440684944941,"50,933",75% bullish,of 4 ratings,$7
CEVA,$18.13,1440684945021,"6,889",100% bearish,of 1 rating,$25
CERU,$3.4947,1440684945131,681,75% bullish,of 4 ratings,$15
KOOL,NULL,1440684945185,0,100% bullish,of 5 ratings,$7
HOTR,$1.5001,1440684945265,"24,033",100% bullish,of 2 ratings,$5
CYOU,$20.2,1440684945295,"22,153",50% bullish,of 6 ratings,$24
CTHR,NULL,1440684945402,0,50% bullish,of 2 ratings,$2.50
GTLS,$21.95,1440684945428,"57,023",50% bullish,of 4 ratings,$40
CHTR,$180.06,1440684945471,"104,567",100% bearish,of 2 ratings,$196
HOTRW,NULL,1440684945496,0,Not yet rated,NULL,N/A
CHFN,$12.47,1440684945718,"4,620",Not yet rated,NULL,$14
CHEKW,NULL,1440684945743,0,Not yet rated,NULL,N/A
CHKP,$80.435,1440684945775,"190,271",50% bullish,of 4 ratings,$92
CHEK,$2.19,1440684945796,"2,478",Not yet rated,NULL,$7.75
CEMI,$3.69,1440684945832,"2,304",50% bullish,of 2 ratings,$7.50
CHFC,$31.27,1440684945874,"8,073",100% bearish,of 1 rating,$36
CCXI,$6.84,1440684945930,"8,388",67% bullish,of 3 ratings,$14
CHMA,$24.63,1440684946165,"9,794",Not yet rated,NULL,$40
CBNK,NULL,1440684946217,0,100% bearish,of 1 rating,N/A
CHKE,$25.92,1440684946254,"3,660",100% bearish,of 1 rating,$32.50
CHEV,$14.29,1440684946275,200,Not yet rated,NULL,N/A
CHMG,$26.07,1440684946307,100,Not yet rated,NULL,$30
CMRX,$50.66,1440684946347,"31,282",50% bullish,of 2 ratings,$57
PLCE,$57.99,1440684946375,"36,913",100% bearish,of 1 rating,$69
CADC,NULL,1440684946444,0,78% bullish,of 9 ratings,N/A
CALI,$0.8951,1440684946591,920,67% bullish,of 3 ratings,N/A
CBAK,$1.88,1440684946623,"1,824",67% bullish,of 9 ratings,N/A
CAAS,$6.04,1440684946645,"8,753",93% bullish,of 14 ratings,$11.50
CCCL,$0.765,1440684946723,"4,410",100% bullish,of 6 ratings,N/A
CBPO,$99.13,1440684946783,"32,139",75% bullish,of 8 ratings,$140.50
CCCR,NULL,1440684946808,0,67% bearish,of 3 ratings,N/A
JRJC,$3.24,1440684946954,"36,888",82% bullish,of 11 ratings,N/A
CHOP,NULL,1440684946980,0,50% bullish,of 2 ratings,N/A
HGSH,$1.673,1440684947057,"5,311",67% bullish,of 3 ratings,N/A
CHLN,$2.0001,1440684947117,"3,701",67% bullish,of 3 ratings,N/A
CJJD,$1.854,1440684947154,"4,220",100% bullish,of 1 rating,N/A
HTHT,$25.54,1440684947216,"7,197",50% bullish,of 2 ratings,$28.40
CNIT,$1.4,1440684947246,"15,150",67% bullish,of 6 ratings,N/A
CHNR,$1.71,1440684947313,16,100% bearish,of 1 rating,N/A
CREG,$0.6898,1440684947381,"1,000",100% bullish,of 3 ratings,N/A
CPGI,$6.83,1440684947441,22,Not yet rated,NULL,N/A
CNTF,$0.77,1440684947531,"10,168",Not yet rated,NULL,N/A
CSUN,$1.49,1440684947557,"12,209",80% bullish,of 5 ratings,N/A
CXDC,$5.8,1440684947703,"3,100",67% bearish,of 3 ratings,N/A
CNYD,NULL,1440684947734,0,67% bullish,of 3 ratings,N/A
CNET,$0.8,1440684947760,"144,814",50% bullish,of 2 ratings,N/A
CCIH,$6.57,1440684947837,"36,143",67% bullish,of 6 ratings,$12.65
CHSCM,$25.9,1440684947902,"2,352",Not yet rated,NULL,N/A
IMOS,$16.98,1440684947931,"27,850",60% bullish,of 5 ratings,$21.50
CHSCL,$26.9665,1440684947960,944,Not yet rated,NULL,N/A
CHSCN,$26.67,1440684948066,1,Not yet rated,NULL,N/A
CHSCO,$28.25,1440684948119,"1,460",Not yet rated,NULL,N/A
CHDN,$133.1,1440684948224,"3,836",Not yet rated,NULL,$165
CHSCP,$30.3916,1440684948249,"1,250",Not yet rated,NULL,N/A
CHUY,$30.708,1440684948527,"18,888",50% bullish,of 2 ratings,$34
CIFC,$7.3,1440684948584,992,100% bearish,of 1 rating,N/A
CMCT,$15.32,1440684948605,42,100% bearish,of 1 rating,N/A
CDTX,$14.07,1440684948626,"1,809",Not yet rated,NULL,$22
CTAS,$84.65,1440684948691,"58,544",100% bearish,of 1 rating,$91
CINF,$52.355,1440684948758,"42,208",50% bullish,of 4 ratings,$50.50
CIDM,$0.572,1440684948786,"8,112",50% bullish,of 2 ratings,$2.10
CMPR,$68.78,1440684948807,"39,770",50% bullish,of 2 ratings,$72.50
CPHR,$5.55,1440684948947,604,100% bearish,of 1 rating,$17
CRUS,$29.67,1440684948972,"270,077",75% bullish,of 12 ratings,$44.50
CTRN,$26.74,1440684949039,"4,620",100% bearish,of 1 rating,$31.50
CSCO,$25.8,1440684949064,"3,134,174",84% bullish,of 208 ratings,$32
CZWI,NULL,1440684949370,0,Not yet rated,NULL,N/A
CZNC,$19.6,1440684949403,"2,980",Not yet rated,NULL,N/A
CZFC,NULL,1440684949431,0,Not yet rated,NULL,N/A
CHCO,$47.02,1440684949453,"4,408",Not yet rated,NULL,$46
CIZN,NULL,1440684949474,0,Not yet rated,NULL,N/A
CTXS,$69.67,1440684949513,"207,425",86% bullish,of 7 ratings,$80
CIVB,$10.257,1440684949534,680,Not yet rated,NULL,$11
CIVBP,NULL,1440684949712,0,Not yet rated,NULL,N/A
CLNT,$1.38,1440684949846,"7,071",75% bullish,of 8 ratings,N/A
CLNE,$4.58,1440684949872,"231,225",80% bullish,of 15 ratings,$9
CDTI,$1.55,1440684949899,"3,966",75% bullish,of 4 ratings,$3.20
CLFD,$16.36,1440684949924,"6,440",67% bullish,of 3 ratings,$18
CLRO,$11.49,1440684950084,518,50% bullish,of 2 ratings,$14.25
CLIR,$4.67,1440684950212,"11,166",100% bullish,of 3 ratings,N/A
CBLI,$3.6101,1440684950247,"8,906",60% bullish,of 5 ratings,N/A
CSBK,$13.59,1440684950279,"13,644",Not yet rated,NULL,N/A
CLVS,$73.8,1440684950305,"46,710",60% bullish,of 5 ratings,$101.50
CMFN,$11.03,1440684950334,"6,185",100% bearish,of 1 rating,$15.50
CME,$92.48,1440684950364,"161,066",67% bullish,of 3 ratings,$102
CCNE,$16.65,1440684950390,"1,810",50% bullish,of 2 ratings,$21.50
CWAY,$11.29,1440684950633,100,Not yet rated,NULL,N/A
CNV,$4.43,1440684950660,"1,018",50% bullish,of 2 ratings,$7.15
CISG,$7.4999,1440684950684,"6,486",100% bullish,of 5 ratings,$10
COBZ,$12.72,1440684950870,"8,268",100% bullish,of 1 rating,$14
COKE,$159.8,1440684950933,"5,942",79% bullish,of 19 ratings,N/A
CDRB,$12.72,1440684950958,842,67% bullish,of 3 ratings,N/A
CDXS,$3.46,1440684950984,"2,175",64% bullish,of 11 ratings,$6
JVA,$4.58,1440684951111,"8,380",83% bullish,of 6 ratings,$7
CGNT,$1.4194,1440684951139,"9,507",100% bullish,of 2 ratings,$2
CCOI,$27.53,1440684951167,"29,011",50% bullish,of 4 ratings,$35
CVLY,$20.56,1440684951192,424,Not yet rated,NULL,N/A
CTSH,$62.75,1440684951224,"372,000",90% bullish,of 10 ratings,$75
CGNX,$34.47,1440684951355,"79,553",50% bullish,of 2 ratings,$47
COHR,$55.87,1440684951381,"16,555",50% bullish,of 2 ratings,$72
CHRS,$27.5,1440684951403,"30,026",67% bearish,of 3 ratings,$37
COHU,$9.3,1440684951638,"13,660",100% bearish,of 1 rating,$14.25
CBAN,NULL,1440684951737,0,Not yet rated,NULL,N/A
COLL,$15.05,1440684951770,"5,222",100% bearish,of 1 rating,$26
CLRX,$0.56,1440684951791,"14,907",50% bullish,of 2 ratings,N/A
CIGI,$43.41,1440684951826,860,100% bearish,of 1 rating,$52
CLCD,$6.35,1440684951847,"17,132",100% bearish,of 1 rating,$20.50
CLCT,$18.561,1440684951879,"3,188",100% bearish,of 1 rating,N/A
COLB,$29.9,1440684951903,"37,198",Not yet rated,NULL,$36
COLM,$61.23,1440684952136,"14,566",100% bearish,of 1 rating,$71
CMCSA,$56.29,1440684952170,"1,267,239",66% bullish,of 35 ratings,$69.50
CMCSK,$56.86,1440684952268,"363,803",Not yet rated,NULL,$84
CBMX,$1.1288,1440684952297,"1,142",83% bullish,of 6 ratings,$3.15
CMCO,$17.85,1440684952324,"9,214",60% bullish,of 5 ratings,$28
CBSH,$44.16,1440684952403,"22,360",50% bullish,of 2 ratings,$46
CBSHP,$25.36,1440684952475,122,100% bearish,of 1 rating,N/A
CVGI,$4.8,1440684952580,"13,129",50% bullish,of 2 ratings,$6
COMM,$30.27,1440684952608,"136,683",67% bearish,of 3 ratings,$35
CUBN,NULL,1440684952639,0,Not yet rated,NULL,N/A
CSAL,$20.5,1440684952666,"51,146",75% bullish,of 4 ratings,$30
CYHHZ,$0.011,1440684952734,"18,000",100% bullish,of 1 rating,N/A
JCS,NULL,1440684952836,0,67% bullish,of 3 ratings,N/A
ESXB,$5.0611,1440684952863,"1,400",Not yet rated,NULL,N/A
CTBI,$34.23,1440684953004,"5,614",Not yet rated,NULL,$36
CWBC,$6.74,1440684953050,204,Not yet rated,NULL,N/A
COB,$10.35,1440684953107,"2,660",100% bullish,of 1 rating,$11.75
CIL,NULL,1440684953249,0,Not yet rated,NULL,N/A
CID,NULL,1440684953279,0,Not yet rated,NULL,N/A
CIZ,$33.2,1440684953300,300,100% bearish,of 1 rating,N/A
CVLT,$35.4,1440684953382,"53,692",75% bullish,of 4 ratings,$44.50
CDC,$34.4613,1440684953530,320,Not yet rated,NULL,N/A
CSA,NULL,1440684953557,0,Not yet rated,NULL,N/A
CFA,NULL,1440684953630,0,100% bearish,of 1 rating,N/A
CFO,$35.3475,1440684953693,425,100% bearish,of 1 rating,N/A
CSF,$36.45,1440684953766,100,100% bearish,of 1 rating,N/A
CSB,NULL,1440684953795,0,Not yet rated,NULL,N/A
CDL,NULL,1440684953819,0,Not yet rated,NULL,N/A
CGEN,$4.95,1440684954031,"22,545",50% bullish,of 2 ratings,$11
CPSI,$45.05,1440684954189,"12,438",100% bearish,of 1 rating,$45.50
SCOR,$53.855,1440684954219,"28,578",100% bearish,of 1 rating,$66
CTG,$6.51,1440684954284,"5,210",100% bearish,of 1 rating,$8.50
CHCI,$0.748,1440684954317,"6,030",50% bullish,of 2 ratings,N/A
CNAT,$3.48,1440684954349,"12,170",83% bullish,of 6 ratings,$13
CNSI,$18.63,1440684954376,"5,395",100% bearish,of 2 ratings,$29
CMTL,$25.495,1440684954447,"13,008",100% bearish,of 2 ratings,$37
CNCE,$15.32,1440684954607,"19,984",75% bullish,of 4 ratings,$22
CXRX,$75.34,1440684954733,"1,400",100% bearish,of 1 rating,$90
CCUR,$4.69,1440684954764,"4,600",75% bullish,of 4 ratings,N/A
CDORO,$17,1440684954870,162,100% bearish,of 1 rating,N/A
CFMS,$19.74,1440684954898,"37,270",Not yet rated,NULL,$27
CDORP,NULL,1440684954922,0,100% bearish,of 1 rating,N/A
CNFR,$10.49,1440684955129,112,Not yet rated,NULL,N/A
CTWS,$33.9075,1440684955181,"2,990",100% bearish,of 1 rating,$44
CDOR,$1.28,1440684955226,100,100% bullish,of 1 rating,N/A
CNOB,$19.17,1440684955283,"7,550",100% bullish,of 1 rating,$23.50
CONN,$30.33,1440684955362,"54,146",67% bullish,of 3 ratings,$48.50
CNXR,$6.3,1440684955399,"7,910",100% bearish,of 1 rating,$12
CNSL,$19.32,1440684955426,"26,858",100% bearish,of 1 rating,$23
CNMD,$52.9,1440684955504,"10,825",Not yet rated,NULL,$59
CWCO,$10.1592,1440684955556,"17,162",67% bullish,of 3 ratings,$14.50
CTCT,$24.139,1440684955687,"20,079",67% bullish,of 3 ratings,$37
CFRX,$5,1440684955884,600,Not yet rated,NULL,$14
CPSS,$5.58,1440684955906,"8,070",100% bullish,of 1 rating,$10
CTRL,$7.8747,1440684955955,"25,696",50% bullish,of 2 ratings,$11
CFRXZ,NULL,1440684955980,0,Not yet rated,NULL,N/A
CFRXW,$2.28,1440684956035,529,100% bearish,of 1 rating,N/A
CTRV,$3.93,1440684956060,209,Not yet rated,NULL,$6.40
CRBP,$1.9,1440684956111,"81,778",100% bullish,of 2 ratings,$6.25
CORT,$5,1440684956198,"57,811",67% bullish,of 3 ratings,$12
CPRT,$34.22,1440684956297,"24,911",67% bearish,of 3 ratings,$40
BVA,NULL,1440684956395,0,50% bullish,of 2 ratings,N/A
CORE,$58.9,1440684956481,"11,878",100% bearish,of 1 rating,$72
CSOD,$35.54,1440684956508,"94,116",50% bullish,of 2 ratings,$42
CORI,$10.35,1440684956561,"4,014",100% bearish,of 1 rating,$18
CRVL,$30.48,1440684956644,"2,068",100% bearish,of 1 rating,N/A
COSI,$1.0874,1440684956702,"24,080",100% bullish,of 1 rating,N/A
CSGP,$177.425,1440684956726,"5,593",50% bullish,of 2 ratings,$235
CPAH,$0.46,1440684956862,750,50% bullish,of 2 ratings,N/A
COST,$139.81,1440684956923,"334,117",79% bullish,of 24 ratings,$154.50
COWN,$4.955,1440684956996,"94,463",75% bullish,of 4 ratings,$7
ICBK,NULL,1440684957020,0,Not yet rated,NULL,$21
COVS,$2.53,1440684957347,"6,133",67% bullish,of 3 ratings,N/A
CRAI,$21.59,1440684957425,"3,932",100% bearish,of 1 rating,$36
COWNL,NULL,1440684957453,0,Not yet rated,NULL,N/A
CPSH,$2.24,1440684957478,"1,300",Not yet rated,NULL,N/A
BREW,$7.34,1440684957508,"5,253",67% bullish,of 6 ratings,$15
CBRL,$145.25,1440684957531,"28,576",50% bullish,of 2 ratings,$155
CRAY,$20.23,1440684957613,"34,766",83% bullish,of 6 ratings,$38.50
CVTI,$22.48,1440684957860,"11,636",67% bearish,of 3 ratings,$39
CACC,$197.58,1440684957888,"4,605",50% bullish,of 2 ratings,$158.50
SLVO,$9.75,1440684957916,"12,561",100% bearish,of 1 rating,N/A
CRESY,$10.34,1440684957945,"5,431",100% bearish,of 1 rating,$19
GLDI,$10.95,1440684958050,28,100% bearish,of 1 rating,N/A
CRTO,$44.02,1440684958112,"44,402",67% bullish,of 6 ratings,$64
CROX,$13.89,1440684958254,"130,530",63% bullish,of 8 ratings,$16.50
CREE,$26.1,1440684958280,"157,718",65% bullish,of 17 ratings,$29.50
CRDS,$1.05,1440684958524,"63,500",50% bullish,of 4 ratings,$4.50
CCRN,$13.87,1440684958581,"18,434",100% bearish,of 1 rating,$14.25
CRWS,$8.1,1440684958608,"2,774",Not yet rated,NULL,$10
CRWN,$4.44,1440684958637,"6,754",75% bullish,of 4 ratings,N/A
CYRX,$2.8788,1440684958672,"2,764",Not yet rated,NULL,$9
CCLP,$13.44,1440684958740,"10,791",67% bearish,of 3 ratings,$20
CSGS,$29.78,1440684958767,"12,536",Not yet rated,NULL,$40
CYRXW,$0.869,1440684958797,"2,900",Not yet rated,NULL,N/A
CTIC,$1.595,1440684959174,"448,414",84% bullish,of 76 ratings,$5.75
CTCM,$1.705,1440684959212,"21,771",80% bearish,of 5 ratings,$3.90
CSPI,NULL,1440684959263,0,67% bullish,of 3 ratings,N/A
CTIB,$3.46,1440684959288,"1,000",100% bearish,of 1 rating,N/A
CTRP,$67.6,1440684959347,"588,515",75% bullish,of 8 ratings,$92
CUNB,$21.1,1440684959430,"2,362",Not yet rated,NULL,$24.50
CUI,$5.09,1440684959490,931,50% bullish,of 2 ratings,$10
CPIX,$6.01,1440684959660,600,Not yet rated,NULL,N/A
CMLS,$1.41,1440684959725,"59,791",50% bullish,of 4 ratings,$6
CRIS,$2.425,1440684959831,"47,916",100% bullish,of 8 ratings,$6
CUTR,$14.23,1440684959857,"12,022",67% bearish,of 3 ratings,$18
CVBF,$15.905,1440684959993,"37,570",Not yet rated,NULL,$18
CVV,$10.58,1440684960018,661,100% bullish,of 5 ratings,N/A
CYAN,$7.33,1440684960153,2,100% bearish,of 1 rating,N/A
CYBR,$50.819,1440684960189,"328,563",75% bullish,of 8 ratings,$66
CYBX,$66.5,1440684960354,"54,016",50% bullish,of 4 ratings,$71.50
CYCC,$0.5097,1440684960490,"3,792",73% bullish,of 11 ratings,N/A
CYBE,$5.99,1440684960595,"7,213",100% bearish,of 1 rating,N/A
CYCCP,NULL,1440684960629,0,100% bearish,of 1 rating,N/A
CBAY,$2.59,1440684960656,"13,156",100% bullish,of 1 rating,$4
CY,$9.47,1440684960691,"534,625",80% bullish,of 10 ratings,$15.50
CYNA,$16.2,1440684960719,"2,000",100% bullish,of 1 rating,$31.50
CYNO,$32.1,1440684960949,"24,258",67% bearish,of 3 ratings,$45.50
CYRN,$1.71,1440684961021,"4,600",67% bullish,of 3 ratings,$4
CONE,$31.54,1440684961184,"46,020",67% bearish,of 3 ratings,$35.50
CYTK,$6.75,1440684961213,"29,184",71% bullish,of 14 ratings,$13.50
CYTX,$0.315,1440684961318,"250,302",83% bullish,of 12 ratings,$5.50
CYTR,$2.23,1440684961374,"106,987",67% bullish,of 6 ratings,$10
CTSO,$6.3086,1440684961516,"12,520",Not yet rated,NULL,$15.625
XIV,$28.93,1440684961664,"5,719,687",75% bearish,of 4 ratings,N/A
TVIZ,$16.68,1440684961698,"3,942",100% bearish,of 1 rating,N/A
TVIX,$11.713,1440684961726,"2,947,108",81% bullish,of 16 ratings,N/A
ZIV,$42.848,1440684961755,"41,315",Not yet rated,NULL,N/A
DAEG,NULL,1440684961776,0,100% bearish,of 1 rating,N/A
DJCO,$196.33,1440684961939,360,Not yet rated,NULL,N/A
DAKT,$8.509,1440684961965,"76,486",50% bullish,of 2 ratings,$14
DAIO,$2.63,1440684962190,404,Not yet rated,NULL,N/A
DTLK,$5.46,1440684962225,"10,775",100% bearish,of 1 rating,$9
DARA,$0.83,1440684962254,"18,841",83% bullish,of 6 ratings,$1.50
DRAM,$1.15,1440684962283,720,78% bullish,of 9 ratings,N/A
DWCH,$4.96,1440684962384,302,75% bullish,of 4 ratings,$8.25
PLAY,$33.885,1440684962414,"36,934",100% bullish,of 5 ratings,$42
DWSN,$4.35,1440684962515,690,67% bullish,of 3 ratings,N/A
DTEA,$12.65,1440684962574,"15,177",100% bearish,of 2 ratings,$24
DBVT,$40.19,1440684962664,"18,275",100% bearish,of 1 rating,$53
TRAK,$62.8,1440684962753,"77,779",50% bullish,of 2 ratings,$62.50
DFRG,$14.35,1440684962795,"10,390",100% bearish,of 1 rating,$20
DHRM,NULL,1440684962851,0,Not yet rated,NULL,N/A
TACO,$13.21,1440684962877,"4,836",75% bullish,of 4 ratings,$20
TACOW,NULL,1440684962897,0,100% bullish,of 1 rating,N/A
DCTH,$0.3799,1440684963066,"36,900",78% bullish,of 9 ratings,N/A
DGAS,$20.69,1440684963147,442,67% bearish,of 3 ratings,N/A
DELT,NULL,1440684963289,0,Not yet rated,NULL,N/A
DELTW,NULL,1440684963342,0,Not yet rated,NULL,N/A
XRAY,$52.93,1440684963376,"42,102",100% bullish,of 1 rating,$58
DENN,$11.46,1440684963402,"42,135",100% bullish,of 3 ratings,$15
DSCI,$5.68,1440684963528,"6,230",50% bullish,of 2 ratings,$16
DEPO,$29.02,1440684963596,"68,750",60% bullish,of 5 ratings,$29
DEST,$10.85,1440684963623,"21,260",50% bullish,of 2 ratings,N/A
DXLG,$5,1440684963686,"53,358",100% bearish,of 1 rating,$8
DXM,$0.29,1440684963712,"10,835",50% bullish,of 2 ratings,N/A
DERM,$24.67,1440684963753,"20,734",100% bearish,of 1 rating,$33.50
DSWL,NULL,1440684963884,0,100% bullish,of 1 rating,N/A
DXCM,$93.29,1440684963912,"93,537",57% bullish,of 7 ratings,$98
DMND,$27.99,1440684964095,"24,866",75% bullish,of 12 ratings,$32
DHXM,NULL,1440684964170,0,Not yet rated,NULL,N/A
FANG,$64.94,1440684964196,"74,260",50% bullish,of 2 ratings,$86.50
DHIL,$191.87,1440684964270,560,Not yet rated,NULL,N/A
DCIX,$1.65,1440684964337,"19,059",50% bullish,of 4 ratings,$3.50
DRNA,$10.4,1440684964375,"7,935",67% bearish,of 3 ratings,$25
DGII,$9.8,1440684964436,"15,530",100% bearish,of 1 rating,$10
DMRC,$34.09,1440684964463,"7,832",100% bearish,of 1 rating,$44
DGLY,$7.8311,1440684964517,"86,507",50% bullish,of 6 ratings,$20
APPS,$2.3,1440684964676,"10,216",100% bearish,of 1 rating,$10.25
DRAD,$3.6387,1440684964759,"4,148",100% bullish,of 1 rating,$5.25
DIOD,$19.45,1440684964808,"14,016",75% bearish,of 4 ratings,$24
DCOM,$16.74,1440684964891,"51,284",100% bearish,of 2 ratings,$16.50
DPRX,$12.48,1440684964951,"1,106",100% bullish,of 2 ratings,$27.75
DISCA,$26.954,1440684965023,"233,310",67% bullish,of 3 ratings,$34
DISCB,NULL,1440684965158,0,100% bearish,of 1 rating,$35
DSCO,$0.3601,1440684965312,"61,324",83% bullish,of 6 ratings,$2.75
DISH,$59.165,1440684965340,"110,297",69% bullish,of 13 ratings,$73
DVCR,$11.19,1440684965374,902,100% bullish,of 1 rating,N/A
BAGR,$2.655,1440684965400,"8,803",100% bearish,of 1 rating,$6
DISCK,$25.44,1440684965477,"79,282",100% bearish,of 1 rating,$32
DLHC,$2.45,1440684965560,"1,034",100% bearish,of 1 rating,N/A
DNBF,$26.3,1440684965615,200,Not yet rated,NULL,$27.50
DLTR,$76.64,1440684965652,"1,096,809",82% bullish,of 11 ratings,$88
DGICA,$14.21,1440684965724,"4,186",100% bearish,of 1 rating,$17
DGICB,NULL,1440684965935,0,100% bearish,of 1 rating,N/A
DMLP,$13.694,1440684965969,"6,737",100% bearish,of 1 rating,N/A
DORM,$50.7,1440684965991,"17,463",100% bearish,of 1 rating,$56
HILL,$9.68,1440684966020,"101,830",60% bearish,of 5 ratings,$9.75
DRWI,$0.2157,1440684966067,"25,496",60% bullish,of 5 ratings,$.45
DRYS,$0.3909,1440684966207,"1,282,251",77% bullish,of 31 ratings,$.60
DRWIW,$0.049,1440684966233,400,Not yet rated,NULL,N/A
DWA,$19.98,1440684966266,"53,135",63% bullish,of 8 ratings,$26
DSKX,$3.22,1440684966309,"7,300",100% bullish,of 1 rating,N/A
CADT,NULL,1440684966477,0,Not yet rated,NULL,N/A
DSPG,$8.58,1440684966504,"11,038",100% bearish,of 1 rating,$13.50
CADTU,NULL,1440684966529,0,Not yet rated,NULL,N/A
CADTR,$0.1999,1440684966672,800,Not yet rated,NULL,N/A
CADTW,NULL,1440684966702,0,Not yet rated,NULL,N/A
DTSI,$26.3,1440684966778,"9,408",100% bearish,of 2 ratings,$39.50
DNKN,$51.13,1440684966803,"82,991",67% bullish,of 15 ratings,$56.50
DRRX,$1.96,1440684966966,"32,595",50% bullish,of 6 ratings,$3
DYAX,$23.88,1440684966999,"150,533",89% bullish,of 9 ratings,$30
BOOM,$9.03,1440684967020,"11,848",67% bullish,of 3 ratings,$12
DXPE,$26.32,1440684967099,"87,241",50% bullish,of 2 ratings,N/A
DYSL,$1.4401,1440684967165,"7,141",100% bullish,of 2 ratings,N/A
DVAX,$28.6,1440684967232,"57,842",70% bullish,of 10 ratings,$40
ETFC,$25.91,1440684967302,"567,612",57% bullish,of 14 ratings,$32.50
DYNT,$2.9999,1440684967335,"5,347",75% bullish,of 4 ratings,N/A
EBMT,NULL,1440684967361,0,Not yet rated,NULL,$13.50
EGBN,$41.06,1440684967442,"12,824",Not yet rated,NULL,$48
EGRX,$81.22,1440684967506,"81,165",67% bullish,of 3 ratings,$97
EGLE,$6.35,1440684967578,"3,564",60% bullish,of 5 ratings,N/A
EROC,$1.36,1440684967708,"93,105",50% bullish,of 2 ratings,$3
ELNK,$8.32,1440684967844,"51,813",60% bullish,of 5 ratings,$9.50
EML,$16.87,1440684967880,2,Not yet rated,NULL,N/A
EWBC,$39.38,1440684967907,"103,620",100% bearish,of 1 rating,$50
EACQU,NULL,1440684967942,0,Not yet rated,NULL,N/A
EBAY,$26.75,1440684967971,"1,517,960",81% bullish,of 117 ratings,$48
EVBS,NULL,1440684968002,0,Not yet rated,NULL,$7
ELON,$0.545,1440684968106,"5,116",50% bullish,of 2 ratings,N/A
EBIX,$27.98,1440684968254,"73,155",69% bullish,of 13 ratings,$40
ECHO,$23.17,1440684968286,"24,280",67% bearish,of 3 ratings,$35.50
EEI,$11.33,1440684968395,"2,650",67% bearish,of 3 ratings,N/A
SATS,$43.55,1440684968420,"4,142",50% bullish,of 2 ratings,$60
ECTE,$1.5602,1440684968445,434,75% bullish,of 4 ratings,N/A
ECACU,$10.06,1440684968585,100,Not yet rated,NULL,N/A
ESES,NULL,1440684968659,0,100% bearish,of 1 rating,$7
EDGW,$6.69,1440684968754,264,100% bearish,of 1 rating,N/A
EDAP,$3.53,1440684968795,"39,414",60% bullish,of 5 ratings,$4.50
EFUT,NULL,1440684968820,0,Not yet rated,NULL,N/A
EGLT,$10.32,1440684968845,"8,316",50% bullish,of 2 ratings,$21
EDUC,$4.9,1440684968888,100,100% bearish,of 1 rating,N/A
EGAN,$3.3152,1440684968913,"4,240",50% bullish,of 2 ratings,$6.25
EHTH,$13.72,1440684969128,"10,666",50% bullish,of 4 ratings,$16.50
LOCO,$12.2699,1440684969153,"152,747",69% bullish,of 13 ratings,$20
EMITF,$1.24,1440684969178,"1,520",75% bullish,of 4 ratings,N/A
ERI,$9.16,1440684969368,"8,031",100% bearish,of 1 rating,$10
ESLT,$76.9599,1440684969394,"1,968",67% bullish,of 3 ratings,N/A
ESIO,$4.175,1440684969420,"7,681",50% bullish,of 2 ratings,$10
EA,$67.0799,1440684969551,"256,602",77% bullish,of 35 ratings,$80
ELRC,$10.35,1440684969582,"6,432",100% bearish,of 1 rating,N/A
ELEC,NULL,1440684969610,0,Not yet rated,NULL,N/A
EFII,$43.82,1440684969637,"28,917",80% bullish,of 5 ratings,$55
ELSE,NULL,1440684969714,0,60% bullish,of 5 ratings,N/A
EBIO,$3.4001,1440684969786,"43,480",100% bearish,of 2 ratings,$8.35
ELECU,NULL,1440684969846,0,Not yet rated,NULL,N/A
ELECW,NULL,1440684969917,0,Not yet rated,NULL,N/A
RDEN,$10.47,1440684969990,"8,792",100% bearish,of 4 ratings,$15
CAPX,NULL,1440684970255,0,Not yet rated,NULL,N/A
LONG,$17.11,1440684970286,362,67% bullish,of 3 ratings,$15.75
ESBK,$19.83,1440684970363,240,Not yet rated,NULL,N/A
ELTK,$1.22,1440684970392,"42,114",67% bearish,of 3 ratings,N/A
EMMSP,NULL,1440684970419,0,100% bearish,of 1 rating,N/A
EMCI,$22.89,1440684970447,"1,221",Not yet rated,NULL,N/A
EMCF,NULL,1440684970468,0,100% bearish,of 1 rating,N/A
NYNY,$4.2499,1440684970501,"4,718",50% bullish,of 2 ratings,N/A
EMMS,NULL,1440684970714,0,83% bullish,of 6 ratings,N/A
ENTA,$41.18,1440684970854,"17,796",50% bullish,of 2 ratings,$42
ERS,$2.88,1440684970904,"1,000",Not yet rated,NULL,N/A
EMKR,$6.85,1440684970929,"10,363",75% bullish,of 4 ratings,$8.50
ECPG,$38.85,1440684971083,"20,478",100% bullish,of 2 ratings,$52
WIRE,$30.62,1440684971215,"16,953",100% bearish,of 1 rating,$37
ECYT,$5.1,1440684971348,"22,340",83% bullish,of 6 ratings,$12
ENDP,$78.958,1440684971385,"131,742",50% bullish,of 6 ratings,$104
WATT,$6.19,1440684971522,"18,496",50% bullish,of 2 ratings,$13
EIGI,$15.2,1440684971575,"37,949",67% bearish,of 3 ratings,$22.50
ERII,$2.65,1440684971601,"1,332",80% bullish,of 5 ratings,$2.50
EFOI,$20.5,1440684971624,"297,798",50% bullish,of 2 ratings,$20.50
ELGX,$12.57,1440684971655,"33,623",75% bullish,of 4 ratings,$17
ENG,NULL,1440684971814,0,100% bullish,of 3 ratings,N/A
ENOC,$8.27,1440684971849,"17,555",75% bullish,of 4 ratings,$18
EXXI,$1.56,1440684971947,"287,516",86% bullish,of 7 ratings,$3.50
ENPH,$4.4608,1440684972034,"112,572",75% bullish,of 4 ratings,$11
ESGR,$148.24,1440684972164,"1,045",100% bearish,of 1 rating,$185
ENTL,$21.59,1440684972404,"1,508",Not yet rated,NULL,$28
ENFC,NULL,1440684972434,0,Not yet rated,NULL,N/A
ETRM,$0.2411,1440684972473,"62,994",69% bearish,of 35 ratings,$1.625
EFSC,$23.47,1440684972538,"16,557",Not yet rated,NULL,$27
ENZN,$1.03,1440684972572,"204,832",100% bullish,of 9 ratings,N/A
EGT,$1.94,1440684972598,106,100% bullish,of 1 rating,N/A
EBTC,$21.155,1440684972727,"1,680",Not yet rated,NULL,N/A
ENZY,$9.22,1440684972756,"1,100",67% bullish,of 3 ratings,$9.50
ENTG,$13.58,1440684972895,"46,367",100% bearish,of 1 rating,$18
EPRS,$5.02,1440684973034,"4,447",82% bullish,of 11 ratings,$15
ENVI,$1.9,1440684973064,"26,129",67% bullish,of 3 ratings,N/A
EPIQ,$12.965,1440684973086,"11,816",100% bearish,of 1 rating,$18
EPZM,$17.47,1440684973171,"28,249",60% bullish,of 5 ratings,$34
PLUS,$75.275,1440684973315,"8,486",50% bullish,of 2 ratings,$88
EQFN,NULL,1440684973344,0,100% bearish,of 1 rating,N/A
EQIX,$264.04,1440684973451,"53,322",75% bullish,of 4 ratings,$312.50
ERIE,$82.065,1440684973488,933,Not yet rated,NULL,$73
ERIC,$9.805,1440684973527,"202,457",67% bullish,of 9 ratings,$12.20
EAC,$3.2499,1440684973588,"1,412",100% bearish,of 1 rating,$8
ESCA,$16.93,1440684973609,"1,612",100% bearish,of 1 rating,$22
ESCR,$0.1404,1440684973688,"79,965",50% bullish,of 2 ratings,N/A
ESCRP,$1.4,1440684973752,"1,000",100% bearish,of 1 rating,N/A
ESMC,NULL,1440684973914,0,Not yet rated,NULL,N/A
ESPR,$52.2701,1440684973941,"97,793",70% bearish,of 10 ratings,$123
ESSA,$12.76,1440684974165,446,100% bearish,of 1 rating,N/A
EPIX,NULL,1440684974294,0,Not yet rated,NULL,N/A
ESSX,$0.4107,1440684974390,"17,594",50% bullish,of 2 ratings,N/A
ESND,$33.758,1440684974472,"11,537",100% bearish,of 2 ratings,$40
ETSY,$13.84,1440684974525,"101,048",80% bullish,of 5 ratings,$16
ESEA,$5.65,1440684974574,201,100% bullish,of 1 rating,$15
EEFT,$64.29,1440684974599,"23,916",100% bearish,of 1 rating,$67.50
CLWT,NULL,1440684974626,0,100% bearish,of 1 rating,N/A
EVEP,$7.6201,1440684974752,"70,663",50% bullish,of 2 ratings,$15
EVLV,$2.485,1440684974857,"45,012",60% bullish,of 5 ratings,$6
EVK,NULL,1440684975018,0,75% bearish,of 4 ratings,N/A
EVOL,$6.18,1440684975176,"1,410",75% bullish,of 4 ratings,$10
EVOK,$4.0676,1440684975235,"4,111",100% bearish,of 1 rating,$13.375
EXA,$11.4795,1440684975392,500,100% bearish,of 1 rating,$13
EXEL,$5.98,1440684975699,"2,558,287",81% bullish,of 16 ratings,$6
EXLS,$35.37,1440684975727,"14,897",50% bullish,of 2 ratings,$41
EXAS,$22.003,1440684975762,"168,400",78% bullish,of 9 ratings,$31
EXAC,$17.88,1440684975783,"3,029",100% bearish,of 1 rating,$22.50
EXFO,$2.78,1440684975805,"11,248",67% bearish,of 3 ratings,$3.95
EXPE,$116.455,1440684975859,"126,420",64% bullish,of 11 ratings,$130
ESRX,$84.94,1440684976111,"295,948",67% bearish,of 6 ratings,$101
EXPO,$41.96,1440684976290,"8,323",100% bearish,of 1 rating,$45.50
EXLP,$18.48,1440684976375,"12,780",100% bearish,of 1 rating,$25
EXPD,$49.425,1440684976507,"126,968",80% bullish,of 5 ratings,$52
EXTR,$2.76,1440684976533,"60,392",80% bullish,of 5 ratings,$3
EYEG,$3.55,1440684976559,"1,335",Not yet rated,NULL,N/A
EYEGW,$0.7,1440684976661,22,Not yet rated,NULL,N/A
EZCH,$21.4474,1440684976760,"31,830",75% bullish,of 8 ratings,$19.50
EZPW,$5.7,1440684976812,"21,254",50% bullish,of 4 ratings,$7.50
FFIV,$124.446,1440684976891,"121,782",63% bullish,of 8 ratings,$132
FB,$89.34,1440684977059,"7,255,086",73% bullish,of 1067 ratings,$111
FCS,$13.45,1440684977167,"79,167",67% bearish,of 3 ratings,$17
FRP,$15.39,1440684977195,"12,454",100% bearish,of 1 rating,$18
FALC,$1.63,1440684977299,"24,048",63% bearish,of 8 ratings,N/A
DAVE,$14.36,1440684977357,777,100% bearish,of 1 rating,$15.50
FWM,$2.47,1440684977382,"25,145",100% bearish,of 2 ratings,$3.20
FFKT,$25.29,1440684977708,"1,536",Not yet rated,NULL,$29
FARM,$21.73,1440684977734,"12,856",100% bearish,of 1 rating,$35
FMNB,$8.11,1440684977863,"6,355",Not yet rated,NULL,N/A
FAST,$38.69,1440684977892,"365,010",80% bullish,of 5 ratings,$45.50
FARO,$37.16,1440684977937,"7,973",50% bullish,of 2 ratings,$48
FATE,$6.65,1440684978103,"1,804",50% bullish,of 2 ratings,$11
FBSS,NULL,1440684978234,0,Not yet rated,NULL,N/A
FDML,$8.36,1440684978524,"59,777",50% bullish,of 4 ratings,$14
FNHC,$21.59,1440684978873,"7,045",100% bearish,of 1 rating,$35
FEIC,$74.9,1440684978898,"30,366",50% bullish,of 2 ratings,$95.50
FBRC,$21.65,1440684979039,"26,920",100% bearish,of 1 rating,$29
FHCO,$1.324,1440684979205,"1,101",50% bullish,of 4 ratings,N/A
FCSC,$5.47,1440684979255,"18,522",100% bearish,of 1 rating,$8.125
FGEN,$23.21,1440684979281,"20,642",100% bearish,of 1 rating,$39
ONEQ,$187.525,1440684979414,"15,442",100% bullish,of 1 rating,N/A
FENX,$9.49,1440684979439,"3,276",100% bullish,of 1 rating,$14.25
LION,$18.606,1440684979495,"18,503",100% bullish,of 1 rating,$20
FRGI,$50.522,1440684979711,"15,624",50% bullish,of 2 ratings,$70
FDUS,$14.1,1440684979805,"5,207",50% bullish,of 2 ratings,$18
FSC,$6.355,1440684979874,"192,913",60% bullish,of 5 ratings,$8
FSAM,$8.3,1440684979949,"1,214",100% bearish,of 1 rating,$10.25
FSCFL,$24.49,1440684980162,400,Not yet rated,NULL,N/A
FSFR,$8.81,1440684980225,"11,287",100% bearish,of 1 rating,$11.50
FITB,$19.72,1440684980252,"1,016,849",54% bullish,of 13 ratings,$22
FNGN,$32.4,1440684980554,"41,067",67% bullish,of 3 ratings,$47
FITBI,$27.37,1440684980659,"2,049",Not yet rated,NULL,N/A
FISI,$24.64,1440684980725,"3,480",100% bullish,of 2 ratings,$24.50
FNSR,$15.53,1440684980826,"158,916",71% bullish,of 7 ratings,$24.50
FNJN,$1.7999,1440684980851,"17,188",100% bearish,of 1 rating,$5
FNTC,$9.83,1440684981039,1,Not yet rated,NULL,N/A
FNTCU,NULL,1440684981318,0,Not yet rated,NULL,N/A
FEYE,$38.74,1440684981364,"636,545",87% bullish,of 15 ratings,$55.50
FNTCW,NULL,1440684981392,0,Not yet rated,NULL,N/A
FBNC,$16.68,1440684981580,"2,610",100% bullish,of 1 rating,$20
FNLC,$18.52,1440684981715,"3,066",100% bullish,of 1 rating,N/A
BUSE,$6.32,1440684982062,"12,338",Not yet rated,NULL,$6.875
FBIZ,$44.15,1440684982140,"4,227",100% bearish,of 2 ratings,$52
FRBA,NULL,1440684982196,0,Not yet rated,NULL,$8
FCVA,NULL,1440684982221,0,Not yet rated,NULL,N/A
FCAP,$27.4,1440684982298,88,Not yet rated,NULL,N/A
FCNCA,$236.55,1440684982482,"1,558",Not yet rated,NULL,N/A
FCLF,NULL,1440684982549,0,Not yet rated,NULL,N/A
FCFS,$39.19,1440684982676,"16,614",100% bearish,of 3 ratings,$48
FCBC,$17.3,1440684982843,"3,483",Not yet rated,NULL,$18
FCCO,$12.05,1440684982945,"3,350",Not yet rated,NULL,$13.25
FCFP,NULL,1440684982966,0,Not yet rated,NULL,N/A
FDEF,$37.3,1440684983009,"5,082",Not yet rated,NULL,$38
FBNK,$16.79,1440684983049,"7,557",100% bearish,of 1 rating,$17.50
FFNM,$6.37,1440684983098,100,Not yet rated,NULL,N/A
FFBC,$18.17,1440684983125,"20,429",67% bearish,of 3 ratings,$20.25
FFBCW,NULL,1440684983311,0,100% bearish,of 1 rating,N/A
FFIN,$30.36,1440684983336,"18,348",50% bullish,of 2 ratings,$31.75
FFNW,$11.89,1440684983551,"2,800",Not yet rated,NULL,$14
THFF,$33.22,1440684983577,"1,512",Not yet rated,NULL,$35
FFWM,$20.36,1440684983708,"13,266",Not yet rated,NULL,$24
INBK,$30.2499,1440684983732,"1,724",50% bullish,of 2 ratings,$37
FMBI,$17.33,1440684983913,"31,219",Not yet rated,NULL,$20
FRME,$25.46,1440684983940,"11,758",Not yet rated,NULL,$26.50
FIBK,$26.32,1440684983961,"11,090",Not yet rated,NULL,$32
FMBH,NULL,1440684984017,0,Not yet rated,NULL,N/A
FNFG,$8.975,1440684984143,"352,480",80% bullish,of 5 ratings,$9
FNWB,NULL,1440684984168,0,Not yet rated,NULL,N/A
FNBC,$33.89,1440684984247,"11,948",Not yet rated,NULL,$40
FSFG,NULL,1440684984376,0,Not yet rated,NULL,N/A
FSGI,$2.47,1440684984439,75,Not yet rated,NULL,N/A
FSLR,$47.03,1440684984468,"272,306",72% bullish,of 39 ratings,$65
FSBK,$7.63,1440684984574,100,100% bullish,of 1 rating,N/A
BICK,$19.56,1440684984603,"1,340",100% bullish,of 1 rating,N/A
FBZ,NULL,1440684984708,0,Not yet rated,NULL,N/A
FCAN,$23.94,1440684984804,994,Not yet rated,NULL,N/A
FTCS,$36.34,1440684984861,"4,754",100% bearish,of 1 rating,N/A
FCA,$19.945,1440684985002,801,Not yet rated,NULL,N/A
FV,$23.44,1440684985033,"518,121",100% bearish,of 1 rating,N/A
IFV,$17.8301,1440684985134,"39,743",100% bearish,of 1 rating,N/A
FEMB,NULL,1440684985303,0,Not yet rated,NULL,N/A
FEUZ,NULL,1440684985435,0,Not yet rated,NULL,N/A
TDIV,$24.4747,1440684985460,"12,343",100% bearish,of 1 rating,N/A
FTSM,$59.8406,1440684985504,815,100% bearish,of 1 rating,N/A
MDIV,$19.0048,1440684985645,"19,983",Not yet rated,NULL,N/A
FTGC,$21.915,1440684985670,"1,005",Not yet rated,NULL,N/A
FGM,$36.01,1440684985744,"2,183",Not yet rated,NULL,N/A
HYLS,$49.455,1440684985804,"4,920",100% bearish,of 1 rating,N/A
FTHI,NULL,1440684985834,0,Not yet rated,NULL,N/A
FPXI,$27.38,1440684986156,100,Not yet rated,NULL,N/A
YDIV,$16.3,1440684986204,"2,803",Not yet rated,NULL,N/A
FHK,$33.46,1440684986257,"1,410",Not yet rated,NULL,N/A
SKYY,$28.9156,1440684986393,"14,682",100% bullish,of 1 rating,N/A
CU,$12.68,1440684986418,"1,505",100% bearish,of 1 rating,N/A
PLTM,$6.2,1440684986611,200,100% bearish,of 1 rating,N/A
FJP,$47.1604,1440684986642,511,Not yet rated,NULL,N/A
FTLB,NULL,1440684986743,0,100% bearish,of 1 rating,N/A
LMBS,$50.14,1440684986808,300,Not yet rated,NULL,N/A
QABA,$36.9001,1440684986936,"2,230",100% bearish,of 1 rating,N/A
FMB,$51.1425,1440684987070,165,Not yet rated,NULL,N/A
FONE,NULL,1440684987101,0,Not yet rated,NULL,N/A
CIBR,$18.0084,1440684987121,"15,267",Not yet rated,NULL,N/A
GRID,NULL,1440684987631,0,100% bearish,of 1 rating,N/A
CARZ,$34.38,1440684987656,"3,352",100% bearish,of 1 rating,N/A
QCLN,$14.68,1440684987681,"11,087",Not yet rated,NULL,N/A
RDVY,$20.975,1440684987942,"3,765",Not yet rated,NULL,N/A
QQEW,$41.643,1440684987985,"13,549",Not yet rated,NULL,N/A
QQXT,$40.3199,1440684988012,"14,375",Not yet rated,NULL,N/A
QTEC,$39.8638,1440684988039,"27,515",Not yet rated,NULL,N/A
AIRR,$15.99,1440684988435,824,100% bearish,of 1 rating,N/A
FTSL,$48.47,1440684988505,"4,176",100% bearish,of 1 rating,N/A
QINC,NULL,1440684988567,0,Not yet rated,NULL,N/A
FKO,$23.07,1440684988608,47,Not yet rated,NULL,N/A
FDIV,$46.46,1440684988705,300,100% bearish,of 1 rating,N/A
FSZ,$39.12,1440684988734,"3,029",Not yet rated,NULL,N/A
FTW,NULL,1440684988833,0,Not yet rated,NULL,N/A
TUSA,NULL,1440684988938,0,Not yet rated,NULL,N/A
FKU,$41.58,1440684989165,"4,296",Not yet rated,NULL,N/A
SVVC,$9.15,1440684989222,"5,925",50% bullish,of 2 ratings,$26
FMER,$17.665,1440684989357,"125,556",50% bullish,of 2 ratings,$20
FUNC,$8.26,1440684989429,200,Not yet rated,NULL,N/A
FIVE,$36.91,1440684989640,"50,350",75% bearish,of 4 ratings,$44
FSV,$31.22,1440684989788,833,Not yet rated,NULL,$33.60
FISV,$85.28,1440684989819,"133,249",100% bearish,of 3 ratings,$90
FPRX,$18.8,1440684989846,"31,391",50% bullish,of 2 ratings,$35
FLXN,$24.165,1440684989920,"21,435",100% bearish,of 1 rating,$40
FLML,$21.58,1440684990097,"13,714",50% bullish,of 2 ratings,$30
FLKS,$12.11,1440684990123,"1,225",50% bullish,of 2 ratings,$27
FIVN,$4.015,1440684990149,"17,586",100% bullish,of 1 rating,$8.50
SKOR,NULL,1440684990284,0,Not yet rated,NULL,N/A
FLXS,$30.7337,1440684990313,"4,415",100% bearish,of 2 ratings,N/A
FLEX,$10.565,1440684990338,"304,523",63% bullish,of 8 ratings,$12
MBSD,NULL,1440684990474,0,Not yet rated,NULL,N/A
FLDM,$11.235,1440684990679,"100,823",67% bearish,of 3 ratings,$15
FOGO,$17.9332,1440684990826,"12,181",50% bullish,of 2 ratings,$25.50
FOMX,$9.52,1440684990848,"12,526",50% bullish,of 2 ratings,$23.50
FLIR,$28.33,1440684990878,"112,239",100% bearish,of 1 rating,$38.50
FONR,$9.7,1440684990907,"3,596",100% bullish,of 1 rating,N/A
FFIC,$19.64,1440684990934,"7,868",Not yet rated,NULL,$21
FORM,$6.16,1440684990955,"17,692",67% bullish,of 3 ratings,$10.50
FES,$0.96,1440684991126,"18,478",50% bullish,of 2 ratings,$1
FORTY,NULL,1440684991306,0,100% bearish,of 1 rating,N/A
FBIO,$2.56,1440684991339,"14,400",83% bullish,of 6 ratings,N/A
FORR,$31.4,1440684991360,"2,032",Not yet rated,NULL,N/A
FORD,$2.41,1440684991392,"4,475,052",67% bullish,of 3 ratings,N/A
FTNT,$43.04,1440684991446,"92,371",80% bullish,of 10 ratings,$52
FWP,$25.82,1440684991806,"1,053",100% bearish,of 1 rating,$45
FOSL,$59.68,1440684991832,"75,792",60% bearish,of 5 ratings,$80
FMI,$21.76,1440684991987,"32,800",100% bearish,of 2 ratings,$27.50
FRAN,$10.76,1440684992015,"55,517",50% bullish,of 4 ratings,$15
FWRD,$45.2,1440684992041,"116,336",100% bearish,of 1 rating,$50
FXCB,$17.18,1440684992067,"1,760",Not yet rated,NULL,$19
FOXF,$15.2,1440684992093,"5,386",100% bearish,of 1 rating,$19
RAIL,$19.5,1440684992299,"10,982",100% bearish,of 1 rating,$24.50
FREE,$0.37,1440684992382,"167,292",92% bullish,of 12 ratings,N/A
FRED,$12.1367,1440684992484,"97,992",50% bullish,of 2 ratings,$16.50
FRPT,$12.585,1440684992513,"54,249",67% bearish,of 3 ratings,$23.50
FEIM,$10.87,1440684992539,108,100% bearish,of 1 rating,N/A
FELE,$28.1,1440684992565,"23,492",50% bullish,of 4 ratings,$33
FTR,$4.88,1440684992586,"2,346,133",78% bullish,of 27 ratings,$6.25
FTRPR,$97.8501,1440684992794,300,100% bearish,of 1 rating,N/A
FRPH,$31.39,1440684992934,"1,469",100% bearish,of 1 rating,N/A
FSBW,NULL,1440684993006,0,Not yet rated,NULL,N/A
FTD,$29.42,1440684993075,"6,297",100% bearish,of 1 rating,$40
FSYS,$6.24,1440684993149,"1,314",67% bullish,of 3 ratings,$10
FCEL,$0.72,1440684993175,"283,815",88% bullish,of 41 ratings,$2.65
FULL,$3.09,1440684993196,"7,398",67% bearish,of 3 ratings,$4.25
FTEK,$2.0699,1440684993229,"3,998",75% bullish,of 4 ratings,N/A
FXENP,NULL,1440684993824,0,100% bearish,of 1 rating,N/A
FULLL,NULL,1440684993855,0,Not yet rated,NULL,N/A
FULT,$12.05,1440684993894,"85,528",100% bearish,of 1 rating,$13
FSNN,NULL,1440684993915,0,67% bullish,of 3 ratings,$6
FLL,$1.48,1440684993936,45,75% bullish,of 4 ratings,$3.50
FFHL,NULL,1440684993957,0,50% bullish,of 4 ratings,N/A
FXEN,$0.805,1440684993979,"2,500",75% bullish,of 4 ratings,$1.10
GK,$66.89,1440684994027,"5,783",Not yet rated,NULL,$78
GAIA,$5.85,1440684994411,"10,461",50% bullish,of 2 ratings,$8.50
WILC,$4.7784,1440684994437,569,100% bullish,of 2 ratings,N/A
GALE,$1.4737,1440684994568,"218,707",89% bullish,of 47 ratings,$4
GLPG,$60.46,1440684994605,"10,681",100% bullish,of 1 rating,$75
GALTU,NULL,1440684994630,0,100% bearish,of 1 rating,N/A
GALT,$1.8,1440684994699,"1,417",80% bullish,of 5 ratings,N/A
GALTW,NULL,1440684994725,0,100% bullish,of 1 rating,N/A
GLMD,$8.8652,1440684994750,"6,016",67% bullish,of 3 ratings,$20.50
GPIC,NULL,1440684994858,0,100% bearish,of 1 rating,N/A
GLPI,$31.4,1440684994901,"36,874",100% bearish,of 1 rating,$37.50
GGACR,$0.3,1440684995088,"76,542",100% bullish,of 1 rating,N/A
GRMN,$37.85,1440684995114,"97,748",50% bullish,of 6 ratings,$46.50
GGAC,$9.8601,1440684995136,"1,732",100% bearish,of 1 rating,N/A
GGACU,$10.24,1440684995167,"9,700",Not yet rated,NULL,N/A
GGACW,$0.2,1440684995192,"143,873",Not yet rated,NULL,N/A
GENE,$2.16,1440684995579,"44,783",100% bullish,of 12 ratings,N/A
GENC,$9.26,1440684995613,600,100% bearish,of 1 rating,N/A
GARS,$14.13,1440684995645,"10,427",Not yet rated,NULL,$16
GFN,$3.42,1440684995666,588,100% bearish,of 2 ratings,$8
GNCMA,$17.03,1440684995701,"64,894",100% bearish,of 1 rating,$12
GFNCP,NULL,1440684995722,0,Not yet rated,NULL,N/A
GFNSL,NULL,1440684995756,0,Not yet rated,NULL,N/A
GNMK,$9.33,1440684995777,"16,691",67% bullish,of 6 ratings,$14
GNCA,$12.53,1440684996029,"20,360",100% bearish,of 1 rating,$20
GHDX,$25.66,1440684996090,"12,364",50% bullish,of 2 ratings,$30
THRM,$43.87,1440684996163,"22,817",75% bearish,of 4 ratings,$55.50
GNTX,$15.26,1440684996221,"235,708",Not yet rated,NULL,$20
GNVC,$2.49,1440684996481,500,90% bullish,of 10 ratings,$8.50
GERN,$3.08,1440684996522,"241,289",88% bullish,of 16 ratings,$5.25
GTWN,NULL,1440684996612,0,Not yet rated,NULL,N/A
GEOS,$14.58,1440684996644,"19,676",100% bearish,of 3 ratings,$21
ROCK,$16.45,1440684996665,"10,050",80% bullish,of 5 ratings,$24
GABC,$28.92,1440684996686,"2,184",Not yet rated,NULL,$31
GIGM,$0.58,1440684996754,600,100% bullish,of 2 ratings,N/A
GEVO,$2.23,1440684996775,"62,648",75% bullish,of 12 ratings,$5
GIGA,$1.4599,1440684996907,"7,595",100% bearish,of 1 rating,N/A
GIII,$66.925,1440684996967,"41,538",67% bullish,of 3 ratings,$75
GILD,$109.17,1440684997039,"1,522,074",91% bullish,of 87 ratings,$129
GILT,$4.3,1440684997171,"8,327",50% bullish,of 2 ratings,N/A
GBCI,$25.3895,1440684997370,"46,280",50% bullish,of 2 ratings,$31
GLAD,$8.53,1440684997404,"79,808",50% bullish,of 2 ratings,$8.75
GLADO,NULL,1440684997473,0,Not yet rated,NULL,N/A
GOOD,$14.155,1440684997506,"14,471",Not yet rated,NULL,$19
GOODO,NULL,1440684997529,0,Not yet rated,NULL,N/A
GOODP,NULL,1440684997561,0,Not yet rated,NULL,N/A
GOODN,NULL,1440684997585,0,Not yet rated,NULL,N/A
GAIN,$7.33,1440684997615,"30,944",100% bullish,of 2 ratings,$8.25
GAINO,$25.33,1440684997880,100,Not yet rated,NULL,N/A
GAINP,$25.8366,1440684997905,504,Not yet rated,NULL,N/A
LAND,$9.21,1440684997930,"3,498",50% bullish,of 2 ratings,$13.75
GAINN,$25.27,1440684997960,200,Not yet rated,NULL,N/A
GLBZ,NULL,1440684998070,0,Not yet rated,NULL,N/A
GDEF,NULL,1440684998250,0,Not yet rated,NULL,N/A
GBT,$42.02,1440684998276,"7,180",100% bearish,of 1 rating,N/A
GPACU,NULL,1440684998427,0,Not yet rated,NULL,N/A
GBLI,$26.69,1440684998454,"2,842",Not yet rated,NULL,N/A
ACTX,$13.18,1440684998475,"3,700",100% bullish,of 1 rating,N/A
GSOL,$8.11,1440684998515,"2,920",100% bearish,of 1 rating,N/A
QQQC,$19.39,1440684998536,"2,357",100% bearish,of 1 rating,N/A
ENT,$11.35,1440684998569,"25,918",100% bearish,of 1 rating,$18
ALTY,NULL,1440684998668,0,Not yet rated,NULL,N/A
SOCL,$17.5,1440684998718,"1,675",100% bullish,of 2 ratings,N/A
SRET,NULL,1440684998899,0,Not yet rated,NULL,N/A
YLCO,NULL,1440684999039,0,Not yet rated,NULL,N/A
GSM,$13.07,1440684999077,"55,576",50% bullish,of 2 ratings,$23
GLYC,$6.91,1440684999110,"1,890",50% bullish,of 2 ratings,$14
GAI,$5.93,1440684999140,10,50% bullish,of 2 ratings,N/A
GBIM,$2.0538,1440684999166,"15,171",50% bullish,of 2 ratings,N/A
GLRI,$1.0255,1440684999187,675,100% bearish,of 1 rating,$4.25
GLBS,$1.03,1440684999224,200,67% bullish,of 3 ratings,N/A
GLUU,$4.2825,1440684999316,"379,592",92% bullish,of 26 ratings,$9
GLNG,$35.81,1440684999477,"76,819",83% bullish,of 6 ratings,$58
GOGO,$15.4,1440684999514,"107,742",80% bullish,of 5 ratings,$25
GMLP,$17.46,1440684999570,"29,468",50% bullish,of 4 ratings,$32.50
GLDC,$4.15,1440684999616,5,50% bullish,of 2 ratings,N/A
GDEN,$9.08,1440684999642,200,50% bullish,of 2 ratings,N/A
GOGL,$2.7604,1440685000055,"59,028",75% bullish,of 4 ratings,$5
GTIM,$6.5099,1440685000087,"5,974",Not yet rated,NULL,$11.50
GOOG,$638.02,1440685000108,"354,446",89% bullish,of 70 ratings,$825
GMAN,$3.9375,1440685000141,"19,557",60% bullish,of 5 ratings,$8.50
GBDC,$16.59,1440685000190,"17,603",Not yet rated,NULL,$17.75
GPRO,$48.9053,1440685000294,"1,636,419",78% bullish,of 58 ratings,$72
GOOGL,$668.2375,1440685000351,"349,758",88% bullish,of 1080 ratings,$749
GPIAW,$0.975,1440685000430,"4,500",Not yet rated,NULL,N/A
GPIAU,NULL,1440685000506,0,Not yet rated,NULL,N/A
GPIA,NULL,1440685000535,0,Not yet rated,NULL,N/A
GBSN,$0.3911,1440685000663,"2,629,840",50% bullish,of 2 ratings,$8.25
GRVY,NULL,1440685000714,0,50% bullish,of 2 ratings,N/A
LOPE,$36.6405,1440685000739,"16,571",100% bearish,of 2 ratings,$50
GBSNU,NULL,1440685000792,0,NULL,NULL,NULL
GSBC,$39.31,1440685000962,"3,794",100% bullish,of 1 rating,$44
GLDD,$5.21,1440685001107,"34,245",100% bearish,of 4 ratings,$7.75
GPP,$13.009,1440685001151,"11,650",Not yet rated,NULL,$20.50
GPRE,$18.64,1440685001178,"38,435",67% bullish,of 6 ratings,$28.50
GRBK,$12.16,1440685001239,"28,551",77% bullish,of 13 ratings,N/A
GNBC,$11.36,1440685001264,"2,738",100% bearish,of 1 rating,$16.50
GCBC,NULL,1440685001475,0,100% bullish,of 1 rating,N/A
GRIF,$29.94,1440685001501,588,100% bearish,of 1 rating,N/A
GLRE,$24.19,1440685001522,"33,372",50% bullish,of 2 ratings,$41
GRFS,$30.615,1440685001761,"31,040",50% bullish,of 2 ratings,$35
GRPN,$4.21,1440685001814,"1,332,237",61% bullish,of 71 ratings,$6.75
OMAB,$39.41,1440685001840,"3,367",100% bullish,of 1 rating,$44
GGAL,$18.6599,1440685001867,"27,228",80% bullish,of 5 ratings,$40
GSIG,$12.63,1440685002022,"5,332",100% bearish,of 2 ratings,N/A
GSIT,NULL,1440685002048,0,100% bearish,of 1 rating,N/A
GSVC,$8.9,1440685002102,"23,473",50% bullish,of 2 ratings,$14.50
GTXI,$0.84,1440685002129,"6,012",100% bullish,of 5 ratings,$.75
GFED,NULL,1440685002282,0,Not yet rated,NULL,$17
GBNK,$15.48,1440685002328,"3,166",100% bearish,of 1 rating,$18
GUID,$6.9062,1440685002510,"24,577",100% bearish,of 3 ratings,$10
GULTU,$0.285,1440685002679,"8,971",100% bearish,of 1 rating,N/A
GURE,$1.63,1440685002710,"1,200",88% bullish,of 8 ratings,N/A
GIFI,$11.37,1440685002737,"2,000",100% bearish,of 1 rating,$16
GPOR,$34.47,1440685002811,"175,823",75% bullish,of 4 ratings,$55
GWPH,$107.29,1440685002973,"27,077",78% bullish,of 9 ratings,$148.50
GWGH,NULL,1440685003058,0,100% bearish,of 1 rating,$15.05
HEES,$18.5,1440685003162,"124,143",67% bearish,of 3 ratings,$31
GYRO,NULL,1440685003189,0,100% bearish,of 1 rating,N/A
HNRG,$7.5,1440685003340,"9,160",100% bearish,of 1 rating,$10
HALO,$17.84,1440685003369,"167,623",67% bullish,of 3 ratings,$22.50
HLG,$8.0501,1440685003400,200,100% bearish,of 1 rating,N/A
HALL,$11.0589,1440685003421,"2,822",Not yet rated,NULL,N/A
HBK,$13.8,1440685003505,200,50% bullish,of 2 ratings,N/A
HMPR,$1.8255,1440685003709,"9,370",100% bullish,of 1 rating,N/A
HBHC,$26.83,1440685003771,"39,653",50% bullish,of 2 ratings,$30
HBHCL,$24.4699,1440685003937,"1,516",Not yet rated,NULL,N/A
HQCL,$11.84,1440685004088,"19,200",67% bullish,of 3 ratings,$14
HAFC,$23.95,1440685004116,"14,593",100% bullish,of 2 ratings,$28.50
HNH,$26.03,1440685004147,"4,212",100% bullish,of 1 rating,N/A
HNSN,$0.516,1440685004172,"2,652",88% bullish,of 8 ratings,$.40
HDNG,$9.658,1440685004270,734,50% bullish,of 4 ratings,N/A
HRMN,NULL,1440685004554,0,Not yet rated,NULL,N/A
TINY,$2.55,1440685004603,"13,700",50% bullish,of 2 ratings,$5.26
HRMNW,NULL,1440685004630,0,Not yet rated,NULL,N/A
HRMNU,NULL,1440685004659,0,Not yet rated,NULL,N/A
HLIT,$5.58,1440685004680,"30,309",100% bearish,of 1 rating,$6.50
HART,$0.9397,1440685004758,"4,260",100% bearish,of 1 rating,N/A
HBIO,$4.42,1440685004862,"10,310",Not yet rated,NULL,$10
HCAP,$12.01,1440685005157,"3,167",50% bullish,of 2 ratings,$15
HAS,$73.35,1440685005189,"98,588",63% bullish,of 8 ratings,$84.50
HCAPL,NULL,1440685005214,0,Not yet rated,NULL,N/A
HA,$22.723,1440685005293,"86,492",67% bullish,of 9 ratings,$27
HWBK,$13.16,1440685005343,100,100% bearish,of 1 rating,N/A
HWKN,$35.99,1440685005427,"2,712",Not yet rated,NULL,N/A
HCOM,$21.87,1440685005496,"1,648",100% bearish,of 1 rating,$28
HAYN,$36.63,1440685005763,"8,262",100% bearish,of 1 rating,$59
HIIQ,$4.38,1440685005795,"7,020",50% bullish,of 2 ratings,$7
HDS,$32.38,1440685005827,"216,105",100% bearish,of 2 ratings,$39.50
HCSG,$32.88,1440685005895,"28,559",50% bullish,of 4 ratings,$35
HSTM,$24.16,1440685005956,"6,668",50% bullish,of 2 ratings,$33.75
HQY,$29.21,1440685005981,"22,896",67% bullish,of 3 ratings,$31
HWAY,$11.95,1440685006149,"15,450",100% bearish,of 1 rating,$15
HTLF,$35.8,1440685006254,"3,870",100% bullish,of 1 rating,$39.50
HTWR,$81.6,1440685006522,"35,327",50% bullish,of 2 ratings,$103
HTLD,$20.255,1440685006558,"32,361",Not yet rated,NULL,$22.50
HSII,$19.43,1440685006584,"10,744",100% bullish,of 3 ratings,$25
HTBX,$5.16,1440685006624,500,50% bullish,of 2 ratings,$15.50
HELE,$84.94,1440685006649,"19,571",67% bearish,of 3 ratings,$100
HMNY,NULL,1440685006675,0,100% bearish,of 1 rating,N/A
HMTV,$13.37,1440685006940,"2,814",100% bearish,of 1 rating,$16
HNNA,$24.5401,1440685006998,"1,102",Not yet rated,NULL,N/A
HSIC,$137.27,1440685007023,"37,355",83% bullish,of 6 ratings,$146
HERO,NULL,1440685007046,0,NULL,NULL,NULL
HCACU,NULL,1440685007178,0,Not yet rated,NULL,N/A
HTBK,$10.64,1440685007205,"8,981",Not yet rated,NULL,$12
HFWA,$17.44,1440685007408,"3,864",100% bullish,of 1 rating,$20
MLHR,$26.705,1440685007438,"46,767",50% bullish,of 2 ratings,$33.50
HEOP,$7.74,1440685007468,"3,218",Not yet rated,NULL,$8.50
HCCI,$11.05,1440685007570,"10,024",100% bearish,of 1 rating,$16.50
HRTX,$34.47,1440685007601,"32,827",67% bullish,of 6 ratings,$41
HIBB,$38.33,1440685007626,"23,093",100% bearish,of 1 rating,$46.50
HFFC,$16,1440685007654,"2,538",Not yet rated,NULL,N/A
HSKA,$33.35,1440685007705,"4,272",100% bearish,of 1 rating,$38
HPJ,$2.1475,1440685007876,"11,494",75% bullish,of 4 ratings,$12.43
HIHO,$3.94,1440685008044,"1,425",Not yet rated,NULL,N/A
HIMX,$6.62,1440685008392,"171,739",86% bullish,of 21 ratings,$8.50
HIFS,$117.4,1440685008422,"1,086",Not yet rated,NULL,N/A
HMNF,NULL,1440685008524,0,Not yet rated,NULL,N/A
HMSY,$9.86,1440685008550,"127,852",67% bullish,of 3 ratings,$19.35
HSGX,$5.91,1440685008578,300,100% bearish,of 1 rating,$17
HOLX,$39.06,1440685008610,"98,979",67% bullish,of 3 ratings,$42
HOLI,$17.29,1440685008681,"21,437",50% bullish,of 4 ratings,$27
HBCP,NULL,1440685008705,0,Not yet rated,NULL,$29
HOMB,$37.49,1440685009103,"24,568",Not yet rated,NULL,$42
HMIN,$27.195,1440685009250,"46,882",100% bearish,of 2 ratings,$35
HFBL,$21.54,1440685009289,200,Not yet rated,NULL,N/A
AWAY,$28.765,1440685009334,"57,778",67% bullish,of 3 ratings,$36
HMST,$21.7,1440685009430,"17,960",100% bullish,of 2 ratings,$27
HTBI,$18.04,1440685009462,"6,888",67% bullish,of 3 ratings,$18.625
CETC,$0.7197,1440685009518,"17,336",86% bullish,of 7 ratings,N/A
HKTV,$4.46,1440685009675,"23,750",100% bearish,of 1 rating,N/A
HFBC,$11.25,1440685009892,700,Not yet rated,NULL,N/A
HBNC,$23.1899,1440685009980,"2,196",100% bullish,of 1 rating,$27
HRZN,$10.07,1440685010035,"8,490",50% bullish,of 2 ratings,$14.25
HOFT,$23.5,1440685010063,"13,737",100% bearish,of 1 rating,N/A
ZINC,$7.2799,1440685010088,"98,944",100% bearish,of 1 rating,$17
HZNP,$29.26,1440685010117,"217,439",85% bullish,of 20 ratings,$40
HDP,$23.5,1440685010491,"68,445",67% bearish,of 3 ratings,$30.50
HMHC,$22.78,1440685010635,"64,583",Not yet rated,NULL,$27
HOVNP,NULL,1440685010767,0,100% bearish,of 1 rating,N/A
HWCC,$7.29,1440685010796,"2,780",100% bearish,of 1 rating,$9
HBMD,$14.4,1440685010822,100,100% bearish,of 1 rating,N/A
HSNI,$61.53,1440685010901,"12,090",Not yet rated,NULL,$80
HCBK,$9.32,1440685011005,"206,007",83% bullish,of 6 ratings,$8.61
HUBG,$37.93,1440685011079,"40,804",100% bearish,of 1 rating,$43
HTGM,$5.79,1440685011246,12,100% bearish,of 1 rating,$19.50
HSON,NULL,1440685011391,0,100% bearish,of 1 rating,$5
HBANP,$1345.4,1440685011426,20,100% bearish,of 1 rating,N/A
HBAN,$10.66,1440685011472,"1,066,106",76% bullish,of 17 ratings,$12.29
HDSN,$3.065,1440685011522,"2,239",100% bullish,of 1 rating,$6.25
HURC,$29.96,1440685011670,"1,116",100% bearish,of 1 rating,N/A
HTCH,$1.4737,1440685011799,"12,852",100% bearish,of 1 rating,$3.50
HURN,$71.85,1440685011824,"16,951",50% bullish,of 2 ratings,$80
HBP,$3.15,1440685012075,292,100% bullish,of 1 rating,N/A
HDRA,$9.69,1440685012123,"7,600",Not yet rated,NULL,N/A
HDRAR,NULL,1440685012222,0,Not yet rated,NULL,N/A
HYGS,$7.91,1440685012329,"3,880",50% bullish,of 2 ratings,$13
HDRAW,NULL,1440685012357,0,Not yet rated,NULL,N/A
HDRAU,NULL,1440685012382,0,Not yet rated,NULL,N/A
IACI,$71.1,1440685012514,"69,057",75% bullish,of 4 ratings,$90
IDSY,$3.85,1440685012663,200,100% bearish,of 1 rating,$7
IBKC,$59.59,1440685012809,"24,814",100% bullish,of 1 rating,$70
ICAD,$3.33,1440685012849,"2,917",50% bullish,of 2 ratings,$7.25
IKGH,$1.61,1440685012914,"60,783",75% bullish,of 4 ratings,N/A
IEP,$71.43,1440685012999,"18,708",75% bullish,of 4 ratings,$99
ICLR,$79.075,1440685013292,"65,450",100% bearish,of 3 ratings,$85
ICFI,$34.06,1440685013321,"4,896",50% bullish,of 2 ratings,$48.50
ICUI,$114.4799,1440685013356,"13,849",Not yet rated,NULL,$122
ICON,$12.91,1440685013378,"69,388",50% bullish,of 2 ratings,$18.50
INVE,$3.91,1440685013453,"13,417",75% bullish,of 4 ratings,$4
IPWR,$7.28,1440685013486,510,100% bullish,of 1 rating,$15
IDXX,$72.22,1440685013513,"38,857",100% bearish,of 1 rating,$77
IDRA,$2.79,1440685013534,"156,093",89% bullish,of 9 ratings,$6.50
DSKY,$11.09,1440685013818,"28,956",67% bullish,of 6 ratings,$11.50
IROQ,$17,1440685013846,204,100% bullish,of 1 rating,N/A
RXDX,$13.11,1440685013996,"32,276",100% bullish,of 1 rating,$20
IRG,$4.54,1440685014021,"3,559",100% bearish,of 1 rating,$4.25
KANG,$15.5,1440685014046,"37,768",50% bullish,of 2 ratings,$22.55
IKNX,NULL,1440685014184,0,100% bearish,of 1 rating,N/A
IIVI,$16.86,1440685014209,"19,944",100% bearish,of 1 rating,$22
IKAN,$2.7304,1440685014236,"1,903",83% bullish,of 6 ratings,$5
IMMR,$11.79,1440685014367,"29,201",80% bullish,of 5 ratings,$15.50
ISNS,$3.93,1440685014398,309,50% bullish,of 2 ratings,N/A
ICCC,$7.42,1440685014499,"2,088",100% bullish,of 1 rating,N/A
ILMN,$202.2899,1440685014577,"164,053",80% bullish,of 5 ratings,$245
IMDZ,$16.07,1440685014608,"19,933",100% bearish,of 1 rating,$33
IMNP,$1.2601,1440685014634,"25,900",50% bullish,of 2 ratings,$6
IMGN,$14.1,1440685014717,"84,102",75% bullish,of 4 ratings,$17.50
IMMU,$1.94,1440685014774,"139,879",86% bullish,of 7 ratings,$2
IPXL,$44.04,1440685014941,"27,491",67% bullish,of 3 ratings,$46.50
INCR,$42.42,1440685015027,"59,311",50% bullish,of 2 ratings,$53
SAAS,$7.37,1440685015067,"27,056",50% bullish,of 2 ratings,$15
INDB,$43.92,1440685015099,"5,411",Not yet rated,NULL,$44
INCY,$111.86,1440685015161,"141,945",50% bullish,of 6 ratings,$125.50
IMMY,$7.37,1440685015189,93,100% bearish,of 1 rating,$11
IBCP,$14,1440685015218,"24,328",100% bullish,of 1 rating,$14.50
IBTX,$39.95,1440685015319,"5,860",100% bullish,of 2 ratings,$47.25
IDSA,NULL,1440685015422,0,Not yet rated,NULL,N/A
INFN,$21.71,1440685015447,"343,210",71% bullish,of 7 ratings,$28
INFI,$9.08,1440685015579,"49,979",50% bullish,of 4 ratings,$18
III,$3.94,1440685015644,"8,558",57% bullish,of 7 ratings,$6
IPCC,$77.39,1440685015669,"3,120",Not yet rated,NULL,$77.50
IFON,$1.25,1440685015721,"30,664",75% bullish,of 4 ratings,N/A
INWK,$6.84,1440685015937,"10,594",50% bullish,of 2 ratings,$10
IMKTA,$51.2375,1440685015963,"7,665",100% bearish,of 1 rating,N/A
INOD,$2.38,1440685016010,"12,135",100% bearish,of 1 rating,N/A
IPHS,$47,1440685016039,"13,047",100% bearish,of 1 rating,$60
INNL,$11.67,1440685016060,3,100% bearish,of 1 rating,$16.50
IOSP,$47.89,1440685016191,"40,002",100% bearish,of 1 rating,N/A
ISSC,$2.8,1440685016224,352,67% bearish,of 3 ratings,N/A
INGN,$47.205,1440685016254,"23,998",100% bearish,of 1 rating,$50.50
ITEK,$11.82,1440685016321,"63,876",100% bearish,of 3 ratings,$20
NSIT,$25.2,1440685016494,"16,960",50% bullish,of 2 ratings,N/A
INOV,$20.85,1440685016520,"29,616",100% bearish,of 1 rating,$33
INO,$6.89,1440685016575,"190,123",89% bullish,of 18 ratings,$20
INSM,$24.59,1440685016814,"24,546",71% bullish,of 7 ratings,$31.50
PODD,$29.31,1440685016847,"28,597",67% bearish,of 3 ratings,$35
IIIN,$16.76,1440685016877,"7,080",100% bearish,of 2 ratings,N/A
ISIG,$2.55,1440685016898,240,100% bearish,of 1 rating,N/A
IART,$59.68,1440685016958,"18,549",100% bearish,of 1 rating,$71.50
IDTI,$18.425,1440685017031,"394,634",60% bullish,of 5 ratings,$25
INSY,$33.267,1440685017218,"82,744",75% bullish,of 4 ratings,$48
IESC,$6.848,1440685017252,"2,581",100% bearish,of 1 rating,N/A
INTC,$27.56,1440685017313,"3,428,213",82% bullish,of 238 ratings,$36
ISSI,$21.87,1440685017389,"19,936",67% bullish,of 3 ratings,$19.75
IPCI,$2.18,1440685017448,"26,600",67% bullish,of 6 ratings,$8
NTEC,$5.6299,1440685017473,"1,701",100% bearish,of 1 rating,N/A
IQNT,$18.605,1440685017524,"28,140",86% bullish,of 7 ratings,$20
IBKR,$38.65,1440685017626,"110,580",100% bullish,of 1 rating,N/A
IPAR,$25.745,1440685017665,"7,886",67% bullish,of 3 ratings,$38
ICLD,$1.7898,1440685017815,"22,795",75% bullish,of 4 ratings,N/A
ININ,$35.72,1440685017907,"8,743",67% bearish,of 3 ratings,$57
ICPT,$188.95,1440685017933,"31,095",70% bullish,of 10 ratings,$359.50
IDCC,$48.88,1440685017954,"48,556",80% bullish,of 5 ratings,$63
TILE,$23.75,1440685018090,"100,306",100% bearish,of 3 ratings,$27
IMI,$2,1440685018133,"85,848",67% bullish,of 3 ratings,$2.22
ICLDW,NULL,1440685018167,0,100% bearish,of 1 rating,N/A
INAP,$7.82,1440685018365,"13,238",75% bullish,of 4 ratings,$11
IBOC,$24.93,1440685018410,"15,648",100% bearish,of 1 rating,N/A
ISCA,$30.85,1440685018552,"6,926",100% bearish,of 1 rating,N/A
IIJI,$9.22,1440685018580,30,50% bullish,of 2 ratings,$11.50
PTNT,NULL,1440685018652,0,Not yet rated,NULL,N/A
INPH,NULL,1440685018720,0,50% bullish,of 2 ratings,N/A
IGLD,$6.933,1440685018856,600,50% bullish,of 2 ratings,N/A
XENT,$25.68,1440685018882,"11,054",50% bullish,of 2 ratings,$36.50
ISIL,$10.3,1440685018907,"105,844",50% bullish,of 6 ratings,$15
INTX,$2,1440685018932,"6,136",67% bullish,of 3 ratings,N/A
IILG,$19.65,1440685019082,"16,673",100% bearish,of 1 rating,$29
INTL,$25.9207,1440685019212,"8,641",67% bearish,of 3 ratings,N/A
IVAC,$4.615,1440685019262,"7,123",100% bearish,of 1 rating,$6.625
INTLL,NULL,1440685019417,0,Not yet rated,NULL,N/A
ITCI,$25.86,1440685019445,"108,441",75% bearish,of 4 ratings,$40
IIN,$6.04,1440685019471,200,100% bearish,of 1 rating,$12
INTU,$84.79,1440685019492,"229,131",86% bullish,of 7 ratings,$107.50
ISRG,$512.725,1440685019520,"12,791",67% bullish,of 3 ratings,$600
SNAK,$8.34,1440685019752,"16,943",50% bullish,of 2 ratings,$14
INVT,NULL,1440685019784,0,67% bullish,of 3 ratings,N/A
ISBC,$11.6,1440685019883,"196,976",100% bullish,of 1 rating,$13.25
ISTR,$15.61,1440685019969,104,100% bearish,of 1 rating,$18.50
IVTY,$13.58,1440685019995,"2,798",Not yet rated,NULL,$18
NVIV,$9.61,1440685020016,"38,870",50% bullish,of 4 ratings,$24.50
IPAS,$1.08,1440685020049,"13,006",67% bullish,of 3 ratings,N/A
ITIC,NULL,1440685020075,0,100% bearish,of 2 ratings,N/A
DTUL,NULL,1440685020205,0,Not yet rated,NULL,N/A
IPCM,$79.07,1440685020452,"14,969",50% bullish,of 2 ratings,$80.125
IPGP,$85.268,1440685020479,"23,715",100% bearish,of 2 ratings,$109.50
DFVL,NULL,1440685020500,0,Not yet rated,NULL,N/A
IRMD,$25.9,1440685020521,"2,244",67% bearish,of 3 ratings,$25
IRIX,$6.65,1440685020557,600,100% bearish,of 1 rating,N/A
IRDM,$6.875,1440685020656,"77,506",60% bullish,of 5 ratings,$11.50
IRBT,$28.575,1440685020847,"26,291",67% bullish,of 6 ratings,$37
IRWD,$11.12,1440685020905,"74,960",100% bearish,of 1 rating,$13
FCHI,NULL,1440685020928,0,NULL,NULL,NULL
COMT,$31.81,1440685020960,"3,020",100% bearish,of 1 rating,N/A
IRCP,NULL,1440685020981,0,100% bullish,of 2 ratings,N/A
IRDMB,$275,1440685021002,3,67% bearish,of 3 ratings,N/A
GNMA,$50.0006,1440685021031,"1,278",Not yet rated,NULL,N/A
IFAS,NULL,1440685021065,0,NULL,NULL,NULL
IFNA,NULL,1440685021390,0,NULL,NULL,NULL
IFEU,$38.5,1440685021426,"5,264",Not yet rated,NULL,N/A
IFGL,$28.66,1440685021457,"11,909",Not yet rated,NULL,N/A
AXJS,NULL,1440685021531,0,NULL,NULL,NULL
ACWX,$40.7747,1440685021557,"47,109",100% bearish,of 1 rating,N/A
AAIT,NULL,1440685021587,0,NULL,NULL,NULL
ACWI,$55.82,1440685021685,"566,146",Not yet rated,NULL,N/A
AAXJ,$53.51,1440685021717,"149,645",Not yet rated,NULL,N/A
EEME,NULL,1440685021770,0,NULL,NULL,NULL
EMDI,NULL,1440685021812,0,NULL,NULL,NULL
EGRW,NULL,1440685021873,0,NULL,NULL,NULL
EEMA,$50.4868,1440685021941,"1,081",Not yet rated,NULL,N/A
EMEY,NULL,1440685022003,0,NULL,NULL,NULL
EEML,$27.54,1440685022039,"8,106",Not yet rated,NULL,N/A
EVAL,NULL,1440685022165,0,NULL,NULL,NULL
EUFN,$21.925,1440685022321,"9,825",100% bearish,of 1 rating,N/A
IEUS,$45.31,1440685022381,16,100% bearish,of 1 rating,N/A
QAT,$20.8,1440685022408,124,Not yet rated,NULL,N/A
UAE,$18.25,1440685022465,"8,220",Not yet rated,NULL,N/A
IBB,$349.2,1440685022535,"376,382",63% bullish,of 8 ratings,N/A
SOXX,$81.61,1440685022562,"203,070",50% bullish,of 2 ratings,N/A
EMIF,$28.64,1440685022592,"1,257",Not yet rated,NULL,N/A
ICLN,$9.59,1440685022698,"13,782",50% bullish,of 2 ratings,N/A
WOOD,$47.587,1440685022764,300,50% bullish,of 2 ratings,N/A
INDY,$27.7499,1440685022825,"56,586",50% bullish,of 2 ratings,N/A
ISHG,$79.79,1440685022856,909,100% bearish,of 1 rating,N/A
IGOV,$91.33,1440685022894,"105,336",100% bearish,of 1 rating,N/A
ISIS,$51.35,1440685022924,"183,315",53% bullish,of 15 ratings,$67
ISLE,$16.385,1440685023056,"52,710",50% bullish,of 4 ratings,$16
ISRL,$129.36,1440685023127,100,100% bearish,of 1 rating,N/A
ITRI,$28.95,1440685023212,"58,307",Not yet rated,NULL,$37
ITRN,$24.11,1440685023259,"1,200",50% bullish,of 2 ratings,N/A
ITUS,$4.2,1440685023291,"1,000",Not yet rated,NULL,N/A
XXIA,$15,1440685023393,"48,050",71% bullish,of 7 ratings,$14.625
IXYS,$10.56,1440685023418,"13,601",50% bullish,of 4 ratings,N/A
JJSF,$113.82,1440685023449,"3,288",100% bearish,of 1 rating,N/A
MAYS,NULL,1440685023551,0,Not yet rated,NULL,N/A
JASO,$7.9,1440685023656,"161,343",82% bullish,of 17 ratings,$10
JBHT,$73.62,1440685023689,"82,022",50% bullish,of 4 ratings,$89.50
JCOM,$68.21,1440685023720,"24,557",100% bullish,of 2 ratings,$77
JKHY,$68.355,1440685023823,"62,349",50% bullish,of 2 ratings,$72
JACK,$80.539,1440685023952,"40,073",83% bullish,of 6 ratings,$105
JAXB,NULL,1440685024014,0,100% bullish,of 1 rating,N/A
JXSB,NULL,1440685024039,0,Not yet rated,NULL,N/A
JAGX,$3.8,1440685024064,"1,418",Not yet rated,NULL,N/A
JAKK,$9.29,1440685024225,"15,185",60% bearish,of 5 ratings,$11
ERW,NULL,1440685024252,0,Not yet rated,NULL,N/A
JMBA,$13.5,1440685024327,"12,807",75% bullish,of 4 ratings,$18
JASN,$4.7765,1440685024459,"1,807",50% bullish,of 2 ratings,$9.50
JAZZ,$169.99,1440685024488,"47,387",80% bullish,of 15 ratings,$206.50
JRVR,$26.63,1440685024514,"7,246",Not yet rated,NULL,$32
JASNW,NULL,1440685024540,0,50% bullish,of 2 ratings,N/A
JD,$26.4,1440685024673,"1,053,576",75% bullish,of 16 ratings,$36
JTPY,$2.95,1440685024703,100,100% bearish,of 1 rating,N/A
JBLU,$22.48,1440685024724,"996,143",94% bullish,of 18 ratings,$27
JCTCF,NULL,1440685024869,0,100% bullish,of 1 rating,N/A
JST,$3.81,1440685024954,"1,051",75% bullish,of 4 ratings,N/A
JIVE,$4.26,1440685025000,"43,925",75% bullish,of 4 ratings,$5
DATE,$6.08,1440685025025,"11,708",75% bullish,of 4 ratings,$9
JOEZ,$0.1702,1440685025232,"33,206",92% bullish,of 12 ratings,N/A
WYIGU,NULL,1440685025260,0,Not yet rated,NULL,N/A
JBSS,$53.57,1440685025287,"4,254",67% bearish,of 3 ratings,N/A
JOUT,$22.87,1440685025314,"1,268",100% bearish,of 1 rating,$34
JNP,$10.144,1440685025349,"6,701",100% bullish,of 3 ratings,$15
KBIO,$1.98,1440685025447,"4,914",50% bullish,of 4 ratings,N/A
JUNO,$37.031,1440685025479,"192,792",73% bullish,of 11 ratings,$71.50
KALU,$79.94,1440685025576,"11,665",67% bearish,of 3 ratings,$91
KTWO,$20.92,1440685025647,"5,384",100% bearish,of 1 rating,$28.50
KMDA,NULL,1440685025723,0,50% bullish,of 2 ratings,$8
KCLI,$46.6747,1440685025790,"10,317",Not yet rated,NULL,N/A
KPTI,$13.8799,1440685025951,"34,706",67% bearish,of 3 ratings,$39
KBSF,NULL,1440685025976,0,100% bullish,of 1 rating,N/A
KNDI,$6.3133,1440685026054,"104,991",86% bullish,of 22 ratings,N/A
KCAP,$4.55,1440685026086,"13,424",75% bullish,of 4 ratings,$6
KRNY,$11.26,1440685026187,"93,993",100% bearish,of 1 rating,$12
KELYA,$13.81,1440685026235,"30,042",67% bullish,of 6 ratings,$20
KELYB,NULL,1440685026370,0,50% bullish,of 2 ratings,N/A
KMPH,$19.15,1440685026395,"2,005",100% bearish,of 2 ratings,$22
KFFB,$8.6713,1440685026475,100,100% bearish,of 1 rating,N/A
KERX,$6.08,1440685026607,"115,788",82% bullish,of 11 ratings,$12
GMCR,$53.67,1440685026632,"412,682",71% bullish,of 42 ratings,$64
KEQU,$17.01,1440685026688,100,100% bullish,of 1 rating,N/A
KTEC,NULL,1440685026775,0,Not yet rated,NULL,N/A
KTCC,$10.115,1440685026852,"1,808",100% bearish,of 1 rating,$16
KE,$11.52,1440685026908,"4,238",67% bearish,of 3 ratings,$16
KFRC,$26.7,1440685027063,"13,467",100% bullish,of 2 ratings,$29
KGJI,$0.6801,1440685027137,"1,000",89% bullish,of 9 ratings,N/A
KBAL,$10.57,1440685027214,"7,722",50% bullish,of 2 ratings,N/A
KIN,NULL,1440685027248,0,50% bullish,of 2 ratings,$6.25
KINS,$8.56,1440685027269,300,100% bullish,of 1 rating,N/A
KIRK,$22.845,1440685027299,"7,776",50% bullish,of 2 ratings,$32
KONE,NULL,1440685027350,0,Not yet rated,NULL,N/A
KITE,$53.23,1440685027426,"87,755",89% bullish,of 9 ratings,$85
KLAC,$48.74,1440685027548,"82,861",100% bearish,of 1 rating,$61.50
KLXI,$39.08,1440685027621,"32,951",100% bearish,of 1 rating,$48.50
KOPN,$2.87,1440685027679,"20,044",50% bullish,of 2 ratings,$4.50
KZ,$6.7,1440685027705,"19,169",60% bearish,of 5 ratings,N/A
KONA,$18.84,1440685027781,"10,390",50% bullish,of 2 ratings,$28
KRNT,$13.06,1440685027926,"5,209",50% bullish,of 2 ratings,$18
KWEB,$30.9905,1440685027970,"13,895",Not yet rated,NULL,N/A
KUTV,$0.6815,1440685028061,"9,500",50% bullish,of 2 ratings,N/A
KOSS,$2.45,1440685028099,"4,000",100% bearish,of 2 ratings,N/A
