Symbol,Price,Date,Volume,Rating,RatingVoteCount,OneYearEstimate
FCTY,$7.9,1441739402469,512,100% bullish,of 1 rating,$8.50
FCCY,$11.58,1441739402545,"1,000",100% bullish,of 1 rating,$13
FLWS,$8.483,1441739402570,"232,262",80% bullish,of 5 ratings,$15
SRCE,$30.7,1441739402991,"10,952",100% bullish,of 3 ratings,$33
VNET,$18.3,1441739403035,"301,144",60% bullish,of 5 ratings,$35
TWOU,$35.8,1441739403170,"198,737",50% bullish,of 2 ratings,$39
DGLD,$82.99,1441739403435,"3,137",100% bullish,of 1 rating,N/A
DSLV,$66.5201,1441739403639,"12,997",100% bearish,of 1 rating,N/A
UGLD,$8.968,1441739403720,"48,210",100% bearish,of 1 rating,N/A
USLV,$12.91,1441739403891,"165,089",86% bullish,of 7 ratings,N/A
JOBS,$26.76,1441739404299,"69,626",50% bullish,of 4 ratings,$36
SIXD,$3.13,1441739404683,"70,760",Not yet rated,NULL,N/A
CAFD,$14.25,1441739404711,"86,038",Not yet rated,NULL,$24.50
EGHT,$7.95,1441739404736,"123,532",82% bullish,of 17 ratings,$11
SHLM,$32.29,1441739405126,"81,099",100% bearish,of 1 rating,$47
AAON,$19.92,1441739405206,"38,200",100% bearish,of 1 rating,$24
AVHI,$13.58,1441739405269,"9,863",100% bearish,of 1 rating,$19
ABY,$19.97,1441739405641,"1,798,548",100% bearish,of 2 ratings,$46
ABGB,$5.77,1441739405714,"73,585",67% bullish,of 3 ratings,$5.50
ABAX,$48.67,1441739405741,"34,639",100% bearish,of 1 rating,$60
ABEO,$4.7,1441739406099,"28,356",50% bullish,of 4 ratings,$15.50
ABEOW,$1.7101,1441739406490,100,100% bullish,of 1 rating,N/A
ABMD,$95.865,1441739406572,"237,804",75% bullish,of 4 ratings,$100.50
AXAS,$1.645,1441739406676,"682,649",78% bullish,of 9 ratings,$3.50
ACTG,$9.1,1441739406997,"167,366",67% bullish,of 3 ratings,$18.50
ACAD,$41.35,1441739407032,"427,430",80% bullish,of 20 ratings,$48
ACHC,$73.86,1441739407081,"177,040",50% bullish,of 2 ratings,$92
XLRN,$30.82,1441739407317,"84,839",50% bullish,of 2 ratings,$57
ANCX,$20.325,1441739407348,"13,681",Not yet rated,NULL,$20
AXDX,$17.4,1441739407370,"107,872",100% bearish,of 1 rating,N/A
ACST,$0.3123,1441739407405,"21,438",100% bullish,of 2 ratings,N/A
TFSCR,$0.3723,1441739407448,"1,000",Not yet rated,NULL,N/A
TFSCU,NULL,1441739407504,0,Not yet rated,NULL,N/A
TFSC,NULL,1441739407611,0,100% bearish,of 1 rating,N/A
PIH,$7.48,1441739407706,903,100% bearish,of 1 rating,N/A
TFSCW,$0.3,1441739407737,"4,500",100% bearish,of 1 rating,N/A
ARAY,$6.575,1441739407802,"202,745",100% bearish,of 1 rating,$10.50
VXDN,$1.9301,1441739407878,"8,272",100% bearish,of 1 rating,N/A
ACRX,$4.09,1441739408059,"468,090",67% bearish,of 6 ratings,$7
VXUP,$1.5418,1441739408083,"26,275",100% bearish,of 1 rating,N/A
ACET,$22.905,1441739408108,"59,539",75% bullish,of 4 ratings,$30
AKAO,$6.98,1441739408284,"36,134",75% bullish,of 4 ratings,$15
ACIW,$21.65,1441739408314,"95,565",67% bearish,of 3 ratings,$24
ACHN,$8.02,1441739408341,"2,996,601",90% bullish,of 21 ratings,$16
ACNB,$20.01,1441739408362,"1,670",Not yet rated,NULL,N/A
ATVI,$28.77,1441739408574,"3,310,065",67% bullish,of 84 ratings,$31.50
ACPW,$1.94,1441739408632,"20,783",100% bullish,of 4 ratings,$3.25
ACTA,$14.03,1441739408811,"34,204",67% bearish,of 3 ratings,$25
ACOR,$33.16,1441739408943,"91,323",67% bearish,of 3 ratings,$38.50
ADMS,$19.66,1441739408975,"42,938",100% bearish,of 2 ratings,$36
ACUR,$2.9725,1441739409001,"9,010",100% bullish,of 5 ratings,$5
ACTS,$1.59,1441739409027,"13,200",100% bearish,of 1 rating,N/A
ACXM,$20.81,1441739409074,"68,328",67% bullish,of 3 ratings,N/A
AEY,$2.39,1441739409256,550,100% bearish,of 2 ratings,N/A
ADAP,$11.29,1441739409284,"15,521",67% bullish,of 3 ratings,$22
ADMP,$3.93,1441739409313,"12,388",50% bullish,of 2 ratings,$10
ADBE,$79.69,1441739409479,"901,399",61% bullish,of 18 ratings,$90
ADMA,$9.04,1441739409614,"7,999",Not yet rated,NULL,$19
ADTN,$15.5,1441739409640,"124,296",67% bullish,of 3 ratings,$17.125
ADEP,$7.8,1441739409772,"46,299",50% bullish,of 2 ratings,$10.75
ADUS,$29.64,1441739409824,"30,047",100% bearish,of 1 rating,$31
ADRO,$18.81,1441739409849,"146,865",80% bullish,of 5 ratings,$45.50
AEIS,$24.775,1441739409904,"128,926",50% bullish,of 2 ratings,$32.50
ADXSW,$10.15,1441739410032,650,100% bullish,of 1 rating,N/A
AMD,$1.8741,1441739410070,"3,122,289",83% bullish,of 103 ratings,$2
ADXS,$13.96,1441739410130,"312,815",64% bullish,of 14 ratings,$27
AEGN,$18.17,1441739410226,"79,192",100% bearish,of 2 ratings,$21
YPRO,$23.0213,1441739410309,"4,637",100% bearish,of 1 rating,N/A
AEHR,$2.29,1441739410396,112,50% bullish,of 2 ratings,N/A
MULT,NULL,1441739410426,0,100% bearish,of 1 rating,N/A
AMTX,$3.02,1441739410453,"8,468",50% bullish,of 2 ratings,N/A
AEGR,$18,1441739410527,"93,550",50% bullish,of 6 ratings,$26
AERI,$16.37,1441739410661,"286,242",75% bullish,of 4 ratings,$31.50
AEPI,$61.76,1441739410791,"24,644",100% bearish,of 1 rating,N/A
AEZS,$0.0786,1441739410847,"9,278,490",90% bullish,of 21 ratings,$1.50
AVAV,$20.58,1441739410932,"96,191",50% bullish,of 4 ratings,$28
AGEN,$7.03,1441739410986,"186,952",85% bullish,of 13 ratings,$14
AFMD,$10.14,1441739411011,"87,409",50% bullish,of 4 ratings,$15
AEMD,$7.32,1441739411039,"78,513",Not yet rated,NULL,$27.50
AFFX,$9.47,1441739411091,"297,276",80% bullish,of 5 ratings,$12.50
AGRX,$8.7101,1441739411186,"52,502",100% bearish,of 1 rating,$17.50
AGIO,$89.26,1441739411318,"132,334",88% bullish,of 8 ratings,$114
AGFS,$10.1,1441739411408,"83,599",100% bearish,of 1 rating,N/A
AGYS,$9.695,1441739411492,"4,890",100% bearish,of 1 rating,N/A
AIMT,$22.71,1441739411599,"143,969",Not yet rated,NULL,$35.50
AIRT,$22.706,1441739411702,"3,035",100% bullish,of 1 rating,N/A
ATSG,$8.865,1441739411782,"54,826",67% bullish,of 3 ratings,$13
AKAM,$74.09,1441739411928,"417,135",63% bullish,of 8 ratings,$77.50
AGFSW,$2.11,1441739411954,"10,400",100% bearish,of 2 ratings,N/A
AIRM,$36.57,1441739411976,"69,504",80% bearish,of 5 ratings,$53
AMCN,$4.66,1441739412004,"209,284",83% bullish,of 6 ratings,N/A
AIXG,$6.92,1441739412034,"29,352",67% bearish,of 3 ratings,$5.25
AKER,$2.82,1441739412223,"3,620",Not yet rated,NULL,N/A
AKBA,$7.649,1441739412278,"178,122",100% bearish,of 1 rating,$18
AKRX,$39.69,1441739412303,"235,918",78% bullish,of 9 ratings,$56
AMRI,$20.79,1441739412444,"109,850",75% bearish,of 4 ratings,$24
ALSK,$2.27,1441739412516,"77,591",78% bullish,of 18 ratings,$2
ALRM,$16.17,1441739412612,"75,068",100% bearish,of 1 rating,$22
ABDC,$12.89,1441739412813,"21,802",Not yet rated,NULL,$15
ALXN,$175.69,1441739412842,"448,431",88% bullish,of 8 ratings,$223.50
ALDR,$42.13,1441739412871,"179,545",67% bearish,of 3 ratings,$62
ADHD,$7.77,1441739412899,"93,666",50% bullish,of 4 ratings,$18
ALDX,$7.24,1441739412921,"10,977",100% bearish,of 1 rating,$14.50
ALXA,$1.35,1441739413000,"49,588",83% bullish,of 6 ratings,$2.125
ALCO,$42.06,1441739413035,"11,084",50% bullish,of 2 ratings,N/A
ALIM,$2.94,1441739413297,"41,679",80% bullish,of 5 ratings,$10
ALKS,$67.86,1441739413331,"325,791",67% bullish,of 3 ratings,$75
AHGP,$35.49,1441739413568,"24,389",67% bullish,of 3 ratings,N/A
AFOP,$18.98,1441739413667,"74,955",75% bullish,of 8 ratings,$21
ALLB,$23.3,1441739413695,300,Not yet rated,NULL,N/A
ARLP,$25.07,1441739413722,"65,957",67% bearish,of 3 ratings,$32
ALGN,$55.29,1441739413801,"154,719",100% bearish,of 2 ratings,$73
ALGT,$211.02,1441739413850,"45,028",100% bearish,of 2 ratings,$235
AIQ,$14.84,1441739413882,"6,957",67% bullish,of 3 ratings,N/A
ALLT,$5.19,1441739414102,"27,871",75% bullish,of 4 ratings,$6.25
AMOT,$18.06,1441739414132,"93,235",100% bearish,of 1 rating,N/A
ALQA,$4.5,1441739414178,"8,282",75% bullish,of 4 ratings,$8.50
AHPI,NULL,1441739414367,0,50% bullish,of 2 ratings,N/A
MDRX,$13.33,1441739414438,"855,141",60% bullish,of 5 ratings,$16
ALNY,$103.05,1441739414463,"264,823",67% bullish,of 3 ratings,$151.50
SMCP,$23.39,1441739414799,775,Not yet rated,NULL,N/A
ALTR,$50.33,1441739414932,"2,998,925",67% bearish,of 6 ratings,$54
ATEC,$0.5256,1441739414958,"122,368",100% bullish,of 1 rating,$2
ASPS,$26.31,1441739414980,"101,240",67% bullish,of 3 ratings,$46.50
AOSL,$8.29,1441739415014,"15,201",67% bullish,of 3 ratings,$9
AMRN,$2.39,1441739415044,"715,353",85% bullish,of 40 ratings,$8
AIMC,$23.83,1441739415116,"54,150",100% bearish,of 2 ratings,$28.50
AMAG,$61.12,1441739415168,"219,279",100% bullish,of 2 ratings,$75
AMRK,$10.86,1441739415222,"45,154",50% bullish,of 2 ratings,$14
AYA,$20.77,1441739415411,"11,031",100% bearish,of 1 rating,$40
AMBC,$16.385,1441739415568,"97,472",100% bearish,of 1 rating,$16.50
AMZN,$515.785,1441739415593,"1,561,795",81% bullish,of 269 ratings,$646
EPAX,$2.7,1441739415791,"59,341",100% bearish,of 1 rating,N/A
AFAM,$45.33,1441739415840,"36,808",50% bullish,of 2 ratings,$44
DOX,$57.39,1441739415894,"343,549",67% bearish,of 3 ratings,$60
AMBA,$73.19,1441739415926,"1,499,416",71% bullish,of 14 ratings,$102.50
AMBCW,NULL,1441739415999,0,100% bearish,of 1 rating,N/A
AMCX,$73.96,1441739416030,"286,819",67% bullish,of 3 ratings,$87.50
AMDA,$0.4245,1441739416053,"3,195,336",90% bullish,of 10 ratings,$1
AMED,$41.23,1441739416133,"89,091",100% bearish,of 1 rating,$42
UHAL,$372.565,1441739416261,"14,871",100% bullish,of 2 ratings,$393.50
ASBI,$23.02,1441739416360,"11,467",Not yet rated,NULL,N/A
AAL,$41.08,1441739416387,"3,788,976",93% bullish,of 88 ratings,$57
AMOV,$17.89,1441739416515,"1,190",100% bearish,of 1 rating,N/A
ATAX,$5.3001,1441739416598,"52,082",100% bullish,of 1 rating,$6.50
AGNC,$19.06,1441739416624,"1,177,352",71% bullish,of 28 ratings,$22
AGNCB,$24.2954,1441739416821,"6,954",Not yet rated,NULL,N/A
MTGEP,$24.3899,1441739416886,"1,175",Not yet rated,NULL,N/A
AGNCP,$25.4,1441739416912,"3,350",Not yet rated,NULL,N/A
ACSF,$12.22,1441739417043,"8,294",100% bearish,of 1 rating,$15
MTGE,$15.22,1441739417070,"202,179",75% bullish,of 4 ratings,$19.50
AETI,$3.11,1441739417091,"5,089",67% bearish,of 3 ratings,N/A
ACAS,$13.895,1441739417475,"654,018",60% bullish,of 5 ratings,$16.75
ANCI,$1.41,1441739417501,700,100% bearish,of 1 rating,N/A
AMIC,$10.01,1441739417522,200,100% bearish,of 1 rating,N/A
AMNB,$23.53,1441739417551,"13,216",Not yet rated,NULL,$25.50
ANAT,$98.45,1441739417702,"36,117",100% bullish,of 1 rating,N/A
APEI,$22.32,1441739417727,"19,063",100% bearish,of 1 rating,$25.50
ARII,$40.7,1441739417759,"81,678",67% bearish,of 3 ratings,$45
AMRB,$10.11,1441739417965,"2,799",Not yet rated,NULL,$11
ASEI,$39.45,1441739418013,"14,792",100% bearish,of 1 rating,$52.50
CRMT,$35.7,1441739418101,"7,802",100% bearish,of 1 rating,$38
ABCB,$27.73,1441739418212,"38,266",Not yet rated,NULL,$31
AMSC,$5.2,1441739418270,"46,735",50% bullish,of 4 ratings,N/A
AMWD,$69.12,1441739418299,"64,081",50% bullish,of 2 ratings,$70
AMSWA,$9.0201,1441739418325,"11,784",100% bearish,of 2 ratings,$10.75
ASRV,$3.22,1441739418401,"3,600",100% bullish,of 2 ratings,N/A
AMSF,$47.41,1441739418474,"9,785",Not yet rated,NULL,$57.50
ASRVP,NULL,1441739418709,0,Not yet rated,NULL,N/A
AMGN,$153.65,1441739418759,"1,829,998",89% bullish,of 19 ratings,$185
AMKR,$5.505,1441739418783,"589,830",100% bearish,of 2 ratings,$5
AMSGP,$152.74,1441739418926,146,Not yet rated,NULL,N/A
FOLD,$17.12,1441739418974,"941,938",56% bullish,of 9 ratings,$21
AMPH,$14.37,1441739419058,"113,759",50% bullish,of 2 ratings,$20
ATLO,$23.1,1441739419211,"4,986",Not yet rated,NULL,N/A
AFSI,$59.07,1441739419240,"192,570",60% bullish,of 5 ratings,$72
AMRS,$1.8,1441739419262,"123,701",70% bullish,of 10 ratings,N/A
ASYS,$5.32,1441739419296,"16,728",67% bullish,of 3 ratings,$12
AMSG,$80.86,1441739419318,"155,340",100% bearish,of 1 rating,$85.50
ANAD,$0.2899,1441739419450,"382,388",100% bullish,of 2 ratings,$.50
ANAC,$135.15,1441739419511,"133,036",80% bullish,of 5 ratings,$180.50
ADI,$57.51,1441739419546,"1,385,182",75% bullish,of 4 ratings,$69
ANCB,$21.6,1441739419804,"5,169",Not yet rated,NULL,$23
ALOG,$82.67,1441739419861,"35,392",100% bearish,of 2 ratings,$100.50
ANGI,$5.21,1441739419895,"191,852",64% bullish,of 11 ratings,$5.50
ABCW,$42.22,1441739420030,"17,555",67% bullish,of 3 ratings,N/A
AMCF,NULL,1441739420185,0,NULL,NULL,NULL
ANIP,$53.52,1441739420248,"60,833",89% bullish,of 19 ratings,$66
ATRS,$1.845,1441739420320,"114,982",92% bullish,of 12 ratings,$4.50
ANIK,$36.335,1441739420346,"34,680",60% bullish,of 5 ratings,$51.25
ANTH,$7.53,1441739420374,"275,063",80% bullish,of 10 ratings,$13
ANGO,$14.59,1441739420415,"23,662",67% bullish,of 3 ratings,$19
ABAC,$0.79,1441739420510,40,100% bearish,of 1 rating,N/A
ANSS,$92.69,1441739420541,"117,164",100% bearish,of 1 rating,$100
ATNY,$2.4201,1441739420739,"10,705",50% bullish,of 2 ratings,$3.75
APIC,$8.01,1441739420811,"89,214",100% bearish,of 1 rating,$19
APOG,$54.56,1441739420967,"48,701",50% bullish,of 2 ratings,$67
APOL,$11.475,1441739420995,"501,077",87% bearish,of 68 ratings,$14
APPF,$17.6488,1441739421034,"33,266",50% bullish,of 2 ratings,$22
AINV,$6.5099,1441739421063,"462,699",50% bullish,of 4 ratings,$8
AAPL,$111.0901,1441739421168,"21,952,789",86% bullish,of 2368 ratings,$150
AGTC,$16.92,1441739421295,"20,614",50% bullish,of 2 ratings,$33
APDN,$3.55,1441739421367,"37,577",Not yet rated,NULL,$9
AMAT,$15.75,1441739421393,"5,682,353",82% bullish,of 11 ratings,$23
AMCC,$5.93,1441739421428,"168,821",80% bullish,of 5 ratings,$8
ARCI,$1.1501,1441739421471,"4,518",Not yet rated,NULL,N/A
APDNW,$1.51,1441739421530,"2,235",Not yet rated,NULL,N/A
AAOI,$21.95,1441739421597,"144,082",50% bullish,of 4 ratings,$26
APRI,$1.73,1441739421699,"168,865",83% bullish,of 6 ratings,$4.86
AREX,$2.595,1441739421942,"436,060",50% bullish,of 2 ratings,$3
AQMS,$5.04,1441739422003,"10,437",Not yet rated,NULL,N/A
APTO,$5.24,1441739422032,"5,204",Not yet rated,NULL,$17
AQXP,$15.88,1441739422135,"136,188",67% bearish,of 3 ratings,$2
AUMAW,NULL,1441739422170,0,Not yet rated,NULL,N/A
AUMA,NULL,1441739422197,0,Not yet rated,NULL,N/A
AUMAU,NULL,1441739422221,0,Not yet rated,NULL,N/A
ARCW,$3.26,1441739422615,"20,354",100% bearish,of 2 ratings,$10.50
PETX,$17.84,1441739422670,"83,722",100% bearish,of 2 ratings,$26
RKDA,$5.44,1441739422703,"19,402",100% bearish,of 2 ratings,$10
ARCB,$29.41,1441739422743,"43,503",67% bearish,of 3 ratings,$39.50
ABUS,$7,1441739422771,"112,371",86% bullish,of 14 ratings,$21.50
ABIO,$6.64,1441739422796,"112,019",50% bullish,of 2 ratings,$26.242
ARDM,$7.43,1441739422831,400,100% bullish,of 1 rating,$26
ACGL,$69.51,1441739422856,"152,532",50% bullish,of 2 ratings,$72
ACAT,$24.9,1441739423093,"148,410",100% bearish,of 3 ratings,$33
ARNA,$2.755,1441739423118,"398,744",90% bullish,of 78 ratings,$5.50
ARCC,$15.6,1441739423249,"674,056",67% bearish,of 3 ratings,$17.75
ARGS,$6.23,1441739423298,"9,681",50% bullish,of 2 ratings,$19.50
AGII,$54.99,1441739423341,"28,813",Not yet rated,NULL,$59.50
ARDX,$20.33,1441739423362,"145,454",50% bullish,of 2 ratings,$24.50
AGIIL,$25.34,1441739423442,"5,558",Not yet rated,NULL,N/A
ARIS,$3.77,1441739423547,"14,429",Not yet rated,NULL,$4.50
ARIA,$7.92,1441739423623,"2,016,815",87% bullish,of 46 ratings,$9
ARMH,$44.26,1441739423654,"844,616",54% bearish,of 13 ratings,$60
ARWA,NULL,1441739423760,0,Not yet rated,NULL,N/A
ARKR,$24.79,1441739423788,"3,080",50% bullish,of 2 ratings,N/A
ARTX,$1.37,1441739423862,"74,623",88% bullish,of 16 ratings,$4.50
ARWAW,NULL,1441739423965,0,Not yet rated,NULL,N/A
ARWAR,NULL,1441739424037,0,Not yet rated,NULL,N/A
ARQL,$1.69,1441739424195,"87,859",75% bullish,of 4 ratings,$5
ARRY,$5.79,1441739424222,"503,542",100% bullish,of 7 ratings,$10
ARWAU,NULL,1441739424247,0,100% bullish,of 1 rating,N/A
ARRS,$26.71,1441739424381,"292,670",50% bullish,of 2 ratings,$38
AROW,$27.24,1441739424408,"3,260",Not yet rated,NULL,N/A
DWAT,$9.775,1441739424433,"8,705",100% bearish,of 1 rating,N/A
ARWR,$5.46,1441739424603,"508,463",75% bullish,of 4 ratings,$10.50
ARTW,$3.99,1441739424637,590,75% bearish,of 4 ratings,N/A
ARTNA,$21.8,1441739424665,"5,347",100% bearish,of 1 rating,$29
ASNA,$12.255,1441739424690,"1,294,556",50% bullish,of 2 ratings,$17.50
ASBB,$25.23,1441739424736,6,Not yet rated,NULL,N/A
ASCMA,$28.69,1441739424866,"46,713",100% bearish,of 1 rating,$45
ASND,$20.16,1441739424891,"11,250",50% bullish,of 2 ratings,$30
ASTI,$0.2474,1441739425129,"2,658,883",83% bullish,of 6 ratings,$3
ASMI,NULL,1441739425177,0,NULL,NULL,NULL
APWC,$1.75,1441739425202,204,100% bearish,of 1 rating,N/A
ASML,$93.63,1441739425224,"320,423",50% bullish,of 4 ratings,$127
ASMB,$13.78,1441739425360,"20,116",67% bullish,of 3 ratings,N/A
AZPN,$39.78,1441739425389,"214,450",50% bullish,of 2 ratings,$42
ASFI,$8.7199,1441739425493,"3,700",100% bullish,of 1 rating,N/A
ATRO,$50.425,1441739425596,"66,664",100% bearish,of 2 ratings,$80
ASTC,$2.17,1441739425701,"17,437",100% bullish,of 5 ratings,N/A
ASTE,$37.99,1441739425807,"78,891",100% bearish,of 1 rating,$49
ATAI,$2.315,1441739425835,"14,542",100% bearish,of 1 rating,N/A
ATRA,$43.77,1441739425867,"92,235",50% bullish,of 2 ratings,$68
ASUR,$5.615,1441739425894,981,50% bullish,of 2 ratings,$8
ALOT,$13.95,1441739425970,522,100% bearish,of 1 rating,N/A
ATHN,$136.31,1441739426099,"105,134",67% bearish,of 3 ratings,$153
AFCB,NULL,1441739426131,0,Not yet rated,NULL,N/A
ATHX,$1.17,1441739426316,"78,360",89% bullish,of 9 ratings,$5
AAME,$3.5,1441739426354,"1,502",Not yet rated,NULL,N/A
ACFC,$5.59,1441739426416,"8,918",100% bearish,of 1 rating,$6.50
ATNI,$73.9,1441739426484,"21,474",100% bearish,of 1 rating,$69.50
AAPC,$10.201,1441739426516,300,Not yet rated,NULL,N/A
AAWW,$38.81,1441739426610,"91,048",50% bullish,of 2 ratings,$65
AFH,$16.275,1441739426641,"41,630",Not yet rated,NULL,$21.50
ATLC,$3.87,1441739426670,"4,110",67% bullish,of 3 ratings,N/A
ATOS,$0.9088,1441739426740,"79,624",100% bullish,of 7 ratings,$7
ATML,$8.05,1441739426773,"1,951,953",78% bullish,of 9 ratings,$9.50
ATRC,$24.31,1441739427004,"53,611",100% bullish,of 1 rating,$30
ATRI,$378.88,1441739427029,"2,636",Not yet rated,NULL,N/A
ATTU,$13.24,1441739427159,"7,032",100% bearish,of 1 rating,$20.50
ATRM,$2.98,1441739427188,213,50% bullish,of 2 ratings,N/A
LIFE,$15.57,1441739427298,"26,139",86% bullish,of 7 ratings,$43
AUBN,$26.86,1441739427324,502,Not yet rated,NULL,N/A
AUPH,$3.48,1441739427350,"9,481",100% bearish,of 1 rating,$8
AUDC,$3.275,1441739427371,"20,150",80% bullish,of 5 ratings,$5
EARS,$4.46,1441739427403,"6,210",100% bearish,of 2 ratings,$8.49
ABTL,$19.01,1441739427702,"48,709",100% bullish,of 4 ratings,$20.25
ADSK,$46.6,1441739427765,"1,440,954",67% bullish,of 6 ratings,$66
ADAT,$0.3301,1441739427831,"218,068",100% bullish,of 2 ratings,N/A
AAVL,$10.49,1441739427860,"136,137",100% bearish,of 1 rating,$20
ADP,$78.02,1441739427896,"648,939",100% bearish,of 1 rating,$88
AVGO,$128.89,1441739427963,"1,352,873",88% bullish,of 8 ratings,$165
AVNU,$13,1441739428024,"6,100",Not yet rated,NULL,$14
AVEO,$1.38,1441739428153,"270,974",75% bullish,of 8 ratings,$3
AVNW,$1.21,1441739428183,"24,665",50% bullish,of 2 ratings,N/A
AVGR,$15.35,1441739428287,"10,135",100% bearish,of 1 rating,$20
CAR,$44.02,1441739428348,"475,372",67% bullish,of 6 ratings,$60
ACLS,$3.49,1441739428540,"990,832",67% bullish,of 6 ratings,$4.75
AXPW,$1.8825,1441739428572,"395,935",86% bullish,of 7 ratings,N/A
AWRE,$3.23,1441739428601,"6,954",67% bullish,of 3 ratings,N/A
AXPWW,$0.95,1441739428671,30,Not yet rated,NULL,N/A
AVID,$8.62,1441739428697,"125,458",100% bearish,of 1 rating,$20
AXTI,$2.14,1441739428910,"9,912",50% bullish,of 2 ratings,$2.75
AXGN,$4.88,1441739428943,"51,038",Not yet rated,NULL,$5
BCOM,$19.52,1441739428969,109,100% bearish,of 1 rating,N/A
RILY,NULL,1441739429042,0,Not yet rated,NULL,N/A
BOSC,$2.3128,1441739429169,"30,154",50% bullish,of 2 ratings,N/A
BIDU,$147.9,1441739429270,"1,992,517",81% bullish,of 88 ratings,$210
BEAV,$49.89,1441739429324,"168,332",67% bearish,of 3 ratings,$59
BCPC,$57.64,1441739429403,"36,511",100% bearish,of 1 rating,$75
BWINA,$22.98,1441739429428,187,Not yet rated,NULL,N/A
BWINB,$22.43,1441739429458,"7,195",Not yet rated,NULL,N/A
BLDP,$1.37,1441739429559,"132,426",91% bullish,of 22 ratings,$2.50
BANF,$60.9,1441739429794,"6,570",Not yet rated,NULL,$68
BKMU,$7.15,1441739429822,"33,976",Not yet rated,NULL,$8
BANFP,$26.859,1441739429868,110,Not yet rated,NULL,N/A
BMRC,$48.84,1441739429895,"1,299",Not yet rated,NULL,$52
BOCH,$5.8,1441739429956,"12,791",Not yet rated,NULL,$6.50
OZRK,$42.21,1441739430021,"157,130",67% bullish,of 3 ratings,$49.50
BOTJ,$10.94,1441739430053,"1,666",Not yet rated,NULL,N/A
BKSC,$16.35,1441739430123,"6,298",Not yet rated,NULL,N/A
BFIN,$12.17,1441739430315,"10,618",Not yet rated,NULL,$13
BANR,$44.83,1441739430377,"21,971",100% bullish,of 3 ratings,$50
BWFG,$18.13,1441739430482,"6,645",100% bearish,of 1 rating,N/A
BHACU,NULL,1441739430611,0,Not yet rated,NULL,N/A
BHACR,NULL,1441739430719,0,Not yet rated,NULL,N/A
BZUN,$5.35,1441739430751,"59,256",50% bullish,of 2 ratings,$11.50
TAPR,$33.44,1441739430812,265,100% bearish,of 1 rating,N/A
BBSI,$34.79,1441739430848,"25,270",67% bearish,of 3 ratings,$62.50
BHAC,NULL,1441739430876,0,Not yet rated,NULL,N/A
BHACW,NULL,1441739430903,0,Not yet rated,NULL,N/A
BSET,$30.4,1441739430976,"19,843",100% bearish,of 1 rating,$35
BYLK,$12.8,1441739431142,"9,603",Not yet rated,NULL,$14
BYBK,$5.09,1441739431272,"11,700",100% bearish,of 1 rating,N/A
BV,$5.13,1441739431297,"227,262",67% bullish,of 6 ratings,$8.75
BCBP,NULL,1441739431336,0,Not yet rated,NULL,N/A
BBCN,$14.63,1441739431440,"81,034",100% bearish,of 1 rating,$16
BECN,$36.4,1441739431575,"153,469",50% bullish,of 2 ratings,$40
BSF,$8.79,1441739431601,"9,830",Not yet rated,NULL,N/A
BDCV,$4.83,1441739431638,"4,742",100% bearish,of 1 rating,$10.19
BBGI,NULL,1441739431731,0,100% bearish,of 1 rating,N/A
BELFB,$18.4,1441739431811,"16,696",100% bearish,of 1 rating,N/A
BLPH,$4.12,1441739431940,"16,805",100% bearish,of 1 rating,$12.50
BELFA,$15.29,1441739431983,"1,075",100% bearish,of 1 rating,N/A
BBBY,$63.28,1441739432009,"678,916",71% bullish,of 7 ratings,$75
BEBE,$1.18,1441739432074,"209,862",75% bullish,of 4 ratings,$2.125
BLCM,$16.955,1441739432151,"129,378",50% bullish,of 4 ratings,$40
BNFT,$36.23,1441739432176,"31,619",67% bullish,of 3 ratings,$46
BNCL,$12.905,1441739432200,"183,929",100% bullish,of 3 ratings,$12.50
BNTC,$6.96,1441739432415,"3,811",100% bullish,of 1 rating,N/A
BGMD,$0.5801,1441739432490,"247,931",100% bullish,of 10 ratings,N/A
BIND,$4.99,1441739432702,"56,149",75% bullish,of 4 ratings,$13.50
BGCP,$8.995,1441739432847,"480,604",88% bullish,of 8 ratings,$14
BASI,$1.62,1441739432874,105,Not yet rated,NULL,N/A
ORPN,$5.5993,1441739432903,"5,810",100% bullish,of 1 rating,$28.50
BIOC,$2.1617,1441739432932,"306,761",83% bullish,of 6 ratings,$3.85
BGFV,$11.58,1441739433011,"75,996",57% bullish,of 7 ratings,$12
BCDA,NULL,1441739433060,0,Not yet rated,NULL,N/A
BCRX,$12.02,1441739433116,"145,659",63% bullish,of 8 ratings,$18
BIOD,$0.7007,1441739433191,"36,334",80% bullish,of 5 ratings,$4
BDSI,$6.62,1441739433267,"436,264",88% bullish,of 8 ratings,$17
BIIB,$307.8,1441739433319,"610,997",88% bullish,of 16 ratings,$400
BIOL,$1.55,1441739433568,"11,279",Not yet rated,NULL,N/A
BLRX,$1.74,1441739433638,"130,365",100% bullish,of 12 ratings,$5
BVXV,$4.02,1441739433704,"106,294",Not yet rated,NULL,N/A
BRLI,NULL,1441739433726,0,NULL,NULL,NULL
BMRN,$131.73,1441739433753,"296,806",80% bullish,of 5 ratings,$160
BVXVW,$0.82,1441739433774,"2,400",100% bearish,of 1 rating,N/A
BLFS,$2.4,1441739433804,"54,133",50% bullish,of 2 ratings,$4.75
BPTH,$1.19,1441739433825,"40,028",100% bullish,of 2 ratings,$5
BIOS,$2.5,1441739434107,"278,880",71% bullish,of 7 ratings,$4
BBP,$32.9001,1441739434132,"4,097",Not yet rated,NULL,N/A
BBC,$32.6023,1441739434157,"12,391",Not yet rated,NULL,N/A
BSTC,$51.09,1441739434182,"36,585",100% bearish,of 1 rating,$76
BOTA,$2.16,1441739434324,"21,077",88% bullish,of 8 ratings,N/A
BSPM,$0.6699,1441739434393,"2,170",50% bullish,of 2 ratings,N/A
BITI,$17.21,1441739434525,"12,990",100% bullish,of 1 rating,$28
TECH,$94.48,1441739434557,"129,746",100% bullish,of 1 rating,$117
BJRI,$45.51,1441739434584,"119,276",50% bullish,of 2 ratings,$55
BEAT,$16.14,1441739434658,"389,918",67% bearish,of 3 ratings,$15
BDMS,$13.1,1441739434718,100,100% bearish,of 1 rating,N/A
BBOX,$14.59,1441739434972,"30,604",100% bearish,of 1 rating,N/A
HAWK,$40.63,1441739435032,"197,191",91% bullish,of 11 ratings,$49
BLKB,$58.81,1441739435056,"42,884",100% bearish,of 2 ratings,$66
BDE,$7.4,1441739435113,"31,155",50% bullish,of 2 ratings,$9
BBRY,$7.35,1441739435138,"1,833,739",61% bullish,of 331 ratings,$9
ADRA,$26.76,1441739435268,"1,221",100% bearish,of 1 rating,N/A
BKCC,$9.49,1441739435330,"149,072",50% bullish,of 2 ratings,$10
ADRD,$21.8033,1441739435410,"3,337",100% bearish,of 1 rating,N/A
BLBD,$11.525,1441739435661,"12,038",Not yet rated,NULL,N/A
ADRE,$29.24,1441739435693,"4,091",100% bearish,of 1 rating,N/A
BLMN,$20.865,1441739435714,"292,138",83% bullish,of 6 ratings,$27.50
BUFF,$23.375,1441739435790,"753,920",77% bullish,of 13 ratings,$31.50
ADRU,$21.55,1441739435843,"1,808",100% bearish,of 1 rating,N/A
BCOR,$13.34,1441739435883,"98,769",57% bullish,of 7 ratings,$15
BBLU,$0.8791,1441739435916,"48,119",100% bullish,of 2 ratings,$4.43
BHBK,$14.09,1441739436146,"10,327",100% bullish,of 1 rating,$14.50
BLUE,$135.79,1441739436296,"451,325",71% bullish,of 7 ratings,$217.50
NILE,$33.7299,1441739436320,"12,668",50% bullish,of 2 ratings,$34
BKEPP,$7.95,1441739436347,"2,120",100% bearish,of 1 rating,N/A
BOFI,$117.74,1441739436509,"143,612",100% bullish,of 6 ratings,$144
BKEP,$6.44,1441739436565,"12,785",100% bearish,of 1 rating,$8.50
BPMC,$29.46,1441739436638,"24,731",50% bullish,of 2 ratings,$47.50
BNCN,$21.74,1441739436663,"15,090",Not yet rated,NULL,$24
BOBE,$46.46,1441739436697,"166,868",75% bullish,of 4 ratings,$57
WIFI,$7.8,1441739436794,"83,354",50% bullish,of 2 ratings,$13.50
BOJA,$21.1,1441739436822,"40,367",100% bullish,of 1 rating,$30
BOKF,$63.91,1441739436921,"51,360",100% bearish,of 1 rating,$69
BONA,$11.29,1441739437057,"96,906",75% bullish,of 4 ratings,$8.50
BPFH,$12,1441739437192,"128,383",100% bearish,of 1 rating,$14
BAMM,$3.21,1441739437228,"2,696",60% bullish,of 5 ratings,N/A
BNSO,$1.269,1441739437364,"1,563",100% bearish,of 1 rating,N/A
BDBD,$8.33,1441739437423,"183,844",60% bullish,of 5 ratings,$10
BPFHP,$25.35,1441739437455,"3,900",100% bearish,of 1 rating,N/A
BPFHW,NULL,1441739437475,0,100% bearish,of 1 rating,N/A
BCLI,$3.19,1441739437496,"44,661",80% bullish,of 5 ratings,$12
EPAY,$26.59,1441739437551,"56,097",100% bearish,of 2 ratings,$30
BBEP,$2.78,1441739437629,"971,012",69% bullish,of 13 ratings,$5.625
BRID,$8.44,1441739437971,200,100% bearish,of 1 rating,N/A
BBEPP,$14.8001,1441739438001,"19,757",50% bullish,of 2 ratings,N/A
BDGE,$26.89,1441739438022,"11,194",Not yet rated,NULL,$31.75
BBRG,$12.48,1441739438051,"27,604",67% bullish,of 3 ratings,$14.50
BLIN,$1.61,1441739438102,"43,937",50% bullish,of 2 ratings,$2.20
BRCM,$52.41,1441739438270,"774,064",69% bullish,of 13 ratings,$56
BCOV,$5.17,1441739438314,"21,013",67% bullish,of 3 ratings,$10.20
BVSN,$6.02,1441739438371,"1,715",60% bearish,of 5 ratings,N/A
BYFC,$1.43,1441739438395,200,50% bullish,of 2 ratings,N/A
BWEN,$3.237,1441739438444,"21,250",75% bullish,of 4 ratings,$8
BSFT,$32.92,1441739438551,"71,781",57% bullish,of 7 ratings,$40.50
BRCD,$10.34,1441739438628,"1,113,694",92% bullish,of 13 ratings,$12
BRKL,$10.545,1441739438698,"78,552",100% bearish,of 1 rating,$12
BRKS,$10.46,1441739438786,"31,868",67% bullish,of 3 ratings,$15.25
BMTC,$29.93,1441739438813,"99,230",Not yet rated,NULL,$34
BRKR,$18.055,1441739438857,"130,121",100% bearish,of 2 ratings,$22
BLMT,$21.21,1441739439103,"5,900",Not yet rated,NULL,N/A
BSQR,$6.225,1441739439129,"28,506",67% bullish,of 3 ratings,N/A
BLDR,$15.715,1441739439163,"638,683",67% bullish,of 3 ratings,$22
BUR,$1.8001,1441739439190,"7,126",100% bearish,of 1 rating,$8
CFFI,$35.7,1441739439340,100,100% bearish,of 1 rating,N/A
BWLD,$200.96,1441739439434,"127,857",82% bullish,of 11 ratings,$205
CA,$27.9801,1441739439493,"1,217,861",50% bullish,of 4 ratings,$33
CHRW,$68.93,1441739439564,"362,402",Not yet rated,NULL,$72
CCMP,$42.88,1441739439590,"35,413",50% bullish,of 2 ratings,$59
CDNS,$20.865,1441739439611,"696,846",75% bullish,of 4 ratings,$22.50
CDZI,$7.92,1441739439759,"21,341",100% bearish,of 1 rating,N/A
CACQ,$7.29,1441739439842,"116,362",100% bearish,of 1 rating,$12.25
CLBS,$1.81,1441739440023,"74,232",79% bullish,of 14 ratings,$4
CSTE,$39.96,1441739440049,"166,296",50% bullish,of 2 ratings,$65
CHY,$10.9901,1441739440092,"247,854",Not yet rated,NULL,N/A
CZR,$9.61,1441739440227,"475,772",60% bearish,of 5 ratings,$10.50
CHI,$10.3153,1441739440258,"179,969",100% bearish,of 1 rating,N/A
CLMS,$10,1441739440292,"33,576",Not yet rated,NULL,$10.50
PRSS,$4.26,1441739440363,"37,102",80% bullish,of 5 ratings,$4.50
CCD,$19.39,1441739440423,"77,086",Not yet rated,NULL,N/A
CFGE,$10.52,1441739440449,12,Not yet rated,NULL,N/A
CHW,$7.44,1441739440530,"193,101",100% bearish,of 1 rating,N/A
CSQ,$9.7101,1441739440637,"260,632",Not yet rated,NULL,N/A
CFNB,NULL,1441739440837,0,100% bearish,of 1 rating,N/A
CAMP,$16.2175,1441739440862,"131,288",88% bullish,of 8 ratings,$25
CGO,$12.01,1441739440995,"10,945",100% bearish,of 1 rating,N/A
CALD,$16.91,1441739441055,"288,217",100% bearish,of 1 rating,$21
CALA,$6.42,1441739441081,"246,476",67% bullish,of 3 ratings,$19.50
CVGW,$49.8,1441739441102,"60,838",50% bullish,of 2 ratings,$58
CLMT,$25.6701,1441739441236,"96,654",75% bullish,of 8 ratings,$31
CALM,$55.48,1441739441270,"258,571",80% bullish,of 5 ratings,$63.50
CAMB,$10.1,1441739441370,"18,450",Not yet rated,NULL,N/A
ABCD,$5.14,1441739441403,"60,122",83% bullish,of 6 ratings,N/A
CAMBU,NULL,1441739441497,0,100% bearish,of 1 rating,N/A
CAMBW,$0.26,1441739441583,"178,845",Not yet rated,NULL,N/A
CAC,$40.3,1441739441608,"2,001",Not yet rated,NULL,N/A
CAMT,$2.68,1441739441746,"25,065",73% bullish,of 11 ratings,$4
CSIQ,$18.73,1441739441810,"737,069",86% bullish,of 28 ratings,$42.50
CGIX,$10.19,1441739441986,"20,940",67% bullish,of 3 ratings,$14.375
CPHC,$10.47,1441739442012,110,100% bearish,of 1 rating,N/A
CBNJ,$11.28,1441739442038,"69,680",100% bearish,of 1 rating,N/A
CBF,$31.05,1441739442171,"29,434",Not yet rated,NULL,$32
CPLA,$49.775,1441739442196,"40,808",67% bearish,of 3 ratings,$65
CPLP,$6.89,1441739442223,"120,106",71% bullish,of 7 ratings,$11
CFFN,$11.935,1441739442411,"159,981",Not yet rated,NULL,$12.75
CCBG,$15.09,1441739442440,"4,769",Not yet rated,NULL,$17.25
CAPN,$2.53,1441739442460,"4,110,749",100% bullish,of 1 rating,$10.85
CSWC,$44.88,1441739442491,"10,585",Not yet rated,NULL,N/A
CPTA,$14.27,1441739442750,"39,828",100% bearish,of 1 rating,$18.25
CAPNW,$0.8,1441739442786,"16,621",Not yet rated,NULL,N/A
CAPR,$4.28,1441739442880,"8,975",Not yet rated,NULL,$12
CBYL,$5.505,1441739442905,"9,034",100% bearish,of 1 rating,$20
CRDC,$0.3349,1441739443036,"86,189",100% bullish,of 1 rating,$1.25
CARA,$19.3,1441739443119,"96,093",50% bullish,of 4 ratings,$25
CARB,$11.09,1441739443200,"18,832",75% bullish,of 4 ratings,$12
CPST,$0.3921,1441739443257,"281,573",95% bullish,of 22 ratings,$1.25
CFNL,$22.5234,1441739443362,"29,195",Not yet rated,NULL,$24
CATM,$33.9375,1441739443389,"71,722",100% bearish,of 1 rating,$44
CRME,$9.5,1441739443427,"3,300",89% bullish,of 9 ratings,$11.25
CSII,$23.17,1441739443464,"143,187",100% bearish,of 2 ratings,$42.125
CTRE,$10.99,1441739443620,"86,241",50% bullish,of 2 ratings,$13.50
CECO,$3.95,1441739443777,"279,371",67% bearish,of 3 ratings,$6
CKEC,$22.82,1441739443802,"93,491",50% bullish,of 2 ratings,$35.915
CDNA,$7.07,1441739443833,"4,539",100% bearish,of 1 rating,$9
CARO,$15.2499,1441739443858,"1,400",100% bearish,of 1 rating,$19
CLBH,$12.5726,1441739444005,"4,993",Not yet rated,NULL,$16.50
CART,$5.3501,1441739444032,570,100% bearish,of 1 rating,N/A
CRZO,$36.81,1441739444060,"645,789",67% bearish,of 3 ratings,$54.50
TAST,$12.9,1441739444113,"103,475",Not yet rated,NULL,$14.25
CRTN,NULL,1441739444246,0,100% bearish,of 1 rating,N/A
CASM,$1.16,1441739444423,"7,937",100% bullish,of 1 rating,$3.50
CARV,$6.75,1441739444455,"9,416",50% bullish,of 2 ratings,N/A
CACB,$5.36,1441739444524,"22,647",Not yet rated,NULL,$5.50
CWST,$6.64,1441739444656,"120,973",50% bullish,of 2 ratings,$7.25
CASI,$1.235,1441739444681,"28,540",100% bullish,of 1 rating,$3.50
CSCD,$15.77,1441739444712,"21,871",100% bullish,of 2 ratings,$17
CASY,$108.16,1441739444733,"110,534",50% bullish,of 2 ratings,$99.50
CATB,$11.04,1441739444862,"23,793",100% bearish,of 1 rating,$28
CASS,$48.96,1441739444887,"6,333",100% bearish,of 1 rating,N/A
CPRX,$3.94,1441739444957,"164,753",71% bullish,of 7 ratings,$7
CATY,$29.7399,1441739445044,"233,151",100% bearish,of 1 rating,$33.50
CVCO,$71.4,1441739445088,"8,317",100% bearish,of 1 rating,N/A
CATYW,NULL,1441739445114,0,100% bearish,of 1 rating,N/A
CAVM,$72.1,1441739445194,"210,607",67% bearish,of 3 ratings,$72
CBFV,$20.47,1441739445428,"2,539",Not yet rated,NULL,$25
CNLMR,NULL,1441739445610,0,Not yet rated,NULL,N/A
CNLM,$9.99,1441739445635,"6,700",Not yet rated,NULL,N/A
CNLMU,NULL,1441739445698,0,100% bullish,of 1 rating,N/A
CDK,$49.62,1441739445727,"101,318",67% bearish,of 3 ratings,$50
CBOE,$64.54,1441739445830,"162,833",Not yet rated,NULL,$63
CDW,$40.26,1441739445906,"571,991",75% bullish,of 4 ratings,$44
CNLMW,$0.3,1441739445964,"1,000",Not yet rated,NULL,N/A
CPXX,$2.5,1441739446009,"259,448",100% bullish,of 2 ratings,$7
CELG,$122.08,1441739446040,"1,795,993",92% bullish,of 13 ratings,$156
CECE,$8.78,1441739446071,"148,848",50% bullish,of 2 ratings,$16
CLDN,$1.255,1441739446102,"164,131",63% bullish,of 8 ratings,$3
CELGZ,$1.71,1441739446187,"3,851",80% bullish,of 5 ratings,N/A
CLDX,$14.635,1441739446241,"262,723",89% bullish,of 9 ratings,$36
CLRB,$3.09,1441739446332,"2,140",100% bearish,of 1 rating,N/A
CLRBW,NULL,1441739446429,0,Not yet rated,NULL,N/A
CLLS,$32.1,1441739446563,"37,798",75% bullish,of 4 ratings,$51.50
CLTX,$1.95,1441739446592,"58,186",100% bullish,of 2 ratings,N/A
CBMG,$23.52,1441739446631,"33,157",50% bullish,of 2 ratings,N/A
CYAD,$44.55,1441739446731,"1,527",100% bullish,of 1 rating,$87.50
CLSN,$2.195,1441739446756,"110,635",80% bullish,of 10 ratings,$7.50
CEMP,$35.802,1441739446885,"453,004",71% bullish,of 7 ratings,$52
CETX,$2.5499,1441739446948,"7,768",Not yet rated,NULL,$5.60
CFBK,$1.3401,1441739446980,"2,825",Not yet rated,NULL,N/A
CENTA,$15.12,1441739447031,"154,830",Not yet rated,NULL,N/A
CENT,$14.71,1441739447079,"256,766",Not yet rated,NULL,$10
CETV,$2.1,1441739447104,"14,082",67% bullish,of 3 ratings,$2.80
CSFL,$14.195,1441739447135,"39,706",Not yet rated,NULL,$15
CVCY,$11.75,1441739447280,400,Not yet rated,NULL,$12
CNBKA,$39.826,1441739447454,"1,100",50% bullish,of 2 ratings,N/A
CRNT,$1.38,1441739447581,"153,958",50% bullish,of 2 ratings,$2
CNTY,$5.95,1441739447634,"65,803",80% bullish,of 5 ratings,$7.75
CERE,$1.12,1441739447683,"110,516",88% bullish,of 8 ratings,N/A
CENX,$5.44,1441739447709,"656,645",67% bullish,of 6 ratings,$9
CPHD,$51.09,1441739447786,"263,518",67% bearish,of 3 ratings,$66
CERU,$4.4135,1441739447882,"18,476",75% bullish,of 4 ratings,$14
KOOL,$0.62,1441739447920,"10,646",100% bullish,of 5 ratings,$7
CEVA,$19.35,1441739448026,"15,584",100% bearish,of 1 rating,$25
CERN,$62.845,1441739448158,"675,718",67% bullish,of 3 ratings,$79
HOTR,$1.39,1441739448319,"133,197",100% bullish,of 2 ratings,$5
HOTRW,$0.15,1441739448354,"9,000",Not yet rated,NULL,N/A
CERS,$5.2441,1441739448375,"322,004",75% bullish,of 4 ratings,$7
CYOU,$18.76,1441739448404,"81,099",50% bullish,of 6 ratings,$24
CTHR,$1.2448,1441739448451,"3,662",50% bullish,of 2 ratings,$2.50
GTLS,$23.13,1441739448580,"93,313",50% bullish,of 4 ratings,$40
CHFN,$12.24,1441739448752,"6,181",Not yet rated,NULL,$14
CHTR,$185.82,1441739448795,"349,075",67% bearish,of 3 ratings,$202
CHEKW,NULL,1441739448823,0,Not yet rated,NULL,N/A
CHKP,$78.1,1441739448844,"427,874",50% bullish,of 4 ratings,$92
CEMI,$4.21,1441739448875,"1,465",50% bullish,of 2 ratings,$7.50
CHFC,$30.89,1441739449063,"101,001",100% bearish,of 1 rating,$36
CHEK,$2.6,1441739449130,"6,050",Not yet rated,NULL,$7.75
CCXI,$6.35,1441739449168,"40,529",67% bullish,of 3 ratings,$14
CHMG,$26.417,1441739449197,776,Not yet rated,NULL,$30
CHEV,$14.5,1441739449261,"12,211",Not yet rated,NULL,N/A
CHKE,$25.28,1441739449287,"4,055",100% bearish,of 1 rating,$32.50
CHMA,$28.6075,1441739449312,"71,467",Not yet rated,NULL,$40
CMRX,$51.62,1441739449599,"84,934",50% bullish,of 2 ratings,$57
CBNK,$16.3,1441739449627,"2,900",100% bearish,of 1 rating,N/A
CADC,NULL,1441739449648,0,78% bullish,of 9 ratings,N/A
CAAS,$5.98,1441739449779,"12,138",93% bullish,of 14 ratings,$11.50
CALI,$0.82,1441739449807,6,67% bullish,of 3 ratings,N/A
PLCE,$58.96,1441739449828,"105,114",100% bearish,of 1 rating,$69
CBAK,$2.11,1441739449982,"34,644",67% bullish,of 9 ratings,N/A
CBPO,$98.53,1441739450007,"67,501",75% bullish,of 8 ratings,$140.50
CCCL,$0.8837,1441739450034,"16,253",100% bullish,of 6 ratings,N/A
CHOP,$1.1233,1441739450171,"1,623",50% bullish,of 2 ratings,N/A
CCCR,$0.69,1441739450234,500,67% bearish,of 3 ratings,N/A
JRJC,$3.57,1441739450318,"40,550",82% bullish,of 11 ratings,N/A
HGSH,$1.94,1441739450345,"7,230",67% bullish,of 3 ratings,N/A
CHLN,$1.71,1441739450654,"7,807",67% bullish,of 3 ratings,N/A
CNIT,$1.24,1441739450679,"181,136",67% bullish,of 6 ratings,N/A
CJJD,$1.86,1441739450712,"4,560",100% bullish,of 1 rating,N/A
HTHT,$25.82,1441739450815,"41,779",50% bullish,of 2 ratings,$28.40
CREG,$0.6364,1441739450845,"7,850",100% bullish,of 3 ratings,N/A
CHNR,$1.51,1441739450920,"2,403",100% bearish,of 1 rating,N/A
CNTF,$0.8,1441739450949,"15,189",Not yet rated,NULL,N/A
CSUN,$1.34,1441739450979,"11,861",80% bullish,of 5 ratings,N/A
CXDC,$6.19,1441739451078,"21,577",67% bearish,of 3 ratings,N/A
CPGI,NULL,1441739451110,0,Not yet rated,NULL,N/A
CNYD,$3.12,1441739451214,"7,000",67% bullish,of 3 ratings,N/A
CCIH,$7.86,1441739451242,"83,561",67% bullish,of 6 ratings,$12.65
IMOS,$19.47,1441739451426,"182,148",60% bullish,of 5 ratings,$21.50
CNET,$0.8425,1441739451565,"4,548",50% bullish,of 2 ratings,N/A
CHSCM,$26.281,1441739451591,"19,568",Not yet rated,NULL,N/A
CHSCL,$27.242,1441739451643,"22,372",Not yet rated,NULL,N/A
CHSCO,$28.5,1441739451736,"5,475",Not yet rated,NULL,N/A
CHDN,$138.195,1441739451773,"23,697",Not yet rated,NULL,$165
CHSCN,$26.99,1441739451802,"4,358",Not yet rated,NULL,N/A
CHSCP,$30.29,1441739451823,"16,731",Not yet rated,NULL,N/A
CIFC,$7.42,1441739452059,"4,230",100% bearish,of 1 rating,N/A
CHUY,$31.685,1441739452221,"50,720",50% bullish,of 2 ratings,$34
CMPR,$72.98,1441739452272,"94,038",50% bullish,of 2 ratings,$72.50
CINF,$53.145,1441739452299,"239,513",50% bullish,of 4 ratings,$50.50
CDTX,$15,1441739452328,"13,625",Not yet rated,NULL,$22
CMCT,$18.55,1441739452371,"18,240",100% bearish,of 1 rating,N/A
CIDM,$0.57,1441739452429,"29,577",50% bullish,of 2 ratings,$2.10
CTAS,$86.12,1441739452455,"158,283",100% bearish,of 1 rating,$91
CPHR,$5.03,1441739452635,"2,600",100% bearish,of 1 rating,$17
CSCO,$26.25,1441739452696,"7,622,197",83% bullish,of 210 ratings,$32
CRUS,$30.78,1441739452827,"349,278",75% bullish,of 12 ratings,$44.50
CTRN,$25.43,1441739452995,"33,674",100% bearish,of 1 rating,$31.50
CIZN,$19.5999,1441739453022,100,Not yet rated,NULL,N/A
CTXS,$69.44,1441739453053,"620,704",86% bullish,of 7 ratings,$80
CZNC,$19.51,1441739453079,"3,085",Not yet rated,NULL,N/A
CZFC,$12.75,1441739453099,"5,200",Not yet rated,NULL,N/A
CZWI,$8.9,1441739453152,"4,953",Not yet rated,NULL,N/A
CHCO,$47.66,1441739453258,"17,880",Not yet rated,NULL,$46
CIVB,$10.04,1441739453405,519,Not yet rated,NULL,$11
CDTI,$1.62,1441739453512,"23,516",75% bullish,of 4 ratings,$3.20
CLNT,$1.535,1441739453536,397,75% bullish,of 8 ratings,N/A
CLNE,$4.99,1441739453716,"439,880",80% bullish,of 15 ratings,$9
CLRO,$11.46,1441739453787,"3,560",50% bullish,of 2 ratings,$14.25
CLFD,$17.2,1441739453815,"14,360",67% bullish,of 3 ratings,$18
CIVBP,NULL,1441739453891,0,Not yet rated,NULL,N/A
CLIR,$5.15,1441739453919,"51,474",100% bullish,of 3 ratings,N/A
CBLI,$4.33,1441739453978,"22,741",60% bullish,of 5 ratings,N/A
CSBK,$13.845,1441739454025,"32,458",Not yet rated,NULL,N/A
CLVS,$83.97,1441739454084,"227,287",60% bullish,of 5 ratings,$101.50
CMFN,$11.26,1441739454328,"9,980",100% bearish,of 1 rating,$15.50
CCNE,$17.19,1441739454462,"2,169",50% bullish,of 2 ratings,$21.50
CME,$94.411,1441739454488,"392,528",67% bullish,of 3 ratings,$102
CISG,$7.92,1441739454529,"40,457",100% bullish,of 5 ratings,$10
CWAY,$11.19,1441739454559,"3,500",Not yet rated,NULL,N/A
CNV,$4.29,1441739454665,"39,776",50% bullish,of 2 ratings,$7.15
COKE,$165.09,1441739454710,"13,873",79% bullish,of 19 ratings,N/A
COBZ,$13.01,1441739454765,"21,733",100% bullish,of 1 rating,$14
CDXS,$3.58,1441739454998,"10,286",64% bullish,of 11 ratings,$6
CDRB,$9.76,1441739455030,"14,938",67% bullish,of 3 ratings,N/A
CCOI,$27.37,1441739455051,"188,888",50% bullish,of 4 ratings,$35
JVA,$4.84,1441739455088,"12,821",83% bullish,of 6 ratings,$7
CGNT,$1.57,1441739455134,"10,039",100% bullish,of 2 ratings,$2
CGNX,$36.123,1441739455183,"233,173",50% bullish,of 2 ratings,$47
CVLY,NULL,1441739455203,0,Not yet rated,NULL,N/A
CTSH,$63.1,1441739455609,"1,284,101",90% bullish,of 10 ratings,$75
COHR,$56.45,1441739455659,"18,749",50% bullish,of 2 ratings,$72
COHU,$9.58,1441739455707,"57,092",100% bearish,of 1 rating,$14.25
CHRS,$25.65,1441739455752,"126,685",67% bearish,of 3 ratings,$37
CLRX,$0.719,1441739455788,"28,105",50% bullish,of 2 ratings,N/A
CLCT,$17.53,1441739455923,"15,913",100% bearish,of 1 rating,N/A
COLL,$14.74,1441739455949,"70,547",100% bearish,of 1 rating,$26
CIGI,$42.35,1441739455977,"15,193",100% bearish,of 1 rating,$52
CBAN,$8.75,1441739456079,"1,200",Not yet rated,NULL,N/A
CLCD,$6.34,1441739456104,"13,171",100% bearish,of 1 rating,$20.50
COLM,$62.93,1441739456239,"51,245",100% bearish,of 1 rating,$71
COLB,$30.35,1441739456272,"40,809",Not yet rated,NULL,$36
CMCO,$19.03,1441739456305,"28,300",60% bullish,of 5 ratings,$28
CBMX,$1.1,1441739456333,"17,302",83% bullish,of 6 ratings,$3.15
CMCSA,$56.88,1441739456372,"3,840,524",66% bullish,of 35 ratings,$69.50
CMCSK,$57.815,1441739456440,"1,201,759",Not yet rated,NULL,$84
CBSHP,$25.51,1441739456787,"16,312",100% bearish,of 1 rating,N/A
CUBN,$13.25,1441739456834,"4,100",Not yet rated,NULL,N/A
CBSH,$44.68,1441739456864,"145,349",50% bullish,of 2 ratings,$46
COMM,$33.345,1441739456967,"500,087",67% bearish,of 3 ratings,$35
CYHHZ,$0.0111,1441739457006,"19,144",100% bullish,of 1 rating,N/A
CVGI,$4.97,1441739457032,"92,635",50% bullish,of 2 ratings,$6
JCS,$8.72,1441739457098,200,67% bullish,of 3 ratings,N/A
ESXB,$5.06,1441739457172,"2,910",Not yet rated,NULL,N/A
CTBI,$35.25,1441739457241,"6,227",Not yet rated,NULL,$36
CSAL,$20.25,1441739457303,"246,729",75% bullish,of 4 ratings,$30
COB,$10.66,1441739457398,"3,458",100% bullish,of 1 rating,$11.75
CVLT,$35.98,1441739457430,"70,521",75% bullish,of 4 ratings,$44.50
CWBC,NULL,1441739457458,0,Not yet rated,NULL,N/A
CIL,NULL,1441739457651,0,Not yet rated,NULL,N/A
CIZ,$32.8799,1441739457736,220,100% bearish,of 1 rating,N/A
CID,NULL,1441739457779,0,Not yet rated,NULL,N/A
CDC,$34.37,1441739457867,932,Not yet rated,NULL,N/A
CSA,NULL,1441739457963,0,Not yet rated,NULL,N/A
CSF,NULL,1441739457989,0,100% bearish,of 1 rating,N/A
CFO,$35.44,1441739458046,"3,918",100% bearish,of 1 rating,N/A
CPSI,$45.17,1441739458353,"30,221",100% bearish,of 1 rating,$45.50
CGEN,$5.1,1441739458395,"135,356",50% bullish,of 2 ratings,$11
CDL,NULL,1441739458419,0,Not yet rated,NULL,N/A
CSB,NULL,1441739458484,0,Not yet rated,NULL,N/A
CFA,NULL,1441739458551,0,100% bearish,of 1 rating,N/A
CTG,$6.61,1441739458577,"12,687",100% bearish,of 1 rating,$8.50
CHCI,$0.67,1441739458875,"21,741",50% bullish,of 2 ratings,N/A
SCOR,$48,1441739458902,"168,908",100% bearish,of 1 rating,$66
CMTL,$26.36,1441739458923,"16,058",100% bearish,of 2 ratings,$37
CNCE,$16.56,1441739459056,"145,391",75% bullish,of 4 ratings,$22
CNAT,$3.97,1441739459083,"49,955",83% bullish,of 6 ratings,$13
CNSI,$18.65,1441739459104,"63,982",100% bearish,of 2 ratings,$29
CCUR,$5.28,1441739459294,"7,891",75% bullish,of 4 ratings,N/A
CDOR,$1.25,1441739459320,"2,100",100% bullish,of 1 rating,N/A
CDORO,NULL,1441739459383,0,100% bearish,of 1 rating,N/A
CDORP,$6.3,1441739459404,"1,800",100% bearish,of 1 rating,N/A
CXRX,$76.49,1441739459487,"23,094",100% bearish,of 1 rating,$90
CNFR,$10.1782,1441739459559,"9,152",Not yet rated,NULL,N/A
CFMS,$14.5634,1441739459690,"194,244",100% bearish,of 1 rating,$26.50
CNOB,$19.1,1441739459775,"11,363",100% bullish,of 1 rating,$23.50
CTWS,$34.4,1441739459823,"9,144",100% bearish,of 1 rating,$44
CNMD,$52.01,1441739459850,"20,071",Not yet rated,NULL,$59
CNXR,$7,1441739460015,"32,840",100% bearish,of 1 rating,$12
CNSL,$19.92,1441739460046,"57,876",100% bearish,of 1 rating,$23
CONN,$29.8,1441739460071,"380,945",67% bullish,of 3 ratings,$48.50
CWCO,$10.58,1441739460147,"32,000",67% bullish,of 3 ratings,$14.50
CTCT,$25.11,1441739460213,"71,802",67% bullish,of 3 ratings,$37
CPSS,$5.485,1441739460278,"15,014",100% bullish,of 1 rating,$10
CFRX,$5.015,1441739460305,"20,045",Not yet rated,NULL,$14
CTRL,$8.68,1441739460555,"71,741",50% bullish,of 2 ratings,$11
CFRXZ,NULL,1441739460583,0,Not yet rated,NULL,N/A
CTRV,$3.4887,1441739460605,"3,833",Not yet rated,NULL,$6.40
CPRT,$35.27,1441739460638,"127,684",67% bearish,of 3 ratings,$40
CFRXW,NULL,1441739460666,0,100% bearish,of 1 rating,N/A
CORT,$4.99,1441739460768,"145,543",67% bullish,of 3 ratings,$12
CRBP,$1.8375,1441739460800,"51,421",100% bullish,of 2 ratings,$6.25
BVA,$3.8399,1441739461046,"2,717",50% bullish,of 2 ratings,N/A
CORE,$59.84,1441739461072,"21,681",100% bearish,of 1 rating,$72
CORI,$10.95,1441739461100,"22,522",100% bearish,of 1 rating,$18
CRVL,$31.98,1441739461203,"12,097",100% bearish,of 1 rating,N/A
CSOD,$37.84,1441739461228,"130,274",50% bullish,of 2 ratings,$42
COST,$141.03,1441739461394,"509,449",79% bullish,of 24 ratings,$154.50
CSGP,$179.995,1441739461425,"59,592",50% bullish,of 2 ratings,$235
COSI,$1.13,1441739461446,"1,137,393",100% bullish,of 1 rating,N/A
CPAH,$0.4,1441739461530,"1,800",50% bullish,of 2 ratings,N/A
CVTI,$22.8,1441739461636,"70,801",67% bearish,of 3 ratings,$39
ICBK,$19,1441739461660,"2,383",Not yet rated,NULL,$21
COVS,$2.475,1441739461811,"88,414",67% bullish,of 3 ratings,N/A
COWN,$5.075,1441739461874,"443,797",75% bullish,of 4 ratings,$7
COWNL,NULL,1441739462080,0,Not yet rated,NULL,N/A
CRAI,$23.39,1441739462211,"15,213",100% bearish,of 1 rating,$36
CPSH,$2.38,1441739462259,"13,000",Not yet rated,NULL,N/A
CBRL,$149.75,1441739462343,"68,598",50% bullish,of 2 ratings,$155
GLDI,$11.0105,1441739462498,"14,012",100% bearish,of 1 rating,N/A
CRAY,$21.555,1441739462533,"125,039",83% bullish,of 6 ratings,$38.50
BREW,$8.09,1441739462563,"7,066",67% bullish,of 6 ratings,$15
CREE,$26.985,1441739462592,"470,609",65% bullish,of 17 ratings,$29.50
CACC,$202.15,1441739462659,"41,214",50% bullish,of 2 ratings,$158.50
SLVO,$10.1778,1441739462692,"8,503",100% bearish,of 1 rating,N/A
CRESY,$10.1,1441739462760,"14,368",100% bearish,of 1 rating,$19
CRTO,$35.595,1441739462851,"409,423",67% bullish,of 6 ratings,$64
CROX,$13.96,1441739462958,"309,731",63% bullish,of 8 ratings,$16.50
CCRN,$14.44,1441739463060,"108,805",100% bearish,of 1 rating,$14.25
CRWS,$8.1599,1441739463085,"15,909",Not yet rated,NULL,$10
CRDS,$1.21,1441739463141,"44,007",50% bullish,of 4 ratings,$3.375
CRWN,$5.24,1441739463532,"98,096",75% bullish,of 4 ratings,N/A
CYRXW,$0.9101,1441739463772,"8,052",Not yet rated,NULL,N/A
CYRX,$3,1441739463832,"41,124",Not yet rated,NULL,$9
CSGS,$30.01,1441739463871,"42,505",Not yet rated,NULL,$40
CTCM,$1.71,1441739463964,"110,689",80% bearish,of 5 ratings,$3.90
CSPI,$5.7879,1441739464106,500,67% bullish,of 3 ratings,N/A
CCLP,$13.76,1441739464177,"39,444",67% bearish,of 3 ratings,$20
CUNB,$22.1,1441739464372,"21,190",Not yet rated,NULL,$24.50
CTIB,$3.7201,1441739464400,200,100% bearish,of 1 rating,N/A
CTIC,$1.56,1441739464431,"321,454",84% bullish,of 76 ratings,$5.75
CTRP,$63.555,1441739464464,"1,112,449",75% bullish,of 8 ratings,$92.50
CUI,$5.33,1441739464535,"9,050",50% bullish,of 2 ratings,$10
CMLS,$1.305,1441739464560,"120,939",50% bullish,of 4 ratings,$6
CPIX,$6,1441739464586,"6,086",Not yet rated,NULL,N/A
CVBF,$16.58,1441739464829,"225,173",Not yet rated,NULL,$18
CUTR,$15.12,1441739464854,"14,631",67% bearish,of 3 ratings,$18
CRIS,$2.58,1441739464921,"87,153",100% bullish,of 8 ratings,$6
CYAN,$6.1444,1441739465144,"3,217",100% bearish,of 1 rating,N/A
CVV,$11.51,1441739465172,"16,609",100% bullish,of 5 ratings,N/A
CYBR,$48.0685,1441739465228,"726,945",75% bullish,of 8 ratings,$68.50
CYBX,$67.19,1441739465275,"235,462",50% bullish,of 4 ratings,$71.50
CYBE,$6.78,1441739465421,"3,287",100% bearish,of 1 rating,N/A
CYCCP,$5.5,1441739465455,564,100% bearish,of 1 rating,N/A
CBAY,$3.0101,1441739465482,"564,482",100% bullish,of 2 ratings,$4
CYCC,$0.59,1441739465558,"79,632",73% bullish,of 11 ratings,N/A
CYNO,$34.04,1441739465592,"94,427",67% bearish,of 3 ratings,$45.50
CY,$10.3601,1441739465691,"1,374,280",80% bullish,of 10 ratings,$15.50
CYNA,$16.05,1441739465718,"3,904",50% bullish,of 2 ratings,$31.50
CONE,$32.5,1441739465859,"153,908",67% bearish,of 3 ratings,$35.50
CYTX,$0.3921,1441739466090,"1,981,641",83% bullish,of 12 ratings,$5.50
CYTK,$7.34,1441739466115,"219,243",71% bullish,of 14 ratings,$13.50
CYRN,$1.79,1441739466196,"9,381",67% bullish,of 3 ratings,$4
CTSO,$7.39,1441739466260,"25,112",Not yet rated,NULL,$15.625
TVIZ,$22.93,1441739466289,"1,107",100% bearish,of 1 rating,N/A
TVIX,$14.43,1441739466323,"7,416,755",81% bullish,of 16 ratings,N/A
CYTR,$2.61,1441739466351,"402,715",67% bullish,of 6 ratings,$10
DAEG,$0.35,1441739466390,"3,200",100% bearish,of 1 rating,N/A
ZIV,$36.14,1441739466519,"61,711",Not yet rated,NULL,N/A
DARA,$0.8479,1441739466698,"9,280",83% bullish,of 6 ratings,$1.50
XIV,$24.4301,1441739466775,"11,557,424",75% bearish,of 4 ratings,N/A
DAKT,$8.55,1441739466801,"76,955",50% bullish,of 2 ratings,$12
DJCO,$197.51,1441739466851,"1,300",Not yet rated,NULL,N/A
DAIO,$2.53,1441739466880,"6,405",Not yet rated,NULL,N/A
DRAM,$1.3,1441739466986,"16,916",78% bullish,of 9 ratings,N/A
DTLK,$5.65,1441739467013,"58,394",100% bearish,of 1 rating,$9
PLAY,$38,1441739467238,"320,922",100% bullish,of 5 ratings,$42
DWCH,$4.84,1441739467265,"26,562",75% bullish,of 4 ratings,$8.25
DTEA,$13.48,1441739467307,"109,934",100% bearish,of 2 ratings,$24
TRAK,$62.81,1441739467336,"162,375",50% bullish,of 2 ratings,$62.50
DBVT,$37.6,1441739467361,"41,716",100% bearish,of 1 rating,$53
DFRG,$13.81,1441739467517,"193,482",100% bearish,of 1 rating,$20
DWSN,$4.36,1441739467543,"5,266",67% bullish,of 3 ratings,N/A
DHRM,$1.6,1441739467622,"2,200",Not yet rated,NULL,N/A
TACO,$14.47,1441739467692,"427,474",75% bullish,of 4 ratings,$20
TACOW,$5.16,1441739467883,"41,125",100% bullish,of 1 rating,N/A
DGAS,$20.33,1441739467947,"2,485",67% bearish,of 3 ratings,N/A
DELTW,$0.17,1441739467974,"2,200",Not yet rated,NULL,N/A
DCTH,$0.515,1441739468012,"617,472",78% bullish,of 9 ratings,N/A
DEPO,$27.3,1441739468102,"632,851",60% bullish,of 5 ratings,$29
XRAY,$52.33,1441739468256,"174,578",100% bullish,of 1 rating,$58
DENN,$11.47,1441739468333,"98,817",100% bullish,of 3 ratings,$15
DELT,$2.4,1441739468390,"4,690",Not yet rated,NULL,N/A
DSCI,$6.285,1441739468419,"27,845",50% bullish,of 2 ratings,$16
DERM,$26.97,1441739468460,"34,359",100% bearish,of 1 rating,$33.50
DEST,$10.28,1441739468485,"33,364",50% bullish,of 2 ratings,N/A
DXLG,$6.51,1441739468546,"54,552",100% bearish,of 1 rating,$8
DSWL,$1.52,1441739468798,"6,773",100% bullish,of 1 rating,N/A
DXM,$0.43,1441739468840,"1,369,113",50% bullish,of 2 ratings,N/A
DXCM,$91.19,1441739468970,"186,970",57% bullish,of 7 ratings,$98
DMND,$30.91,1441739469279,"44,454",75% bullish,of 12 ratings,$32
DHXM,$6.37,1441739469312,"3,200",100% bearish,of 1 rating,N/A
DRNA,$11.22,1441739469482,"66,169",67% bearish,of 3 ratings,$25
FANG,$67.24,1441739469507,"314,632",50% bullish,of 2 ratings,$86
DHIL,$192.7,1441739469566,"1,553",100% bearish,of 1 rating,N/A
DGII,$10.385,1441739469648,"37,184",100% bearish,of 1 rating,$11
DCIX,$1.5699,1441739469723,"35,816",50% bullish,of 4 ratings,$3.50
DMRC,$38.98,1441739469774,"36,105",100% bearish,of 1 rating,$44
DGLY,$7.21,1441739469805,"56,544",50% bullish,of 6 ratings,$20
DRAD,$3.86,1441739469830,"9,183",100% bullish,of 1 rating,$5.25
DCOM,$16.83,1441739469904,"31,861",100% bearish,of 2 ratings,$16
APPS,$2.1,1441739469963,"97,484",100% bearish,of 1 rating,$10.25
DIOD,$23.02,1441739470119,"147,410",75% bearish,of 4 ratings,$28
DISCB,$27.35,1441739470248,200,100% bearish,of 1 rating,$35
DPRX,$14.3,1441739470274,"12,859",100% bullish,of 2 ratings,$27.75
DISCA,$27.1956,1441739470337,"1,278,059",67% bullish,of 3 ratings,$34
DISCK,$25.69,1441739470444,"698,481",100% bearish,of 1 rating,$32
DVCR,$10.69,1441739470575,"3,194",100% bullish,of 1 rating,N/A
DISH,$60.36,1441739470636,"329,845",69% bullish,of 13 ratings,$73
DSCO,$0.4251,1441739470718,"61,727",83% bullish,of 6 ratings,$2.75
BAGR,$2.7586,1441739470773,"10,050",100% bearish,of 1 rating,$6
DNBF,$26.22,1441739470798,700,Not yet rated,NULL,$27.50
DLHC,NULL,1441739470825,0,100% bearish,of 1 rating,N/A
DLTR,$68.38,1441739470874,"1,610,235",82% bullish,of 11 ratings,$85
DGICA,$13.75,1441739470960,"25,830",100% bearish,of 1 rating,$17
DMLP,$15.21,1441739471140,"24,265",100% bearish,of 1 rating,N/A
DORM,$50.33,1441739471310,"58,919",100% bearish,of 1 rating,$56
DGICB,NULL,1441739471368,0,100% bearish,of 1 rating,N/A
DRWIW,$0.0399,1441739471437,"16,500",Not yet rated,NULL,N/A
DWA,$21.11,1441739471467,"157,797",63% bullish,of 8 ratings,$26
DRWI,$0.18,1441739471488,"478,013",60% bullish,of 5 ratings,$.45
HILL,$9.68,1441739471524,"587,713",60% bearish,of 5 ratings,$9.75
DRYS,$0.453,1441739471566,"1,291,915",77% bullish,of 31 ratings,$.60
DSPG,$9,1441739471615,"8,432",100% bearish,of 1 rating,$13.50
DSKX,$3.396,1441739471821,"43,320",100% bullish,of 1 rating,N/A
CADT,$10,1441739471902,100,Not yet rated,NULL,N/A
CADTW,NULL,1441739471927,0,Not yet rated,NULL,N/A
CADTR,NULL,1441739471948,0,Not yet rated,NULL,N/A
DTSI,$26.9901,1441739472158,"46,785",100% bearish,of 2 ratings,$39.50
CADTU,$10.26,1441739472241,201,Not yet rated,NULL,N/A
DXPE,$30.42,1441739472386,"53,380",50% bullish,of 2 ratings,N/A
DRRX,$2.2,1441739472416,"65,641",50% bullish,of 6 ratings,$3
DNKN,$49.26,1441739472437,"235,055",67% bullish,of 15 ratings,$56.50
DYAX,$22.66,1441739472467,"211,341",89% bullish,of 9 ratings,$30
BOOM,$9.96,1441739472515,"63,735",67% bullish,of 3 ratings,$12
ETFC,$27.29,1441739472771,"2,506,505",57% bullish,of 14 ratings,$32.50
DYNT,$3.12,1441739472822,300,75% bullish,of 4 ratings,N/A
DYSL,$1.54,1441739472903,"12,963",100% bullish,of 2 ratings,N/A
DVAX,$29.74,1441739473035,"82,719",70% bullish,of 10 ratings,$40
EBMT,$11.48,1441739473129,"4,613",Not yet rated,NULL,$13.50
EGBN,$42.22,1441739473286,"42,997",Not yet rated,NULL,$48
EGLE,$6.69,1441739473376,"6,988",60% bullish,of 5 ratings,N/A
EACQU,$10.18,1441739473505,"14,076",Not yet rated,NULL,N/A
EBAY,$26.34,1441739473534,"6,046,783",81% bullish,of 117 ratings,$33
EGRX,$83.5,1441739473561,"152,906",67% bullish,of 3 ratings,$97
EROC,$1.4859,1441739473640,"58,641",50% bullish,of 2 ratings,$3
EWBC,$39.84,1441739473693,"303,876",100% bearish,of 1 rating,$50
ELNK,$8.63,1441739473718,"144,140",60% bullish,of 5 ratings,$9.50
EML,$16.06,1441739473851,"1,020",Not yet rated,NULL,N/A
EVBS,$6.75,1441739473878,"17,471",Not yet rated,NULL,$7
EBIX,$28.38,1441739473932,"67,514",69% bullish,of 13 ratings,$40
ELON,$0.58,1441739473959,"55,983",50% bullish,of 2 ratings,N/A
ECHO,$23.485,1441739474210,"154,556",67% bearish,of 3 ratings,$34.50
ECTE,$1.46,1441739474283,"1,200",75% bullish,of 4 ratings,N/A
EDAP,$3.59,1441739474355,"18,796",60% bullish,of 5 ratings,$4.50
ECACU,$10.1,1441739474416,"90,590",Not yet rated,NULL,N/A
EEI,$11.91,1441739474441,"2,254",67% bearish,of 3 ratings,N/A
SATS,$43.97,1441739474491,"25,293",50% bullish,of 2 ratings,$60
ESES,$3.44,1441739474516,"3,111",100% bearish,of 1 rating,$7
EDUC,$7.05,1441739474655,"26,825",100% bearish,of 1 rating,N/A
EDGW,$7.16,1441739474800,"1,075",100% bearish,of 1 rating,N/A
EHTH,$14.34,1441739474829,"56,457",50% bullish,of 4 ratings,$17
EGAN,$3.955,1441739474931,"15,693",50% bullish,of 2 ratings,$6.25
LOCO,$12.526,1441739474964,"269,273",69% bullish,of 13 ratings,$19.50
EFUT,$4.6,1441739474990,"1,259",Not yet rated,NULL,N/A
EGLT,$13.38,1441739475066,"40,040",50% bullish,of 2 ratings,$21
EMITF,$1.27,1441739475227,"63,902",75% bullish,of 4 ratings,N/A
ESLT,$79.05,1441739475325,"4,070",67% bullish,of 3 ratings,N/A
ESIO,$4.68,1441739475409,"29,203",50% bullish,of 2 ratings,$10
ELRC,$10.5,1441739475502,"14,602",100% bearish,of 1 rating,N/A
ERI,$9.38,1441739475637,"43,572",100% bearish,of 1 rating,$10
EFII,$44.09,1441739475798,"53,968",80% bullish,of 5 ratings,$55
EA,$68.36,1441739475829,"1,271,151",78% bullish,of 36 ratings,$80
ELSE,$4,1441739475932,700,60% bullish,of 5 ratings,N/A
EBIO,$3.35,1441739475971,"90,919",100% bearish,of 2 ratings,$8.35
ELECW,NULL,1441739476059,0,Not yet rated,NULL,N/A
ELEC,NULL,1441739476085,0,Not yet rated,NULL,N/A
ELECU,$10.05,1441739476147,"4,200",Not yet rated,NULL,N/A
RDEN,$11.38,1441739476215,"29,365",100% bearish,of 4 ratings,$15
CAPX,NULL,1441739476242,0,Not yet rated,NULL,N/A
ESBK,$19.63,1441739476381,795,Not yet rated,NULL,N/A
LONG,$16.85,1441739476442,"4,700",67% bullish,of 3 ratings,$15.75
ELTK,$1.2806,1441739476585,"17,367",67% bearish,of 3 ratings,N/A
EMCI,$22.39,1441739476659,"8,588",Not yet rated,NULL,N/A
EMMSP,NULL,1441739476807,0,100% bearish,of 1 rating,N/A
EMCF,$22.9,1441739476886,200,100% bearish,of 1 rating,N/A
NYNY,$4.755,1441739476913,"40,596",50% bullish,of 2 ratings,N/A
EMMS,$1.2938,1441739476942,"17,117",67% bullish,of 6 ratings,N/A
EMKR,$6.91,1441739477043,"61,057",75% bullish,of 4 ratings,$8.50
ERS,$3.52,1441739477087,300,Not yet rated,NULL,N/A
ECPG,$37.7,1441739477115,"82,590",100% bullish,of 2 ratings,$52
ENTA,$40.01,1441739477140,"90,403",50% bullish,of 2 ratings,$42
ENDP,$76.15,1441739477330,"518,937",50% bullish,of 6 ratings,$101.50
ELGX,$13.29,1441739477465,"230,422",75% bullish,of 4 ratings,$17
WIRE,$33.57,1441739477492,"45,015",100% bearish,of 1 rating,$37
ECYT,$5.27,1441739477523,"151,134",83% bullish,of 6 ratings,$12
EIGI,$14.8,1441739477548,"118,332",67% bearish,of 3 ratings,$22.50
WATT,$6.83,1441739477620,"26,531",50% bullish,of 2 ratings,$13
EFOI,$28.15,1441739477689,"1,122,843",67% bullish,of 3 ratings,$24.50
ERII,$2.61,1441739477966,"20,689",80% bullish,of 5 ratings,$2.50
ENOC,$9.13,1441739477996,"119,746",75% bullish,of 4 ratings,$18
ENTG,$13.76,1441739478096,"241,860",100% bearish,of 1 rating,$18
ESGR,$149.86,1441739478127,"18,500",100% bearish,of 1 rating,$185
ENG,$1.02,1441739478175,"2,445",100% bullish,of 3 ratings,N/A
ENPH,$4.6,1441739478226,"306,936",75% bullish,of 4 ratings,$10
EXXI,$1.705,1441739478303,"659,550",86% bullish,of 7 ratings,$3.50
ENFC,$17.58,1441739478327,100,Not yet rated,NULL,N/A
ENTL,$22.6,1441739478613,"15,195",Not yet rated,NULL,$28
ETRM,$0.272,1441739478641,"1,024,099",69% bearish,of 35 ratings,$1.625
EBTC,$21.47,1441739478666,"1,540",Not yet rated,NULL,N/A
ENVI,$1.95,1441739478691,"111,469",67% bullish,of 3 ratings,N/A
EFSC,$23.89,1441739478716,"10,717",Not yet rated,NULL,$27
EGT,$1.89,1441739478958,"13,421",100% bullish,of 1 rating,N/A
ENZY,$10.5,1441739478982,"164,669",67% bullish,of 3 ratings,$9.50
ENZN,$1.01,1441739479019,"85,641",100% bullish,of 9 ratings,N/A
EPRS,$5.5,1441739479046,"19,123",82% bullish,of 11 ratings,$15
EQIX,$278.18,1441739479179,"206,427",75% bullish,of 4 ratings,$312.50
EPZM,$19.84,1441739479207,"86,641",60% bullish,of 5 ratings,$34
EPIQ,$12.4,1441739479228,"16,882",100% bearish,of 1 rating,$18
PLUS,$75.57,1441739479256,"15,571",50% bullish,of 2 ratings,$88
EQFN,$8.35,1441739479480,"1,938",100% bearish,of 1 rating,N/A
ERIC,$9.795,1441739479589,"924,841",67% bullish,of 9 ratings,$12.20
ESCRP,$1.38,1441739479627,"59,216",100% bearish,of 1 rating,N/A
ESCA,$18.26,1441739479693,"3,404",100% bearish,of 1 rating,$22
EAC,$3.47,1441739479718,"6,396",100% bearish,of 1 rating,$8
ESMC,$1.282,1441739479746,"1,200",Not yet rated,NULL,N/A
ERIE,$81.12,1441739479774,"9,288",Not yet rated,NULL,$73
ESCR,$0.36,1441739479798,"551,494",50% bullish,of 2 ratings,N/A
ESSA,$12.89,1441739480219,"1,800",100% bearish,of 1 rating,N/A
EPIX,$6.07,1441739480256,"1,250",Not yet rated,NULL,N/A
ESPR,$46.48,1441739480281,"174,752",70% bearish,of 10 ratings,$115
ESND,$34,1441739480353,"39,637",100% bearish,of 2 ratings,$40
CLWT,NULL,1441739480384,0,100% bearish,of 1 rating,N/A
ETSY,$14.25,1441739480404,"101,034",80% bullish,of 5 ratings,$16
ESSX,$0.455,1441739480487,"23,659",50% bullish,of 2 ratings,N/A
EEFT,$68.23,1441739480561,"60,792",100% bearish,of 1 rating,$67.50
EVK,NULL,1441739480643,0,75% bearish,of 4 ratings,N/A
EVEP,$8.15,1441739480676,"112,247",50% bullish,of 2 ratings,$14
ESEA,$4.5083,1441739480717,999,100% bullish,of 1 rating,$15
EVOL,$5.46,1441739480774,"18,338",75% bullish,of 4 ratings,$10
EVOK,$3.51,1441739480799,"8,626",100% bearish,of 1 rating,$13.375
EVLV,$2.54,1441739480932,"67,464",60% bullish,of 5 ratings,$4.625
EXA,$10.515,1441739481208,"20,362",100% bearish,of 1 rating,$13
EXAS,$20.91,1441739481359,"511,510",78% bullish,of 9 ratings,$31
EXAC,$19.11,1441739481447,"8,945",100% bearish,of 1 rating,$22.50
EXPE,$114.279,1441739481535,"345,900",64% bullish,of 11 ratings,$130
EXPD,$48.675,1441739481561,"1,079,833",80% bullish,of 5 ratings,$52
EXEL,$5.9,1441739481600,"2,398,215",81% bullish,of 16 ratings,$6
EXFO,$2.9301,1441739481624,"2,975",67% bearish,of 3 ratings,$3.95
EXLS,$37.53,1441739481649,"39,005",50% bullish,of 2 ratings,$41
EXPO,$43.53,1441739481820,"45,805",100% bearish,of 1 rating,$45.50
EXLP,$18.3237,1441739481867,"45,475",100% bearish,of 1 rating,$25
ESRX,$84.35,1441739481904,"1,554,399",67% bearish,of 6 ratings,$101
EYEG,$4.254,1441739482132,"44,013",Not yet rated,NULL,N/A
EYEGW,$1,1441739482159,"2,850",Not yet rated,NULL,N/A
EXTR,$3.155,1441739482198,"378,417",80% bullish,of 5 ratings,$3
EZCH,$23.41,1441739482223,"80,012",75% bullish,of 8 ratings,$19
EZPW,$6.11,1441739482248,"68,750",50% bullish,of 4 ratings,$7
FB,$89.625,1441739482702,"11,499,976",74% bullish,of 1078 ratings,$111
FALC,$1.75,1441739482803,"18,597",63% bearish,of 8 ratings,N/A
FRP,$15.58,1441739482833,"45,136",100% bearish,of 1 rating,$18
FCS,$13.945,1441739482855,"744,778",67% bearish,of 3 ratings,$17
FFKT,$25.75,1441739482932,"2,377",Not yet rated,NULL,$29
FFIV,$121.27,1441739482984,"172,951",63% bullish,of 8 ratings,$132
DAVE,$15.07,1441739483028,"8,379",100% bearish,of 1 rating,$15.50
FWM,$2.27,1441739483115,"92,770",100% bearish,of 2 ratings,$3.20
FARM,$21.815,1441739483159,"11,898",100% bearish,of 1 rating,$35
FMNB,$8.4,1441739483247,"13,723",Not yet rated,NULL,N/A
FARO,$37.57,1441739483291,"36,512",50% bullish,of 2 ratings,$48
FATE,$6.292,1441739483394,"13,173",50% bullish,of 2 ratings,$11
FAST,$38.72,1441739483448,"1,013,719",80% bullish,of 5 ratings,$43
FBSS,NULL,1441739483679,0,Not yet rated,NULL,N/A
FBRC,$22.65,1441739483754,"5,211",100% bearish,of 1 rating,$29
FDML,$8.2575,1441739483822,"121,139",50% bullish,of 4 ratings,$14
FNHC,$21.903,1441739483848,"17,814",100% bearish,of 1 rating,$35
FCSC,$5.94,1441739483888,"63,887",100% bearish,of 1 rating,$8.125
FEIC,$75.99,1441739483914,"91,216",50% bullish,of 2 ratings,$95.50
FHCO,$1.4,1441739483935,"12,532",50% bullish,of 4 ratings,N/A
FENX,$9.7,1441739483986,"53,706",100% bullish,of 1 rating,$14.25
FGEN,$25.925,1441739484206,"389,785",100% bearish,of 1 rating,$39
FRGI,$52.61,1441739484435,"19,792",50% bullish,of 2 ratings,$70
ONEQ,$188.7832,1441739484462,"9,235",100% bullish,of 1 rating,N/A
FDUS,$14.49,1441739484483,"15,095",50% bullish,of 2 ratings,$18
LION,$20.06,1441739484615,"27,292",100% bullish,of 1 rating,$20
FSC,$6.53,1441739484640,"436,303",60% bullish,of 5 ratings,$8
FSAM,$7.69,1441739484676,"23,177",100% bearish,of 1 rating,$10.25
FSFR,$8.82,1441739484832,"42,539",100% bearish,of 1 rating,$11.50
FITB,$19.735,1441739484909,"1,313,254",54% bullish,of 13 ratings,$22
FITBI,$27.5,1441739484934,"64,691",Not yet rated,NULL,N/A
FSCFL,$24.6778,1441739484997,"2,338",Not yet rated,NULL,N/A
FNSR,$15.33,1441739485025,"284,285",71% bullish,of 7 ratings,$24
FNJN,$1.7201,1441739485096,"2,972",100% bearish,of 1 rating,$5
FNGN,$29.87,1441739485156,"125,635",67% bullish,of 3 ratings,$47
FNTC,NULL,1441739485239,0,Not yet rated,NULL,N/A
FISI,$24.64,1441739485485,"5,878",100% bullish,of 2 ratings,$24.50
FNTCW,NULL,1441739485542,0,Not yet rated,NULL,N/A
FNTCU,NULL,1441739485571,0,Not yet rated,NULL,N/A
FBNC,$17.16,1441739485648,"7,801",100% bullish,of 1 rating,$20
FRBA,$6.14,1441739485675,"2,300",Not yet rated,NULL,$8
FEYE,$38.37,1441739485710,"1,658,891",88% bullish,of 16 ratings,$55.50
BUSE,$19.2109,1441739485735,"27,778",Not yet rated,NULL,$6.875
FNLC,$18.85,1441739485938,"2,090",100% bullish,of 1 rating,N/A
FCVA,$4.63,1441739485967,200,Not yet rated,NULL,N/A
FBIZ,$22.99,1441739485989,"16,427",100% bearish,of 2 ratings,$26
FCAP,$26.1,1441739486072,680,Not yet rated,NULL,N/A
FCLF,$9.19,1441739486140,200,Not yet rated,NULL,N/A
FCNCA,$230.95,1441739486250,"1,827",Not yet rated,NULL,N/A
FCFS,$39.36,1441739486318,"13,997",100% bearish,of 3 ratings,$47
FCBC,$17.47,1441739486388,"5,611",Not yet rated,NULL,$18
FCCO,$12.27,1441739486457,696,Not yet rated,NULL,$13.25
FCFP,$6.88,1441739486544,600,Not yet rated,NULL,N/A
FDEF,$37.36,1441739486605,"7,316",Not yet rated,NULL,$38
FFBCW,NULL,1441739486748,0,100% bearish,of 1 rating,N/A
FFNM,$6.2701,1441739486835,"2,000",Not yet rated,NULL,N/A
FFIN,$30.65,1441739486878,"42,929",50% bullish,of 2 ratings,$31.75
FFBC,$18.68,1441739486905,"42,344",67% bearish,of 3 ratings,$20.25
FBNK,$16.91,1441739486981,"31,323",100% bearish,of 1 rating,$17.50
FFWM,$21.96,1441739487052,"37,775",Not yet rated,NULL,$24
FFNW,$12.107,1441739487110,"9,500",Not yet rated,NULL,$14
THFF,$32.76,1441739487136,"13,029",Not yet rated,NULL,$35
FIBK,$26.72,1441739487376,"35,297",Not yet rated,NULL,$32
INBK,$29.34,1441739487401,"12,019",50% bullish,of 2 ratings,$37
FMBH,$22.24,1441739487447,100,Not yet rated,NULL,N/A
FNFG,$9.23,1441739487592,"527,221",80% bullish,of 5 ratings,$9
FRME,$26.34,1441739487644,"37,118",Not yet rated,NULL,$26.50
FNWB,$12.155,1441739487693,"4,748",Not yet rated,NULL,N/A
FMBI,$17.765,1441739487720,"55,794",Not yet rated,NULL,$20
FNBC,$34.665,1441739487744,"32,204",Not yet rated,NULL,$40
FSFG,$30.48,1441739487916,787,Not yet rated,NULL,N/A
FSGI,$2.45,1441739487980,"6,670",Not yet rated,NULL,N/A
FSBK,$7.8,1441739488059,800,100% bullish,of 1 rating,N/A
BICK,$19.2799,1441739488132,420,100% bullish,of 1 rating,N/A
FBZ,NULL,1441739488189,0,Not yet rated,NULL,N/A
FSLR,$48.85,1441739488214,"540,652",72% bullish,of 39 ratings,$65
FCAN,$24.61,1441739488442,351,Not yet rated,NULL,N/A
FCA,$19.77,1441739488477,415,Not yet rated,NULL,N/A
FTCS,$36.32,1441739488506,"8,090",100% bearish,of 1 rating,N/A
FV,$23.448,1441739488578,"884,896",100% bearish,of 1 rating,N/A
IFV,$17.7101,1441739488605,"210,508",100% bearish,of 1 rating,N/A
FEMB,$41.09,1441739488632,"3,600",Not yet rated,NULL,N/A
FEUZ,$30.92,1441739488683,600,Not yet rated,NULL,N/A
FTSM,$59.96,1441739488766,"31,298",100% bearish,of 1 rating,N/A
TDIV,$24.9,1441739488900,"39,120",100% bearish,of 1 rating,N/A
MDIV,$19.025,1441739489062,"90,701",Not yet rated,NULL,N/A
FGM,$36.03,1441739489168,"86,695",Not yet rated,NULL,N/A
FTGC,$22.45,1441739489232,"27,977",Not yet rated,NULL,N/A
FTHI,$19.47,1441739489256,479,Not yet rated,NULL,N/A
HYLS,$49.7431,1441739489519,"22,831",100% bearish,of 1 rating,N/A
SKYY,$28.7217,1441739489569,"26,204",100% bullish,of 1 rating,N/A
FHK,$33.73,1441739489619,"1,800",Not yet rated,NULL,N/A
FPXI,$26.86,1441739489651,200,Not yet rated,NULL,N/A
YDIV,$16.3299,1441739489711,699,Not yet rated,NULL,N/A
CU,$13,1441739489751,"5,528",100% bearish,of 1 rating,N/A
PLTM,$6.18,1441739489793,220,100% bearish,of 1 rating,N/A
FJP,$45.18,1441739489894,"56,508",Not yet rated,NULL,N/A
LMBS,NULL,1441739490054,0,Not yet rated,NULL,N/A
FTLB,$19.3899,1441739490082,362,100% bearish,of 1 rating,N/A
FMB,$51.22,1441739490183,"8,265",Not yet rated,NULL,N/A
QABA,$37.847,1441739490289,"27,350",100% bearish,of 1 rating,N/A
CIBR,$17.65,1441739490373,"24,763",Not yet rated,NULL,N/A
FONE,$35.42,1441739490431,237,Not yet rated,NULL,N/A
QCLN,$15.3999,1441739490600,"10,610",Not yet rated,NULL,N/A
GRID,$31.11,1441739490632,35,100% bearish,of 1 rating,N/A
CARZ,$34.9,1441739490709,"3,475",100% bearish,of 1 rating,N/A
RDVY,$21.0404,1441739490740,"2,690",Not yet rated,NULL,N/A
QQEW,$41.94,1441739490760,"23,349",Not yet rated,NULL,N/A
QQXT,$40.4385,1441739490789,"11,420",Not yet rated,NULL,N/A
QTEC,$40.3101,1441739490820,"5,570",Not yet rated,NULL,N/A
AIRR,$16.56,1441739491007,"1,420",100% bearish,of 1 rating,N/A
QINC,$20,1441739491112,200,Not yet rated,NULL,N/A
FDIV,$47.4,1441739491408,300,100% bearish,of 1 rating,N/A
FTW,$31.2121,1441739491438,167,Not yet rated,NULL,N/A
FKO,NULL,1441739491475,0,Not yet rated,NULL,N/A
FKU,$41.78,1441739491506,"3,697",Not yet rated,NULL,N/A
FMER,$17.69,1441739491537,"210,232",50% bullish,of 2 ratings,$20
FTSL,$48.87,1441739491564,"17,550",100% bearish,of 1 rating,N/A
TUSA,$24.81,1441739491611,748,Not yet rated,NULL,N/A
FSZ,$38.53,1441739491638,"16,618",Not yet rated,NULL,N/A
SVVC,$9.23,1441739491796,"6,350",50% bullish,of 2 ratings,$26
FUNC,$8.07,1441739491831,"2,400",Not yet rated,NULL,N/A
FISV,$86.41,1441739491927,"422,100",100% bearish,of 3 ratings,$90
FSV,$32.17,1441739491948,"5,800",Not yet rated,NULL,$33.60
FPRX,$20.49,1441739492104,"74,876",50% bullish,of 2 ratings,$35
FIVE,$34.27,1441739492130,"649,521",75% bearish,of 4 ratings,$43.50
FIVN,$3.75,1441739492308,"56,064",100% bullish,of 1 rating,$8.50
FLML,$22.82,1441739492339,"116,233",50% bullish,of 2 ratings,$30
SKOR,$50.44,1441739492439,"4,700",Not yet rated,NULL,N/A
FLEX,$10.555,1441739492469,"924,149",63% bullish,of 8 ratings,$12
FLXN,$28.45,1441739492499,"69,001",100% bearish,of 1 rating,$40
FLKS,$12.16,1441739492571,"34,035",50% bullish,of 2 ratings,$27
FLXS,$30.4,1441739492598,"5,920",100% bearish,of 2 ratings,N/A
MBSD,$24.93,1441739492738,"2,400",Not yet rated,NULL,N/A
FLIR,$28.9,1441739492811,"299,778",100% bearish,of 2 ratings,$38.50
FLDM,$11.2,1441739492896,"176,039",67% bearish,of 3 ratings,$15
FFIC,$19.71,1441739492942,"15,149",Not yet rated,NULL,$20.50
FOMX,$9.95,1441739492975,"30,028",50% bullish,of 2 ratings,$23.50
FOGO,$19.01,1441739493121,"28,668",50% bullish,of 2 ratings,$25.50
FONR,$10.73,1441739493292,"27,330",100% bullish,of 1 rating,N/A
FORTY,NULL,1441739493468,0,100% bearish,of 1 rating,N/A
FES,$0.8899,1441739493493,"37,950",50% bullish,of 2 ratings,$1
FORR,$31.18,1441739493541,"15,799",Not yet rated,NULL,N/A
FORM,$6.8,1441739493674,"60,141",67% bullish,of 3 ratings,$10.50
FTNT,$43.245,1441739493699,"482,928",80% bullish,of 10 ratings,$52
FORD,$1.66,1441739493843,"897,237",67% bullish,of 3 ratings,N/A
FWRD,$44.63,1441739493978,"43,615",100% bearish,of 1 rating,$50
FBIO,$2.55,1441739494027,"40,638",83% bullish,of 6 ratings,N/A
FOSL,$61.23,1441739494057,"253,370",60% bearish,of 5 ratings,$80
FWP,$26.75,1441739494082,"33,047",100% bearish,of 1 rating,$45
FMI,$23.44,1441739494156,"50,405",100% bearish,of 2 ratings,$27.50
FXCB,$17.14,1441739494238,735,Not yet rated,NULL,$19
FOXF,$15.235,1441739494366,"10,897",100% bearish,of 1 rating,$19
FELE,$27.815,1441739494407,"96,247",50% bullish,of 4 ratings,$33
FRAN,$12.45,1441739494440,"740,232",50% bullish,of 4 ratings,$15
FREE,$0.3348,1441739494626,"449,557",92% bullish,of 12 ratings,N/A
FRED,$12.78,1441739494652,"60,683",50% bullish,of 2 ratings,$15.50
RAIL,$20.265,1441739494685,"45,947",100% bearish,of 1 rating,$24.50
FEIM,$11.25,1441739494815,"2,600",100% bearish,of 1 rating,N/A
FTR,$5.41,1441739494840,"6,500,853",78% bullish,of 27 ratings,$6.25
FRPT,$12.56,1441739494982,"118,214",67% bearish,of 3 ratings,$23.50
FTRPR,$105.8,1441739495013,"20,820",100% bearish,of 1 rating,N/A
FRPH,$30.5,1441739495115,"5,174",100% bearish,of 1 rating,N/A
FTD,$28.98,1441739495139,"13,427",100% bearish,of 1 rating,$40
FSYS,$6.27,1441739495290,"86,659",67% bullish,of 3 ratings,$8.50
FTEK,$2.02,1441739495385,"12,513",75% bullish,of 4 ratings,N/A
FSBW,$23.097,1441739495432,740,Not yet rated,NULL,N/A
FCEL,$0.9,1441739495484,"924,973",88% bullish,of 41 ratings,$2.65
FULL,$3.1072,1441739495510,"21,306",67% bearish,of 3 ratings,$4.25
FLL,$1.3942,1441739495581,"10,554",75% bullish,of 4 ratings,$3.50
FULLL,$25.2999,1441739495642,900,Not yet rated,NULL,N/A
FULT,$12.01,1441739495803,"209,808",100% bearish,of 1 rating,$13
FSNN,$2.25,1441739495829,"10,500",67% bullish,of 3 ratings,$6
FXEN,$0.9888,1441739495879,"15,705",75% bullish,of 4 ratings,$1.10
FFHL,NULL,1441739495903,0,50% bullish,of 4 ratings,N/A
FXENP,$15.13,1441739496063,700,100% bearish,of 1 rating,N/A
GK,$67.84,1441739496107,"20,748",Not yet rated,NULL,$78
WILC,$4.77,1441739496134,500,100% bullish,of 2 ratings,N/A
GLPG,$58.76,1441739496194,"26,485",100% bullish,of 1 rating,$75
GALT,$2.2,1441739496327,"110,992",80% bullish,of 5 ratings,N/A
GAIA,$5.98,1441739496459,"13,211",50% bullish,of 2 ratings,$8.50
GALTU,NULL,1441739496486,0,100% bearish,of 1 rating,N/A
GLMD,$8.15,1441739496616,"7,834",67% bullish,of 3 ratings,$20.50
GALTW,NULL,1441739496644,0,100% bullish,of 1 rating,N/A
GALE,$1.58,1441739496670,"284,353",89% bullish,of 47 ratings,$4
GPIC,$9.77,1441739496773,"2,500",100% bearish,of 1 rating,N/A
GLPI,$30.6,1441739496798,"131,719",100% bearish,of 1 rating,$37.50
GRMN,$37.68,1441739496823,"340,986",50% bullish,of 6 ratings,$46.50
GGAC,$9.92,1441739497009,81,100% bearish,of 1 rating,N/A
GGACW,$0.14,1441739497049,"19,970",Not yet rated,NULL,N/A
GGACU,NULL,1441739497078,0,Not yet rated,NULL,N/A
GGACR,$0.23,1441739497135,"15,600",100% bullish,of 1 rating,N/A
GARS,$14.55,1441739497239,"22,958",Not yet rated,NULL,$16
GNCMA,$17.38,1441739497265,"59,781",100% bearish,of 1 rating,$12
GENC,$9.04,1441739497396,600,100% bearish,of 1 rating,N/A
GFN,$3.8,1441739497468,"12,175",100% bearish,of 2 ratings,$8
GFNCP,$88.5,1441739497683,70,Not yet rated,NULL,N/A
GFNSL,$25.677,1441739497778,"1,545",Not yet rated,NULL,N/A
GNMK,$9.98,1441739497809,"16,766",67% bullish,of 6 ratings,$14
GNCA,$11.12,1441739497834,"28,186",100% bearish,of 1 rating,$20
THRM,$45.31,1441739497866,"145,955",75% bearish,of 4 ratings,$55.50
GENE,$2.37,1441739497887,"49,210",100% bullish,of 12 ratings,N/A
GNTX,$15.945,1441739497972,"1,210,222",Not yet rated,NULL,$20
GHDX,$25.38,1441739498028,"32,759",50% bullish,of 2 ratings,$30
GABC,$28.82,1441739498272,"2,849",Not yet rated,NULL,$31.50
GEOS,$16.65,1441739498298,"44,293",100% bearish,of 3 ratings,$21
GTWN,NULL,1441739498324,0,Not yet rated,NULL,N/A
GERN,$3.315,1441739498457,"1,013,769",88% bullish,of 17 ratings,$5.25
GEVO,$2.31,1441739498608,"345,803",75% bullish,of 12 ratings,$5
ROCK,$16.6675,1441739498657,"39,860",80% bullish,of 5 ratings,$24
GIII,$68.98,1441739498683,"130,596",67% bullish,of 3 ratings,$79
GNVC,$2.61,1441739498705,"20,904",90% bullish,of 10 ratings,$8.50
GIGA,$1.32,1441739498735,"112,460",100% bearish,of 1 rating,N/A
GIGM,$0.5204,1441739498834,"37,670",100% bullish,of 2 ratings,N/A
GILD,$104.25,1441739498863,"3,523,371",91% bullish,of 89 ratings,$129
GILT,$4.19,1441739498888,"5,880",50% bullish,of 2 ratings,N/A
GLAD,$8.95,1441739499185,"122,063",50% bullish,of 2 ratings,$8.75
GLADO,$25.55,1441739499214,"3,300",Not yet rated,NULL,N/A
GOOD,$13.99,1441739499243,"43,872",Not yet rated,NULL,$19
GBCI,$26.42,1441739499273,"34,437",50% bullish,of 2 ratings,$31
GOODO,$25.14,1441739499351,200,Not yet rated,NULL,N/A
GOODN,$25.55,1441739499379,204,Not yet rated,NULL,N/A
GOODP,$25.2,1441739499403,400,Not yet rated,NULL,N/A
LAND,$9.19,1441739499676,"24,691",50% bullish,of 2 ratings,$13.75
GAIN,$7.49,1441739499759,"53,775",100% bullish,of 2 ratings,$8.25
GAINP,$25.6,1441739499788,"2,300",Not yet rated,NULL,N/A
GAINN,$25.23,1441739499825,"34,551",Not yet rated,NULL,N/A
GLBZ,$11.9,1441739499887,407,Not yet rated,NULL,N/A
GAINO,NULL,1441739499984,0,Not yet rated,NULL,N/A
GDEF,$10.65,1441739500348,400,Not yet rated,NULL,N/A
GBT,$51.275,1441739500373,"146,593",100% bearish,of 1 rating,N/A
ENT,$11.25,1441739500400,"54,100",100% bearish,of 1 rating,$18
GBLI,$27.505,1441739500545,"3,232",Not yet rated,NULL,N/A
ACTX,NULL,1441739500767,0,100% bullish,of 1 rating,N/A
GPACU,NULL,1441739500803,0,Not yet rated,NULL,N/A
GSOL,$8.43,1441739500971,"5,270",100% bearish,of 1 rating,N/A
QQQC,$18.65,1441739501307,505,100% bearish,of 1 rating,N/A
ALTY,$14.2953,1441739501338,101,Not yet rated,NULL,N/A
SOCL,$17.39,1441739501363,"15,104",100% bullish,of 2 ratings,N/A
SRET,$12.96,1441739501432,11,Not yet rated,NULL,N/A
YLCO,$11.6199,1441739501493,"1,700",Not yet rated,NULL,N/A
GSM,$14.387,1441739501531,"195,942",50% bullish,of 2 ratings,$22
GAI,$6.16,1441739501566,500,50% bullish,of 2 ratings,N/A
GLBS,$1.2945,1441739501733,"10,538",67% bullish,of 3 ratings,N/A
GBIM,$2.67,1441739501763,"2,744",50% bullish,of 2 ratings,N/A
GOGO,$15.875,1441739501837,"167,597",80% bullish,of 5 ratings,$25
GLRI,$1.0069,1441739501874,"23,512",100% bearish,of 1 rating,$4.25
GLNG,$38.64,1441739501923,"410,522",83% bullish,of 6 ratings,$55.50
GLUU,$4.64,1441739501950,"785,536",92% bullish,of 26 ratings,$9
GLYC,$6.89,1441739501977,"27,662",50% bullish,of 2 ratings,$14
GMLP,$20.63,1441739502218,"77,504",50% bullish,of 4 ratings,$29
GLDC,$3.97,1441739502290,"1,067",50% bullish,of 2 ratings,N/A
GDEN,$9.07,1441739502356,"1,800",50% bullish,of 2 ratings,N/A
GBDC,$17.115,1441739502423,"137,918",Not yet rated,NULL,$17.75
GOGL,$2.9,1441739502452,"74,192",75% bullish,of 4 ratings,$5
GOOG,$614.2576,1441739502555,"605,345",87% bullish,of 75 ratings,$787.50
GTIM,$7.01,1441739502610,"19,870",Not yet rated,NULL,$11.50
GPRO,$37.31,1441739502783,"5,595,844",78% bullish,of 60 ratings,$71
GPIA,NULL,1441739502825,0,100% bearish,of 1 rating,N/A
GOOGL,$643.42,1441739502858,"658,680",88% bullish,of 1083 ratings,$749
GMAN,$3.72,1441739502924,"13,059",60% bullish,of 5 ratings,$8.50
LOPE,$37.59,1441739502954,"43,771",100% bearish,of 2 ratings,$50
GPIAW,NULL,1441739502985,0,Not yet rated,NULL,N/A
GPIAU,$9.96,1441739503010,700,Not yet rated,NULL,N/A
GRVY,$3.69,1441739503092,861,50% bullish,of 2 ratings,N/A
GBSNU,NULL,1441739503285,0,NULL,NULL,NULL
GBSN,$0.16,1441739503419,"4,882,724",50% bullish,of 2 ratings,$8.25
GSBC,$41.37,1441739503492,"9,918",100% bullish,of 1 rating,$44
GRBK,$11.94,1441739503550,"58,685",77% bullish,of 13 ratings,N/A
GLDD,$5.42,1441739503582,"46,263",100% bearish,of 4 ratings,$7.75
GNBC,$11.98,1441739503606,"18,550",100% bearish,of 1 rating,$16.50
GPP,$13.79,1441739503676,"50,165",Not yet rated,NULL,$20.50
GRIF,$30.68,1441739503753,"9,834",100% bearish,of 1 rating,N/A
GPRE,$20.415,1441739503780,"280,910",67% bullish,of 6 ratings,$28.50
GCBC,$29,1441739503945,27,100% bullish,of 1 rating,N/A
GRPN,$4.225,1441739504109,"3,065,754",61% bullish,of 71 ratings,$6.75
GRFS,$31.77,1441739504137,"231,562",50% bullish,of 2 ratings,$35
GLRE,$24.7706,1441739504219,"44,219",50% bullish,of 2 ratings,$34
GGAL,$20.222,1441739504324,"138,665",80% bullish,of 5 ratings,$40
OMAB,$41.124,1441739504358,"21,324",100% bullish,of 1 rating,$44
GSVC,$9.01,1441739504553,"15,776",50% bullish,of 2 ratings,$15.75
GFED,$14.35,1441739504645,"2,632",Not yet rated,NULL,$17
GSIT,$4.58,1441739504732,"12,080",100% bearish,of 1 rating,N/A
GUID,$6.75,1441739504761,"22,002",100% bearish,of 3 ratings,$10
GTXI,$0.8879,1441739504796,"3,292",100% bullish,of 5 ratings,$.75
GSIG,$12.78,1441739504861,"19,641",100% bearish,of 2 ratings,N/A
GULTU,$0.34,1441739505101,"139,544",100% bearish,of 1 rating,N/A
GURE,$1.6,1441739505143,"33,502",88% bullish,of 8 ratings,N/A
GBNK,$15.475,1441739505172,"7,621",100% bearish,of 1 rating,$18
GIFI,$12.08,1441739505274,"34,400",100% bearish,of 1 rating,$16
GWGH,$7.98,1441739505328,"1,364",100% bearish,of 1 rating,$15.05
GPOR,$33.1872,1441739505438,"846,084",75% bullish,of 4 ratings,$54
GWPH,$105.28,1441739505498,"44,719",78% bullish,of 9 ratings,$148.50
GYRO,$32.5001,1441739505543,"9,547",100% bearish,of 1 rating,N/A
HLG,$9,1441739505606,500,100% bearish,of 1 rating,N/A
HNRG,$7.16,1441739505709,"46,205",100% bearish,of 1 rating,$10
HALL,$11.45,1441739505740,"26,701",Not yet rated,NULL,N/A
HEES,$19.88,1441739505794,"264,860",67% bearish,of 3 ratings,$31
HALO,$17.3,1441739505868,"154,066",67% bullish,of 3 ratings,$22.50
HMPR,$1.9,1441739505942,"197,954",100% bullish,of 1 rating,N/A
HBK,NULL,1441739506047,0,50% bullish,of 2 ratings,N/A
HBHCL,$24.2608,1441739506105,"60,588",Not yet rated,NULL,N/A
HBHC,$27.85,1441739506130,"152,226",50% bullish,of 2 ratings,$30
HAFC,$24.59,1441739506357,"116,305",100% bullish,of 2 ratings,$28.50
HNSN,$0.57,1441739506386,"89,036",88% bullish,of 8 ratings,$.40
HQCL,$12.38,1441739506407,"2,583",67% bullish,of 3 ratings,$14
HNH,$24.76,1441739506428,"5,678",100% bullish,of 1 rating,N/A
HRMN,NULL,1441739506562,0,Not yet rated,NULL,N/A
HLIT,$5.665,1441739506590,"111,324",100% bearish,of 1 rating,$6.50
HDNG,$10.59,1441739506616,"14,798",50% bullish,of 4 ratings,N/A
HRMNU,NULL,1441739506766,0,Not yet rated,NULL,N/A
TINY,$2.47,1441739506795,"11,308",50% bullish,of 2 ratings,$5.26
HART,$1.34,1441739506924,"105,420",100% bearish,of 1 rating,N/A
HBIO,$4.45,1441739507072,"40,926",100% bearish,of 1 rating,$10
HRMNW,NULL,1441739507173,0,Not yet rated,NULL,N/A
HCAP,$12,1441739507203,"3,974",50% bullish,of 2 ratings,$15
HAS,$76.28,1441739507257,"363,503",63% bullish,of 8 ratings,$84.50
HA,$24.58,1441739507302,"270,797",67% bullish,of 9 ratings,$27
HCOM,$21.34,1441739507438,"3,383",100% bearish,of 1 rating,$28
HCAPL,$25.41,1441739507479,772,Not yet rated,NULL,N/A
HWKN,$38.162,1441739507572,"10,117",Not yet rated,NULL,N/A
HAYN,$37.38,1441739507612,"13,472",100% bearish,of 1 rating,$59
HIIQ,$4.81,1441739507703,"3,188",50% bullish,of 2 ratings,$7
HWBK,$13.51,1441739507732,"3,235",100% bearish,of 1 rating,N/A
HDS,$33.09,1441739507753,"1,303,523",100% bearish,of 2 ratings,$39.50
HCSG,$33.4399,1441739507784,"89,641",50% bullish,of 4 ratings,$35
HQY,$30.6199,1441739507918,"123,153",67% bullish,of 3 ratings,$35
HSTM,$24.51,1441739508218,"31,256",50% bullish,of 2 ratings,$33.75
HTLD,$20.62,1441739508291,"113,064",Not yet rated,NULL,$22.50
HTWR,$67.66,1441739508345,"178,843",50% bullish,of 2 ratings,$97.50
HTLF,$36.59,1441739508437,"13,787",100% bullish,of 1 rating,$39.50
HSII,$20.42,1441739508464,"9,743",100% bullish,of 3 ratings,$25
HMNY,$2.1475,1441739508488,"8,687",100% bearish,of 1 rating,N/A
HWAY,$11.62,1441739508525,"167,778",100% bearish,of 1 rating,$15
HTBX,$3.967,1441739508553,"19,198",50% bullish,of 2 ratings,$15.50
HMTV,$13.21,1441739508698,"3,059",100% bearish,of 1 rating,$16
HERO,NULL,1441739508782,0,NULL,NULL,NULL
HNNA,$24.4201,1441739508816,"15,339",100% bearish,of 1 rating,N/A
HELE,$86.24,1441739508837,"54,556",67% bearish,of 3 ratings,$100
HCACU,$10.01,1441739508994,"107,808",Not yet rated,NULL,N/A
HTBK,$10.94,1441739509083,"40,877",Not yet rated,NULL,$12
HSIC,$136.51,1441739509108,"92,125",83% bullish,of 6 ratings,$146
HFWA,$18.07,1441739509341,"10,276",100% bullish,of 1 rating,$20
HCCI,$12.1,1441739509445,"24,802",100% bearish,of 1 rating,$16.50
HIBB,$39.72,1441739509471,"100,404",100% bearish,of 1 rating,$46.50
HRTX,$41.5522,1441739509512,"941,635",57% bullish,of 7 ratings,$41
HEOP,$7.8,1441739509600,"9,186",Not yet rated,NULL,$8.50
HPJ,$2.3,1441739509640,"32,119",75% bullish,of 4 ratings,$12.43
MLHR,$27.59,1441739509691,"56,003",50% bullish,of 2 ratings,$33.50
HSKA,$33.3,1441739509743,"18,909",100% bearish,of 1 rating,$38
HFFC,$16.02,1441739509771,"4,314",Not yet rated,NULL,N/A
HIHO,$5.18,1441739509911,"83,151",Not yet rated,NULL,N/A
HIMX,$7.4501,1441739509977,"764,078",86% bullish,of 21 ratings,$8.25
HIFS,$112.7,1441739510082,"3,862",Not yet rated,NULL,N/A
HSGX,$6.18,1441739510213,"3,887",100% bearish,of 1 rating,$17
HOLI,$16.65,1441739510312,"184,383",50% bullish,of 4 ratings,$27
HOLX,$39.49,1441739510344,"1,292,398",50% bullish,of 4 ratings,$42
HMNF,$11.42,1441739510371,418,Not yet rated,NULL,N/A
HOMB,$38.5,1441739510396,"47,367",Not yet rated,NULL,$42
HBCP,$24.5,1441739510426,"2,566",Not yet rated,NULL,$29
HMSY,$10.15,1441739510454,"269,653",67% bullish,of 3 ratings,$19.35
HFBL,$21.88,1441739510527,"7,300",Not yet rated,NULL,N/A
HMST,$22.42,1441739510754,"23,243",100% bullish,of 2 ratings,$27
AWAY,$28.53,1441739510781,"202,597",75% bullish,of 4 ratings,$36
HTBI,$18.14,1441739510860,"40,280",67% bullish,of 3 ratings,$18.625
HKTV,$4.1799,1441739510911,"53,727",100% bearish,of 1 rating,N/A
HMIN,$25.2,1441739510937,"38,831",100% bearish,of 2 ratings,$35
CETC,$0.77,1441739511013,"31,006",86% bullish,of 7 ratings,N/A
HOFT,$25.23,1441739511071,"28,014",100% bearish,of 1 rating,N/A
HBNC,$23.48,1441739511231,"13,813",100% bullish,of 1 rating,$27
HFBC,$10.91,1441739511258,"18,192",Not yet rated,NULL,N/A
HZNP,$29.46,1441739511284,"756,486",85% bullish,of 20 ratings,$40
HRZN,$10.3601,1441739511305,"11,799",50% bullish,of 2 ratings,$14.25
HDP,$24.51,1441739511448,"232,629",67% bearish,of 3 ratings,$30.50
HMHC,$22.94,1441739511480,"163,214",Not yet rated,NULL,$27
ZINC,$7.519,1441739511526,"218,255",100% bearish,of 1 rating,$17
HWCC,$7.63,1441739511613,"24,990",100% bearish,of 1 rating,$9
HOVNP,$4.3881,1441739511640,"3,200",100% bearish,of 1 rating,N/A
HSNI,$59.88,1441739511854,"55,064",Not yet rated,NULL,$80
HBMD,$13.75,1441739511879,"6,051",100% bearish,of 1 rating,N/A
HSON,$2.76,1441739512011,"65,444",100% bearish,of 1 rating,$5
HUBG,$38.48,1441739512037,"97,568",100% bearish,of 1 rating,$43
HDSN,$3.07,1441739512172,"12,067",100% bullish,of 1 rating,$6.25
HTGM,$6.16,1441739512236,"6,454",100% bearish,of 1 rating,$19.50
HBANP,$1335,1441739512269,10,100% bearish,of 1 rating,N/A
HCBK,$9.53,1441739512313,"715,917",83% bullish,of 6 ratings,$8.61
HURC,$29.8,1441739512370,"2,300",100% bearish,of 1 rating,N/A
HURN,$74,1441739512395,"41,030",50% bullish,of 2 ratings,$80
HBAN,$10.795,1441739512424,"2,362,732",76% bullish,of 17 ratings,$12.29
HBP,$3.06,1441739512644,200,100% bullish,of 1 rating,N/A
HTCH,$1.5,1441739512747,"45,506",100% bearish,of 1 rating,$3.50
HDRAU,NULL,1441739512785,0,Not yet rated,NULL,N/A
HYGS,$8.53,1441739512850,"11,625",50% bullish,of 2 ratings,$13
HDRAR,NULL,1441739512922,0,Not yet rated,NULL,N/A
HDRAW,NULL,1441739513052,0,Not yet rated,NULL,N/A
HDRA,NULL,1441739513137,0,Not yet rated,NULL,N/A
IKGH,$1.5496,1441739513190,"38,773",75% bullish,of 4 ratings,N/A
IDSY,$3.82,1441739513220,"10,518",100% bearish,of 1 rating,$7
IBKC,$61.3,1441739513248,"37,620",100% bullish,of 1 rating,$70
IACI,$69.695,1441739513295,"307,217",80% bullish,of 5 ratings,$90
ICAD,$4.03,1441739513320,"18,578",50% bullish,of 2 ratings,$7.25
IEP,$68.6499,1441739513501,"69,414",75% bullish,of 4 ratings,$99
ICLR,$78.49,1441739513554,"170,170",100% bearish,of 3 ratings,$85
ICFI,$33.68,1441739513601,"12,958",50% bullish,of 2 ratings,$48.50
ICON,$13.31,1441739513629,"342,116",50% bullish,of 2 ratings,$18.50
ICUI,$111.58,1441739513728,"59,417",Not yet rated,NULL,$122
IDXX,$74.6,1441739513955,"170,488",100% bearish,of 1 rating,$76
RXDX,$16.24,1441739514015,"106,546",100% bullish,of 1 rating,$20
IRG,$5.21,1441739514091,"10,125",100% bearish,of 1 rating,$4.25
INVE,$4.38,1441739514119,"14,170",75% bullish,of 4 ratings,$4
DSKY,$10.8108,1441739514146,"74,202",67% bullish,of 6 ratings,$11.50
IDRA,$2.95,1441739514176,"272,763",89% bullish,of 9 ratings,$6.50
IROQ,$16.725,1441739514205,200,100% bullish,of 1 rating,N/A
IPWR,$7.69,1441739514278,"4,505",100% bullish,of 1 rating,$15
IIVI,$16.96,1441739514412,"55,342",100% bearish,of 1 rating,$22
KANG,$15.29,1441739514498,"167,302",50% bullish,of 2 ratings,$23.10
ILMN,$197.845,1441739514603,"331,071",80% bullish,of 5 ratings,$245
IKAN,$2.74,1441739514629,"26,362",83% bullish,of 6 ratings,$5
IKNX,NULL,1441739514656,0,100% bearish,of 1 rating,N/A
ISNS,$4.22,1441739514827,"14,543",50% bullish,of 2 ratings,N/A
IMMR,$12.7,1441739514859,"85,675",80% bullish,of 5 ratings,$15.50
IMNP,$1.385,1441739514887,"133,471",50% bullish,of 2 ratings,$6
IMDZ,$15.38,1441739514925,"71,756",100% bearish,of 1 rating,$33
IPXL,$44.99,1441739515054,"1,169,963",67% bullish,of 3 ratings,$46.50
ICCC,$7.091,1441739515079,"5,863",100% bullish,of 1 rating,N/A
IMGN,$13.3,1441739515291,"461,107",75% bullish,of 4 ratings,$17.50
INCR,$43.05,1441739515317,"146,051",50% bullish,of 2 ratings,$53
IMMY,$7.7,1441739515367,"2,701",100% bearish,of 1 rating,$11
SAAS,$7.26,1441739515449,"223,923",50% bullish,of 2 ratings,$15
IMMU,$2.3,1441739515474,"2,053,957",86% bullish,of 7 ratings,$2
INCY,$119.36,1441739515510,"225,628",50% bullish,of 6 ratings,$125.50
INDB,$45.1,1441739515646,"16,444",Not yet rated,NULL,$44
IBCP,$14.25,1441739515677,"23,351",100% bullish,of 1 rating,$14.50
IDSA,NULL,1441739515825,0,Not yet rated,NULL,N/A
INFN,$20.5301,1441739515854,"2,168,485",71% bullish,of 7 ratings,$28
IPCC,$75.885,1441739515913,"7,606",Not yet rated,NULL,$77.50
IBTX,$41.58,1441739515984,"6,096",100% bullish,of 2 ratings,$47.25
III,$3.75,1441739516050,"18,376",57% bullish,of 7 ratings,$6
INFI,$8.68,1441739516138,"109,775",50% bullish,of 4 ratings,$16.50
IFON,$1.26,1441739516188,"9,886",75% bullish,of 4 ratings,N/A
IMKTA,$49.46,1441739516452,"42,328",100% bearish,of 1 rating,N/A
INOD,$2.31,1441739516478,"24,700",100% bearish,of 1 rating,N/A
INWK,$7.155,1441739516508,"28,719",50% bullish,of 2 ratings,$10
IPHS,$45.82,1441739516536,"27,085",100% bearish,of 1 rating,$60
INNL,$13,1441739516611,"43,834",100% bearish,of 1 rating,$16.50
INGN,$52.11,1441739516669,"141,924",100% bearish,of 1 rating,$50.50
IOSP,$49.505,1441739516697,"66,916",100% bearish,of 1 rating,N/A
ISSC,$2.7,1441739516799,"11,991",67% bearish,of 3 ratings,N/A
ITEK,$13.21,1441739516931,"152,041",100% bearish,of 3 ratings,$20
INOV,$21.24,1441739516956,"139,363",100% bearish,of 1 rating,$33
INO,$7.06,1441739517087,"318,165",89% bullish,of 18 ratings,$20
NSIT,$25.06,1441739517114,"41,705",50% bullish,of 2 ratings,N/A
ISIG,$2.64,1441739517263,"1,917",100% bearish,of 1 rating,N/A
IIIN,$17.9,1441739517339,"15,263",100% bearish,of 2 ratings,N/A
INSY,$34.329,1441739517397,"387,901",75% bullish,of 4 ratings,$48
INSM,$24.71,1441739517423,"133,541",71% bullish,of 7 ratings,$31.50
PODD,$29.09,1441739517444,"67,162",67% bearish,of 3 ratings,$35
IART,$63.35,1441739517476,"59,708",100% bearish,of 2 ratings,$71.50
IDTI,$19.775,1441739517615,"874,668",60% bullish,of 5 ratings,$25
NTEC,$5.65,1441739517658,"3,848",100% bearish,of 1 rating,N/A
ISSI,$21.94,1441739517895,"68,137",67% bullish,of 3 ratings,$19.75
INTC,$29.47,1441739517916,"10,969,456",82% bullish,of 238 ratings,$36
IESC,$7.11,1441739517952,"3,621",100% bearish,of 1 rating,N/A
IQNT,$19.22,1441739517998,"165,325",86% bullish,of 7 ratings,$20
IPCI,$2.251,1441739518062,"12,267",67% bullish,of 6 ratings,$8
IPAR,$25.16,1441739518227,"21,557",67% bullish,of 3 ratings,$38
ICLDW,NULL,1441739518431,0,100% bearish,of 1 rating,N/A
IBKR,$38.54,1441739518508,"172,064",100% bullish,of 1 rating,N/A
ICLD,$2.02,1441739518579,"208,677",75% bullish,of 4 ratings,N/A
ICPT,$193.17,1441739518684,"126,763",70% bullish,of 10 ratings,$359.50
IDCC,$48.79,1441739518709,"69,585",80% bullish,of 5 ratings,$63
TILE,$24.32,1441739518738,"126,141",100% bearish,of 3 ratings,$27
IMI,$2,1441739518760,"10,813",67% bullish,of 3 ratings,$2.22
ININ,$36.01,1441739518788,"29,487",67% bearish,of 3 ratings,$57
IBOC,$25.49,1441739518947,"47,839",100% bearish,of 1 rating,N/A
INAP,$9.28,1441739518975,"61,966",75% bullish,of 4 ratings,$11
IIJI,$8.6999,1441739519170,120,50% bullish,of 2 ratings,$12.50
IGLD,$7.38,1441739519261,"1,075",50% bullish,of 2 ratings,N/A
ISCA,$32.72,1441739519300,"16,438",100% bearish,of 1 rating,N/A
PTNT,$2.97,1441739519391,800,Not yet rated,NULL,N/A
INPH,$0.31,1441739519535,"6,145",50% bullish,of 2 ratings,N/A
XENT,$25.46,1441739519588,"109,523",50% bullish,of 2 ratings,$36.50
IILG,$19.61,1441739519614,"27,027",100% bearish,of 1 rating,$29
INTX,$1.99,1441739519690,"2,790",67% bullish,of 3 ratings,N/A
ISIL,$10.83,1441739519720,"357,633",50% bullish,of 6 ratings,$15
IVAC,$4.9697,1441739519854,"9,547",100% bearish,of 1 rating,$6.625
IIN,$6.75,1441739519911,"2,100",100% bearish,of 1 rating,$12
INTL,$25.75,1441739520002,"10,393",67% bearish,of 3 ratings,N/A
INTLL,$26.09,1441739520074,100,Not yet rated,NULL,N/A
ITCI,$27.5,1441739520136,"116,539",75% bearish,of 4 ratings,$40
INTU,$87.4,1441739520219,"719,288",86% bullish,of 7 ratings,$107.50
ISRG,$518.81,1441739520267,"39,794",67% bullish,of 3 ratings,$600
INVT,$0.3307,1441739520292,"44,621",67% bullish,of 3 ratings,N/A
SNAK,$8.36,1441739520448,"25,854",50% bullish,of 2 ratings,$14
ISTR,$15.92,1441739520497,"2,302",100% bearish,of 1 rating,$18.50
ISBC,$11.97,1441739520522,"624,595",100% bullish,of 1 rating,$13.25
NVIV,$11.01,1441739520665,"261,062",50% bullish,of 4 ratings,$24.50
ITIC,$70.95,1441739520696,100,100% bearish,of 2 ratings,N/A
IVTY,$14.24,1441739520720,"11,460",Not yet rated,NULL,$18
IPAS,$1.08,1441739520794,"4,354",67% bullish,of 3 ratings,N/A
IPCM,$79.21,1441739521109,"98,996",50% bullish,of 2 ratings,$80.125
DTUL,NULL,1441739521137,0,Not yet rated,NULL,N/A
DFVL,NULL,1441739521165,0,Not yet rated,NULL,N/A
IRMD,$24.81,1441739521211,"9,543",67% bearish,of 3 ratings,$25
IPGP,$83.51,1441739521263,"158,602",67% bearish,of 3 ratings,$109.50
IRDM,$6.855,1441739521291,"199,113",60% bullish,of 5 ratings,$11.50
IRIX,$6.89,1441739521343,"1,853",100% bearish,of 1 rating,N/A
IRDMB,$281.5,1441739521606,150,67% bearish,of 3 ratings,N/A
IRBT,$30.38,1441739521631,"88,533",67% bullish,of 6 ratings,$37
IRWD,$11.29,1441739521706,"478,513",100% bearish,of 1 rating,$13
COMT,$33.4215,1441739521733,"3,127",100% bearish,of 1 rating,N/A
FCHI,NULL,1441739521755,0,NULL,NULL,NULL
IRCP,NULL,1441739521916,0,100% bullish,of 2 ratings,N/A
GNMA,$50.02,1441739521942,"4,150",Not yet rated,NULL,N/A
IFAS,NULL,1441739521964,0,NULL,NULL,NULL
IFNA,NULL,1441739522089,0,NULL,NULL,NULL
IFGL,$28.105,1441739522197,"64,404",Not yet rated,NULL,N/A
IFEU,$37.82,1441739522229,400,Not yet rated,NULL,N/A
ACWX,$40.15,1441739522265,"607,382",100% bearish,of 1 rating,N/A
AXJS,NULL,1441739522328,0,NULL,NULL,NULL
AAIT,NULL,1441739522463,0,NULL,NULL,NULL
AAXJ,$52.81,1441739522488,"520,417",Not yet rated,NULL,N/A
ACWI,$55.36,1441739522570,"1,475,647",Not yet rated,NULL,N/A
EEME,NULL,1441739522675,0,NULL,NULL,NULL
EGRW,NULL,1441739522812,0,NULL,NULL,NULL
EMDI,NULL,1441739522830,0,NULL,NULL,NULL
EEMA,$49.66,1441739522851,"18,963",Not yet rated,NULL,N/A
EMEY,NULL,1441739522915,0,NULL,NULL,NULL
EEML,NULL,1441739522991,0,Not yet rated,NULL,N/A
EVAL,NULL,1441739523122,0,NULL,NULL,NULL
IEUS,$45.42,1441739523231,"1,515",100% bearish,of 1 rating,N/A
EUFN,$21.56,1441739523275,"82,768",100% bearish,of 1 rating,N/A
QAT,$21.16,1441739523363,"1,500",Not yet rated,NULL,N/A
IBB,$349.505,1441739523421,"654,853",67% bullish,of 9 ratings,N/A
SOXX,$84.56,1441739523578,"274,898",50% bullish,of 2 ratings,N/A
UAE,$17.799,1441739523614,"1,600",Not yet rated,NULL,N/A
WOOD,$47.894,1441739523908,"4,044",50% bullish,of 2 ratings,N/A
ICLN,$9.366,1441739523974,"15,998",50% bullish,of 2 ratings,N/A
EMIF,$28.06,1441739524041,"2,945",Not yet rated,NULL,N/A
ISHG,$79.755,1441739524068,459,100% bearish,of 1 rating,N/A
IGOV,$91.29,1441739524099,"17,620",100% bearish,of 1 rating,N/A
ISIS,$54.1299,1441739524126,"432,550",53% bullish,of 15 ratings,$67
INDY,$26.525,1441739524147,"686,952",50% bullish,of 2 ratings,N/A
ISLE,$19.85,1441739524290,"245,249",50% bullish,of 4 ratings,$17
ISRL,$124,1441739524478,303,100% bearish,of 1 rating,N/A
ITRI,$28.83,1441739524530,"54,737",100% bearish,of 1 rating,$37
ITRN,$23.62,1441739524560,857,50% bullish,of 2 ratings,N/A
IXYS,$11.51,1441739524610,"38,867",50% bullish,of 4 ratings,N/A
ITUS,$4.1301,1441739524659,"9,924",Not yet rated,NULL,N/A
XXIA,$15.15,1441739524690,"292,718",71% bullish,of 7 ratings,$14.625
MAYS,$58.8,1441739524985,121,Not yet rated,NULL,N/A
JBHT,$76.51,1441739525038,"286,500",50% bullish,of 4 ratings,$89.50
JASO,$7.925,1441739525067,"439,336",82% bullish,of 17 ratings,$10
JJSF,$116,1441739525099,"22,776",100% bearish,of 1 rating,N/A
JKHY,$68.18,1441739525126,"91,889",67% bearish,of 3 ratings,$72
JACK,$79.61,1441739525169,"143,479",71% bullish,of 7 ratings,$105
JXSB,NULL,1441739525199,0,Not yet rated,NULL,N/A
JCOM,$68.3,1441739525298,"61,590",100% bullish,of 2 ratings,$77
JAXB,$13.15,1441739525486,222,100% bullish,of 1 rating,N/A
JAGX,$3.31,1441739525529,"9,100",Not yet rated,NULL,$10.50
JAKK,$9.76,1441739525729,"304,475",60% bearish,of 5 ratings,$11
JRVR,$28,1441739525830,"17,745",Not yet rated,NULL,$32
JMBA,$14.16,1441739525929,"71,761",75% bullish,of 4 ratings,$18
JAZZ,$166.5,1441739525955,"118,253",80% bullish,of 15 ratings,$206.50
JASN,$4.85,1441739526016,"6,054",50% bullish,of 2 ratings,$9.50
ERW,NULL,1441739526088,0,Not yet rated,NULL,N/A
JASNW,NULL,1441739526170,0,50% bullish,of 2 ratings,N/A
JTPY,$2.9699,1441739526217,"11,800",100% bearish,of 1 rating,N/A
JD,$24.0025,1441739526302,"12,464,154",75% bullish,of 16 ratings,$36
JBLU,$24.83,1441739526336,"3,810,954",94% bullish,of 18 ratings,$27
JCTCF,NULL,1441739526365,0,100% bullish,of 1 rating,N/A
DATE,$5.9,1441739526472,"40,977",75% bullish,of 4 ratings,$9
JST,$3.68,1441739526706,"5,500",75% bullish,of 4 ratings,N/A
JIVE,$4.67,1441739526806,"1,617,838",75% bullish,of 4 ratings,$5
WYIGU,$9.95,1441739526831,"2,100",100% bearish,of 1 rating,N/A
JOEZ,$0.177,1441739526876,"291,242",92% bullish,of 12 ratings,N/A
JOUT,$24.54,1441739527020,"15,426",100% bearish,of 1 rating,$34
JNP,$13.59,1441739527119,"85,397",100% bullish,of 3 ratings,$15
KBIO,$3.53,1441739527248,"864,605",50% bullish,of 4 ratings,N/A
JUNO,$38.93,1441739527273,"637,788",73% bullish,of 11 ratings,$67
KNDI,$6.3598,1441739527334,"139,948",86% bullish,of 22 ratings,N/A
KTWO,$20.98,1441739527366,"33,549",100% bearish,of 1 rating,$28.50
JBSS,$51.65,1441739527402,"23,635",67% bearish,of 3 ratings,N/A
KCLI,$46.47,1441739527467,"4,656",Not yet rated,NULL,N/A
KALU,$83.05,1441739527507,"49,968",67% bearish,of 3 ratings,$91
KMDA,$3.52,1441739527534,"2,540",50% bullish,of 2 ratings,$8
KPTI,$14.39,1441739527779,"47,197",67% bearish,of 3 ratings,$35.50
KBSF,NULL,1441739527910,0,100% bullish,of 1 rating,N/A
