Symbol,Price,Date,Volume,Rating,RatingVoteCount,OneYearEstimate
FCCY,$11.56,1441732203075,100,100% bullish,of 1 rating,$13
FLWS,$8.2895,1441732203101,"152,821",80% bullish,of 5 ratings,$15
FCTY,$7.9,1441732203130,512,100% bullish,of 1 rating,$8.50
TWOU,$35.96,1441732203698,"129,245",50% bullish,of 2 ratings,$39
VNET,$18.28,1441732203731,"182,512",60% bullish,of 5 ratings,$35
SRCE,$30.7,1441732203792,"7,752",100% bullish,of 3 ratings,$33
DSLV,$66.7892,1441732204167,"12,897",100% bearish,of 1 rating,N/A
DGLD,$82.99,1441732204191,"3,137",100% bullish,of 1 rating,N/A
USLV,$12.9,1441732204237,"150,666",86% bullish,of 7 ratings,N/A
JOBS,$26.58,1441732204623,"44,947",50% bullish,of 4 ratings,$36
UGLD,$9.0072,1441732204755,"43,058",100% bearish,of 1 rating,N/A
SIXD,$2.89,1441732205177,"16,921",Not yet rated,NULL,N/A
CAFD,$14.3,1441732205203,"69,023",Not yet rated,NULL,$24.50
EGHT,$7.95,1441732205643,"74,333",82% bullish,of 17 ratings,$11
AVHI,$13.57,1441732205714,"5,543",100% bearish,of 1 rating,$19
SHLM,$32.32,1441732205858,"58,151",100% bearish,of 1 rating,$47
AAON,$19.75,1441732206045,"21,346",100% bearish,of 1 rating,$24
ABAX,$48.495,1441732206208,"20,772",100% bearish,of 1 rating,$60
ABY,$20.55,1441732206305,"1,485,707",100% bearish,of 2 ratings,$46
ABGB,$5.63,1441732206531,"53,726",67% bullish,of 3 ratings,$5.50
ABEO,$4.76,1441732206880,"18,023",50% bullish,of 4 ratings,$15.50
ABEOW,$1.7101,1441732207080,100,100% bullish,of 1 rating,N/A
ABMD,$95.285,1441732207344,"181,398",75% bullish,of 4 ratings,$100.50
ACTG,$9.119,1441732207478,"114,409",67% bullish,of 3 ratings,$18.50
AXAS,$1.675,1441732207526,"467,626",78% bullish,of 9 ratings,$3.50
ACAD,$40.3,1441732207753,"276,441",80% bullish,of 20 ratings,$48
ACHC,$73.52,1441732207782,"119,744",50% bullish,of 2 ratings,$92
AXDX,$18.08,1441732207881,"58,253",100% bearish,of 1 rating,N/A
XLRN,$30.12,1441732207982,"61,818",50% bullish,of 2 ratings,$57
ACST,$0.3002,1441732208007,"17,902",100% bullish,of 2 ratings,N/A
TFSCU,NULL,1441732208052,0,Not yet rated,NULL,N/A
PIH,$7.54,1441732208151,503,100% bearish,of 1 rating,N/A
TFSC,NULL,1441732208283,0,100% bearish,of 1 rating,N/A
TFSCW,$0.3,1441732208313,"4,500",100% bearish,of 1 rating,N/A
TFSCR,$0.3723,1441732208417,"1,000",Not yet rated,NULL,N/A
ARAY,$6.61,1441732208461,"144,703",100% bearish,of 1 rating,$10.50
ANCX,$20.32,1441732208485,"12,081",Not yet rated,NULL,$20
VXDN,$1.89,1441732208646,"4,689",100% bearish,of 1 rating,N/A
VXUP,$1.541,1441732208749,"25,275",100% bearish,of 1 rating,N/A
ACHN,$7.85,1441732208881,"2,561,647",90% bullish,of 21 ratings,$16
ACIW,$21.53,1441732208910,"72,621",67% bearish,of 3 ratings,$24
ACET,$22.91,1441732208931,"33,246",75% bullish,of 4 ratings,$30
ACNB,$20.12,1441732208963,300,Not yet rated,NULL,N/A
AKAO,$6.955,1441732208985,"24,134",75% bullish,of 4 ratings,$15
ACRX,$4.04,1441732209006,"374,315",67% bearish,of 6 ratings,$7
ACOR,$32.89,1441732209220,"67,516",67% bearish,of 3 ratings,$38.50
ACTS,$1.61,1441732209292,"4,201",100% bearish,of 1 rating,N/A
ATVI,$28.465,1441732209350,"2,245,016",67% bullish,of 84 ratings,$31.50
ACPW,$1.96,1441732209426,"18,683",100% bullish,of 4 ratings,$3.25
ACTA,$14.13,1441732209672,"26,041",67% bearish,of 3 ratings,$25
ADAP,$11.2,1441732209775,"9,491",67% bullish,of 3 ratings,$22
ACUR,$2.9934,1441732209808,"6,400",100% bullish,of 5 ratings,$5
ADEP,$7.7502,1441732209837,"42,379",50% bullish,of 2 ratings,$10.75
ADMS,$19.71,1441732209881,"37,038",100% bearish,of 2 ratings,$36
ADUS,$29.605,1441732209907,"18,847",100% bearish,of 1 rating,$31
ADMP,$3.85,1441732209938,"9,629",50% bullish,of 2 ratings,$10
ACXM,$20.83,1441732209963,"38,216",67% bullish,of 3 ratings,N/A
ADMA,$9.02,1441732210239,"3,099",Not yet rated,NULL,$19
ADTN,$15.68,1441732210371,"48,344",67% bullish,of 3 ratings,$17.125
ADBE,$78.79,1441732210396,"619,479",61% bullish,of 18 ratings,$90
AEY,$2.39,1441732210421,550,100% bearish,of 2 ratings,N/A
ADRO,$18.8,1441732210446,"94,306",80% bullish,of 5 ratings,$45.50
ADXS,$13.94,1441732210658,"248,785",64% bullish,of 14 ratings,$27
AMD,$1.86,1441732210705,"2,659,261",83% bullish,of 103 ratings,$2
ADXSW,$9.97,1441732210754,150,100% bullish,of 1 rating,N/A
AEIS,$24.4525,1441732210837,"87,980",50% bullish,of 2 ratings,$32.50
AEGN,$18.005,1441732210913,"40,819",100% bearish,of 2 ratings,$21
AEGR,$17.88,1441732210940,"62,590",50% bullish,of 6 ratings,$26
MULT,NULL,1441732210978,0,100% bearish,of 1 rating,N/A
AEHR,NULL,1441732211077,0,50% bullish,of 2 ratings,N/A
YPRO,NULL,1441732211111,0,100% bearish,of 1 rating,N/A
AEPI,$62.97,1441732211259,"21,889",100% bearish,of 1 rating,N/A
AMTX,$2.922,1441732211291,"4,728",50% bullish,of 2 ratings,N/A
AERI,$16.1899,1441732211485,"243,945",75% bullish,of 4 ratings,$31.50
AFFX,$9.405,1441732211728,"245,842",80% bullish,of 5 ratings,$12.50
AEZS,$0.0784,1441732211802,"7,243,361",90% bullish,of 21 ratings,$1.50
AGRX,$8.8001,1441732211829,"4,535",100% bearish,of 1 rating,$17.50
AVAV,$20.699,1441732211854,"54,198",50% bullish,of 4 ratings,$28
AGFSW,$2.1,1441732211884,"10,300",100% bearish,of 2 ratings,N/A
AGEN,$7.045,1441732211910,"148,488",85% bullish,of 13 ratings,$14
AFMD,$9.985,1441732211986,"56,007",50% bullish,of 4 ratings,$15
AEMD,$7.3,1441732212042,"76,513",Not yet rated,NULL,$27.50
AGIO,$88.46,1441732212171,"90,986",88% bullish,of 8 ratings,$114
AIRM,$36.62,1441732212324,"50,541",80% bearish,of 5 ratings,$53
AGFS,$10.05,1441732212349,"59,199",100% bearish,of 1 rating,N/A
AGYS,$9.73,1441732212408,"3,605",100% bearish,of 1 rating,N/A
AIMT,$23,1441732212433,"120,493",Not yet rated,NULL,$35.50
AMCN,$4.6101,1441732212768,"158,060",83% bullish,of 6 ratings,N/A
AIXG,$6.9,1441732212803,"7,744",67% bearish,of 3 ratings,$5.25
AKBA,$7.65,1441732212865,"160,221",100% bearish,of 1 rating,$18
AIRT,$22.706,1441732212898,"3,035",100% bullish,of 1 rating,N/A
AKAM,$73.49,1441732212930,"320,869",63% bullish,of 8 ratings,$77.50
AKRX,$39.35,1441732212951,"172,743",78% bullish,of 9 ratings,$56
ATSG,$8.86,1441732213005,"35,327",67% bullish,of 3 ratings,$13
AKER,$2.7497,1441732213032,"1,520",Not yet rated,NULL,N/A
AMRI,$20.62,1441732213228,"72,856",75% bearish,of 4 ratings,$24
ALRM,$16.23,1441732213254,"27,162",100% bearish,of 1 rating,$22
ALSK,$2.26,1441732213277,"55,887",78% bullish,of 18 ratings,$2
ABDC,$12.81,1441732213490,"16,268",Not yet rated,NULL,$15
ADHD,$7.84,1441732213563,"39,421",50% bullish,of 4 ratings,$18
ALXN,$174.44,1441732213622,"297,612",88% bullish,of 8 ratings,$223.50
ALXA,$1.35,1441732213663,"34,278",83% bullish,of 6 ratings,$2.125
ALDX,$7.17,1441732213685,"9,677",100% bearish,of 1 rating,$14.50
ALDR,$42.06,1441732213713,"121,903",67% bearish,of 3 ratings,$62
ALCO,$42.75,1441732213752,"4,634",50% bullish,of 2 ratings,N/A
ALGN,$54.96,1441732213779,"94,212",100% bearish,of 2 ratings,$73
ALIM,$2.9701,1441732213987,"25,600",80% bullish,of 5 ratings,$10
ALKS,$66.735,1441732214061,"214,880",67% bullish,of 3 ratings,$75
ALGT,$209.25,1441732214121,"33,978",100% bearish,of 2 ratings,$235
ALLB,$23.31,1441732214214,100,Not yet rated,NULL,N/A
AFOP,$19.1,1441732214325,"27,993",75% bullish,of 8 ratings,$21
AIQ,$14.89,1441732214425,"5,957",67% bullish,of 3 ratings,N/A
ARLP,$25.0101,1441732214464,"48,118",67% bearish,of 3 ratings,$32
ALQA,$4.5298,1441732214499,"7,982",75% bullish,of 4 ratings,$8.50
AHGP,$35.78,1441732214554,"14,009",67% bullish,of 3 ratings,N/A
AMOT,$17.94,1441732214580,"29,389",100% bearish,of 1 rating,N/A
AHPI,NULL,1441732214601,0,50% bullish,of 2 ratings,N/A
ALLT,$5.18,1441732214655,"11,649",75% bullish,of 4 ratings,$6.25
AFAM,$45.56,1441732214968,"22,055",50% bullish,of 2 ratings,$44
ALNY,$101.85,1441732214993,"176,461",67% bullish,of 3 ratings,$151.50
AOSL,$8.25,1441732215028,"9,444",67% bullish,of 3 ratings,$9
MDRX,$13.29,1441732215053,"644,062",60% bullish,of 5 ratings,$16
SMCP,$23.1701,1441732215310,575,Not yet rated,NULL,N/A
ATEC,$0.541,1441732215339,"73,714",100% bullish,of 1 rating,$2
AMRN,$2.37,1441732215373,"632,228",85% bullish,of 40 ratings,$8
ASPS,$26.41,1441732215439,"77,445",67% bullish,of 3 ratings,$46.50
AMAG,$60.36,1441732215468,"144,709",100% bullish,of 2 ratings,$75
ALTR,$50.385,1441732215493,"2,363,496",67% bearish,of 6 ratings,$54
AIMC,$24.07,1441732215539,"36,938",100% bearish,of 2 ratings,$28.50
AMRK,$10.97,1441732215565,"38,754",50% bullish,of 2 ratings,$14
AMZN,$510.5,1441732215700,"1,207,654",81% bullish,of 269 ratings,$646
AYA,$21.01,1441732215772,"8,597",100% bearish,of 1 rating,$40
AMBC,$16.41,1441732215831,"61,732",100% bearish,of 1 rating,$16.50
AMBCW,NULL,1441732215974,0,100% bearish,of 1 rating,N/A
AMBA,$72.44,1441732216161,"1,191,947",71% bullish,of 14 ratings,$102.50
AMCX,$73.24,1441732216212,"170,653",67% bullish,of 3 ratings,$87.50
UHAL,$373.265,1441732216244,"10,255",100% bullish,of 2 ratings,$393.50
DOX,$56.955,1441732216265,"218,605",67% bearish,of 3 ratings,$60
AMED,$40.78,1441732216304,"57,890",100% bearish,of 1 rating,$42
EPAX,$2.72,1441732216342,"27,241",100% bearish,of 1 rating,N/A
ASBI,$22.9401,1441732216394,"10,567",Not yet rated,NULL,N/A
AMDA,$0.415,1441732216419,"2,925,418",90% bullish,of 10 ratings,$1
ATAX,$5.3051,1441732216610,"37,825",100% bullish,of 1 rating,$6.50
AAL,$41.23,1441732216640,"2,764,142",93% bullish,of 88 ratings,$57
AMOV,$17.79,1441732216665,760,100% bearish,of 1 rating,N/A
AGNC,$19.05,1441732216743,"840,858",71% bullish,of 28 ratings,$22
AGNCB,$24.2575,1441732216816,"4,254",Not yet rated,NULL,N/A
AGNCP,$25.39,1441732217001,"2,750",Not yet rated,NULL,N/A
MTGEP,NULL,1441732217070,0,Not yet rated,NULL,N/A
ACSF,$12.1972,1441732217096,"5,538",100% bearish,of 1 rating,$15
ANCI,$1.41,1441732217121,700,100% bearish,of 1 rating,N/A
ACAS,$13.895,1441732217154,"480,735",60% bullish,of 5 ratings,$16.75
MTGE,$15.15,1441732217180,"140,320",75% bullish,of 4 ratings,$19.50
AETI,$3.4594,1441732217260,"1,600",67% bearish,of 3 ratings,N/A
AMNB,$23.59,1441732217391,"3,388",Not yet rated,NULL,$25.50
APEI,$22.46,1441732217463,"12,779",100% bearish,of 1 rating,$25.50
AMIC,$10.01,1441732217489,200,100% bearish,of 1 rating,N/A
ANAT,$97.885,1441732217510,"25,815",100% bullish,of 1 rating,N/A
ARII,$40.5,1441732217640,"65,698",67% bearish,of 3 ratings,$45
AMRB,$10.3524,1441732217732,"2,699",Not yet rated,NULL,$11
ASEI,$39.365,1441732217836,"10,830",100% bearish,of 1 rating,$52.50
AMSC,$5.22,1441732217874,"29,669",50% bullish,of 4 ratings,N/A
CRMT,$35.61,1441732217929,"6,502",100% bearish,of 1 rating,$38
AMWD,$68.545,1441732217964,"49,268",50% bullish,of 2 ratings,$70
AMSWA,$9.0992,1441732218002,"10,169",100% bearish,of 2 ratings,$10.75
ABCB,$27.65,1441732218027,"20,172",Not yet rated,NULL,$31
AMSF,$47.28,1441732218271,"7,285",Not yet rated,NULL,$57.50
ASRV,$3.22,1441732218315,"3,600",100% bullish,of 2 ratings,N/A
ASRVP,NULL,1441732218348,0,Not yet rated,NULL,N/A
ATLO,$23.08,1441732218410,894,Not yet rated,NULL,N/A
AMGN,$152.5,1441732218445,"1,314,997",89% bullish,of 19 ratings,$185
FOLD,$16.8148,1441732218501,"666,249",56% bullish,of 9 ratings,$21
AMPH,$14.07,1441732218636,"81,569",50% bullish,of 2 ratings,$20
AMKR,$5.5,1441732218711,"485,540",100% bearish,of 2 ratings,$5
AMSG,$80.81,1441732218767,"129,277",100% bearish,of 1 rating,$85.50
AMSGP,$152.74,1441732218843,146,Not yet rated,NULL,N/A
ASYS,$5.32,1441732218902,"13,396",67% bullish,of 3 ratings,$12
ANAC,$135.13,1441732218975,"81,754",80% bullish,of 5 ratings,$180.50
AFSI,$58.14,1441732219118,"107,705",60% bullish,of 5 ratings,$72
AMRS,$1.807,1441732219190,"93,709",70% bullish,of 10 ratings,N/A
ANAD,$0.2941,1441732219250,"218,286",100% bullish,of 2 ratings,$.50
ADI,$56.86,1441732219275,"939,425",75% bullish,of 4 ratings,$69
ANCB,$21.6,1441732219411,"5,169",Not yet rated,NULL,$23
ABCW,$42.67,1441732219437,"14,055",67% bullish,of 3 ratings,N/A
ALOG,$82.73,1441732219515,"31,188",100% bearish,of 2 ratings,$100.50
ANIP,$52.83,1441732219779,"37,128",89% bullish,of 19 ratings,$66
ANGI,$5.255,1441732219804,"136,803",64% bullish,of 11 ratings,$5.50
ANIK,$36.56,1441732219849,"26,880",60% bullish,of 5 ratings,$51.25
ANSS,$91.77,1441732219875,"78,419",100% bearish,of 1 rating,$100
AMCF,NULL,1441732219895,0,NULL,NULL,NULL
ANGO,$14.6401,1441732219931,"14,681",67% bullish,of 3 ratings,$19
ATRS,$1.84,1441732219958,"86,220",92% bullish,of 12 ratings,$4.50
ANTH,$7.57,1441732220087,"174,856",80% bullish,of 10 ratings,$13
ATNY,$2.4245,1441732220288,"9,666",50% bullish,of 2 ratings,$3.75
ABAC,$0.79,1441732220354,40,100% bearish,of 1 rating,N/A
APIC,$7.81,1441732220423,"61,071",100% bearish,of 1 rating,$19
AINV,$6.485,1441732220486,"311,577",50% bullish,of 4 ratings,$8
APOL,$11.58,1441732220511,"350,503",87% bearish,of 68 ratings,$14
AAPL,$110.69,1441732220643,"15,412,778",86% bullish,of 2368 ratings,$150
APOG,$54.33,1441732220671,"29,691",50% bullish,of 2 ratings,$67
ARCI,$1.16,1441732220692,"2,818",Not yet rated,NULL,N/A
APDN,$3.55,1441732220737,"31,197",Not yet rated,NULL,$9
APPF,$17.8,1441732220884,"19,865",50% bullish,of 2 ratings,$22
APDNW,$1.5,1441732220913,"1,435",Not yet rated,NULL,N/A
AGTC,$16.82,1441732220934,"15,464",50% bullish,of 2 ratings,$33
AMAT,$15.735,1441732220963,"4,260,708",82% bullish,of 11 ratings,$23
AMCC,$5.87,1441732221129,"117,161",80% bullish,of 5 ratings,$8
AAOI,$21.33,1441732221156,"101,695",50% bullish,of 4 ratings,$26
AREX,$2.645,1441732221292,"344,932",50% bullish,of 2 ratings,$3
AQMS,$4.995,1441732221387,"8,316",Not yet rated,NULL,N/A
APRI,$1.73,1441732221415,"134,437",83% bullish,of 6 ratings,$4.86
APTO,$5.15,1441732221440,"3,104",Not yet rated,NULL,$17
AQXP,$15.9,1441732221567,"112,320",67% bearish,of 3 ratings,$2
AUMA,NULL,1441732221611,0,Not yet rated,NULL,N/A
ARDM,$7.33,1441732221652,300,100% bullish,of 1 rating,$26
AUMAW,NULL,1441732221680,0,Not yet rated,NULL,N/A
AUMAU,NULL,1441732221746,0,Not yet rated,NULL,N/A
PETX,$18.095,1441732221783,"55,542",100% bearish,of 2 ratings,$26
ABUS,$7.04,1441732221808,"69,511",86% bullish,of 14 ratings,$21.50
ARCW,$3.24,1441732221966,"13,654",100% bearish,of 2 ratings,$10.50
RKDA,$5.31,1441732222062,"13,849",100% bearish,of 2 ratings,$10
ABIO,$7.1368,1441732222131,"90,069",50% bullish,of 2 ratings,$26.242
ACGL,$69.31,1441732222263,"107,147",50% bullish,of 2 ratings,$72
ARCB,$29.36,1441732222291,"29,066",67% bearish,of 3 ratings,$39.50
ARDX,$20.54,1441732222323,"104,340",50% bullish,of 2 ratings,$24.50
ARNA,$2.75,1441732222420,"305,429",90% bullish,of 78 ratings,$5.50
ACAT,$25.07,1441732222447,"100,057",100% bearish,of 3 ratings,$33
ARCC,$15.551,1441732222472,"354,374",67% bearish,of 3 ratings,$17.75
ARGS,$6.19,1441732222619,"8,506",50% bullish,of 2 ratings,$19.50
AGII,$54.72,1441732222685,"13,747",Not yet rated,NULL,$59.50
AGIIL,$25.305,1441732222714,"5,158",Not yet rated,NULL,N/A
ARIS,$3.76,1441732222742,"7,496",Not yet rated,NULL,$4.50
ARIA,$7.88,1441732222790,"1,626,483",87% bullish,of 46 ratings,$9
ARKR,$24.64,1441732222890,"2,780",50% bullish,of 2 ratings,N/A
ARMH,$43.9242,1441732222964,"681,544",54% bearish,of 13 ratings,$60
ARTX,$1.37,1441732223102,"43,055",88% bullish,of 16 ratings,$4.50
ARWAR,NULL,1441732223174,0,Not yet rated,NULL,N/A
ARWA,NULL,1441732223247,0,Not yet rated,NULL,N/A
ARQL,$1.71,1441732223379,"51,676",75% bullish,of 4 ratings,$5
ARWAU,NULL,1441732223409,0,100% bullish,of 1 rating,N/A
ARWAW,NULL,1441732223435,0,Not yet rated,NULL,N/A
DWAT,$9.7615,1441732223464,"7,605",100% bearish,of 1 rating,N/A
ARRS,$26.73,1441732223516,"180,693",50% bullish,of 2 ratings,$38
ARRY,$5.7525,1441732223546,"365,940",100% bullish,of 7 ratings,$10
ARWR,$5.51,1441732223653,"344,806",75% bullish,of 4 ratings,$10.50
AROW,$27.2024,1441732223685,"3,160",Not yet rated,NULL,N/A
ARTW,$4.02,1441732223894,390,75% bearish,of 4 ratings,N/A
ARTNA,$21.7999,1441732223924,"3,283",100% bearish,of 1 rating,$29
ASBB,$25.23,1441732223969,6,Not yet rated,NULL,N/A
ASNA,$12.16,1441732224061,"913,007",50% bullish,of 2 ratings,$17.50
ASND,$20.6099,1441732224235,"9,550",50% bullish,of 2 ratings,$30
ASTI,$0.24,1441732224262,"2,427,278",83% bullish,of 6 ratings,$3
APWC,$1.75,1441732224338,204,100% bearish,of 1 rating,N/A
ASMI,NULL,1441732224470,0,NULL,NULL,NULL
ASMB,$13.5,1441732224501,"13,066",67% bullish,of 3 ratings,N/A
ASML,$93.31,1441732224523,"272,036",50% bullish,of 4 ratings,$127
AZPN,$39.42,1441732224559,"162,966",50% bullish,of 2 ratings,$42
ASCMA,$28.17,1441732224580,"32,855",100% bearish,of 1 rating,$45
ASFI,$8.734,1441732224661,"2,400",100% bullish,of 1 rating,N/A
ALOT,$13.95,1441732224795,522,100% bearish,of 1 rating,N/A
ASTE,$38.16,1441732224821,"33,711",100% bearish,of 1 rating,$49
ATRO,$50.02,1441732224901,"53,624",100% bearish,of 2 ratings,$80
ASTC,$2.307,1441732225047,"13,307",100% bullish,of 5 ratings,N/A
ATAI,$2.36,1441732225191,"13,869",100% bearish,of 1 rating,N/A
AAME,$3.46,1441732225383,"1,202",Not yet rated,NULL,N/A
ATHN,$135.42,1441732225415,"75,134",67% bearish,of 3 ratings,$153
ASUR,$5.57,1441732225455,881,50% bullish,of 2 ratings,$8
ATHX,$1.16,1441732225485,"33,619",89% bullish,of 9 ratings,$5
AFCB,NULL,1441732225506,0,Not yet rated,NULL,N/A
ATRA,$43.75,1441732225544,"78,820",50% bullish,of 2 ratings,$68
ACFC,$5.5499,1441732225584,"4,165",100% bearish,of 1 rating,$6.50
AAPC,$10.1,1441732225638,200,Not yet rated,NULL,N/A
ATNI,$73.96,1441732225795,"16,874",100% bearish,of 1 rating,$69.50
ATLC,$3.92,1441732225902,"2,800",67% bullish,of 3 ratings,N/A
AAWW,$38.64,1441732225927,"67,346",50% bullish,of 2 ratings,$65
AFH,$16.25,1441732226127,"26,699",Not yet rated,NULL,$21.50
ATRI,$379.95,1441732226187,"1,336",Not yet rated,NULL,N/A
ATML,$7.965,1441732226264,"1,446,085",78% bullish,of 9 ratings,$9.50
ATOS,$0.89,1441732226319,"26,270",100% bullish,of 7 ratings,$7
LIFE,$15.16,1441732226349,"21,827",86% bullish,of 7 ratings,$43
ATRM,$3.105,1441732226370,100,50% bullish,of 2 ratings,N/A
ATRC,$24.38,1441732226407,"37,259",100% bullish,of 1 rating,$30
AUBN,$26.86,1441732226448,502,Not yet rated,NULL,N/A
ATTU,$13.19,1441732226498,"4,475",100% bearish,of 1 rating,$20.50
AUPH,$3.4,1441732226666,"6,920",100% bearish,of 1 rating,$8
AUDC,$3.31,1441732226693,"5,931",80% bullish,of 5 ratings,$5
EARS,$4.46,1441732226838,"4,208",100% bearish,of 2 ratings,$8.49
ADAT,$0.3497,1441732226906,"183,895",100% bullish,of 2 ratings,N/A
ADSK,$46.25,1441732227052,"393,624",67% bullish,of 6 ratings,$66
ABTL,$19.205,1441732227098,"31,354",100% bullish,of 4 ratings,$20.25
ADP,$77.52,1441732227185,"431,875",100% bearish,of 1 rating,$88
AAVL,$10.6101,1441732227227,"100,556",100% bearish,of 1 rating,$20
AVNU,$13,1441732227255,"5,100",Not yet rated,NULL,$14
AVGO,$127.14,1441732227276,"804,574",88% bullish,of 8 ratings,$165
AVEO,$1.36,1441732227506,"218,686",75% bullish,of 8 ratings,$3
AVID,$8.74,1441732227534,"94,001",100% bearish,of 1 rating,$20
AVGR,$15.3,1441732227556,"8,559",100% bearish,of 1 rating,$20
CAR,$43.27,1441732227590,"283,811",67% bullish,of 6 ratings,$60
AVNW,$1.1986,1441732227611,"12,865",50% bullish,of 2 ratings,N/A
ACLS,$3.485,1441732227748,"764,984",67% bullish,of 6 ratings,$4.75
AWRE,$3.2368,1441732227833,"4,268",67% bullish,of 3 ratings,N/A
AXPW,$1.7794,1441732227938,"361,336",86% bullish,of 7 ratings,N/A
AXPWW,$0.95,1441732228071,30,Not yet rated,NULL,N/A
AXGN,$4.7701,1441732228096,"30,138",Not yet rated,NULL,$5
BCOM,$19.52,1441732228251,109,100% bearish,of 1 rating,N/A
BOSC,$2.2499,1441732228281,"27,954",50% bullish,of 2 ratings,N/A
AXTI,$2.16,1441732228303,"6,212",50% bullish,of 2 ratings,$2.75
RILY,NULL,1441732228337,0,Not yet rated,NULL,N/A
BIDU,$146.7289,1441732228358,"1,433,566",81% bullish,of 88 ratings,$210
BEAV,$49.78,1441732228390,"103,916",67% bearish,of 3 ratings,$59
BCPC,$57.82,1441732228520,"30,181",100% bearish,of 1 rating,$75
BLDP,$1.3607,1441732228627,"98,716",91% bullish,of 22 ratings,$2.50
BWINA,$22.98,1441732228653,187,Not yet rated,NULL,N/A
BANF,$60.8301,1441732228730,"4,870",Not yet rated,NULL,$68
BANFP,NULL,1441732228815,0,Not yet rated,NULL,N/A
BWINB,$22.3,1441732228888,"6,295",Not yet rated,NULL,N/A
BKMU,$7.11,1441732229022,"25,876",Not yet rated,NULL,$8
BMRC,$48.56,1441732229080,899,Not yet rated,NULL,$52
BOCH,$5.8,1441732229105,"10,491",Not yet rated,NULL,$6.50
BOTJ,$10.94,1441732229155,"1,666",Not yet rated,NULL,N/A
BKSC,$16.34,1441732229207,"4,898",Not yet rated,NULL,N/A
OZRK,$41.89,1441732229287,"113,333",67% bullish,of 3 ratings,$49.50
BWFG,$18.2001,1441732229339,"3,345",100% bearish,of 1 rating,N/A
BFIN,$12.12,1441732229416,"7,172",Not yet rated,NULL,$13
TAPR,$33.44,1441732229547,265,100% bearish,of 1 rating,N/A
BANR,$44.23,1441732229580,"16,071",100% bullish,of 3 ratings,$50
BZUN,$5.34,1441732229677,"50,879",50% bullish,of 2 ratings,$11.50
BHACR,NULL,1441732229775,0,Not yet rated,NULL,N/A
BHAC,NULL,1441732229818,0,Not yet rated,NULL,N/A
BHACU,NULL,1441732229853,0,Not yet rated,NULL,N/A
BHACW,NULL,1441732229873,0,Not yet rated,NULL,N/A
BSET,$30.4199,1441732229948,"16,141",100% bearish,of 1 rating,$35
BBSI,$34.5,1441732230052,"18,215",67% bearish,of 3 ratings,$62.50
BYLK,$12.8777,1441732230219,"6,972",Not yet rated,NULL,$14
BV,$5.13,1441732230248,"168,353",67% bullish,of 6 ratings,$8.75
BYBK,$5.0501,1441732230307,"6,600",100% bearish,of 1 rating,N/A
BBCN,$14.51,1441732230348,"42,580",100% bearish,of 1 rating,$16
BCBP,NULL,1441732230374,0,Not yet rated,NULL,N/A
BDCV,$4.924,1441732230441,"3,542",100% bearish,of 1 rating,$10.19
BECN,$36.28,1441732230632,"122,395",50% bullish,of 2 ratings,$40
BSF,$8.79,1441732230657,"2,019",Not yet rated,NULL,N/A
BBGI,NULL,1441732230722,0,100% bearish,of 1 rating,N/A
BEBE,$1.2,1441732230866,"176,227",75% bullish,of 4 ratings,$2.125
BELFB,$18.7,1441732230894,"12,910",100% bearish,of 1 rating,N/A
BELFA,$15.98,1441732230921,8,100% bearish,of 1 rating,N/A
BBBY,$62.64,1441732230950,"519,013",71% bullish,of 7 ratings,$75
BLCM,$16.67,1441732231059,"94,915",50% bullish,of 4 ratings,$40
BLPH,$3.9899,1441732231092,"15,680",100% bearish,of 1 rating,$12.50
BNCL,$12.77,1441732231192,"115,240",100% bullish,of 3 ratings,$12.50
BNFT,$36.5949,1441732231326,"18,167",67% bullish,of 3 ratings,$46
BGMD,$0.626,1441732231351,"152,718",100% bullish,of 10 ratings,N/A
BNTC,$6.8001,1441732231390,"3,061",100% bullish,of 1 rating,N/A
BGCP,$8.96,1441732231480,"304,010",88% bullish,of 8 ratings,$14
BGFV,$11.45,1441732231505,"52,033",57% bullish,of 7 ratings,$12
BIND,$5.07,1441732231658,"52,549",75% bullish,of 4 ratings,$13.50
BASI,$1.65,1441732231693,5,Not yet rated,NULL,N/A
ORPN,$5.54,1441732231791,"2,500",100% bullish,of 1 rating,$28.50
BCDA,NULL,1441732231816,0,Not yet rated,NULL,N/A
BIOC,$2.165,1441732231856,"281,799",83% bullish,of 6 ratings,$3.85
BIOD,$0.7001,1441732231881,"24,400",80% bullish,of 5 ratings,$4
BCRX,$11.96,1441732231943,"100,054",63% bullish,of 8 ratings,$18
BDSI,$6.6399,1441732232043,"292,642",88% bullish,of 8 ratings,$17
BIIB,$304.0101,1441732232127,"447,678",88% bullish,of 16 ratings,$400
BLRX,$1.7637,1441732232320,"106,833",100% bullish,of 12 ratings,$5
BIOL,$1.55,1441732232345,"7,096",Not yet rated,NULL,N/A
BLFS,$2.36,1441732232619,"43,713",50% bullish,of 2 ratings,$4.75
BMRN,$129.235,1441732232644,"191,731",80% bullish,of 5 ratings,$160
BPTH,$1.19,1441732232679,"16,413",100% bullish,of 2 ratings,$5
BVXV,$4.18,1441732232709,"83,095",Not yet rated,NULL,N/A
BBC,$32.37,1441732232772,"11,841",Not yet rated,NULL,N/A
BIOS,$2.475,1441732232800,"162,643",71% bullish,of 7 ratings,$4
BVXVW,NULL,1441732232827,0,100% bearish,of 1 rating,N/A
BRLI,NULL,1441732232851,0,NULL,NULL,NULL
BSTC,$49.65,1441732233110,"26,520",100% bearish,of 1 rating,$76
BOTA,$2.16,1441732233147,"19,561",88% bullish,of 8 ratings,N/A
BBP,$32.49,1441732233177,"2,335",Not yet rated,NULL,N/A
BSPM,$0.703,1441732233198,770,50% bullish,of 2 ratings,N/A
TECH,$93.58,1441732233279,"91,769",100% bullish,of 1 rating,$117
BDMS,$13.1,1441732233349,100,100% bearish,of 1 rating,N/A
BEAT,$16.125,1441732233411,"279,069",67% bearish,of 3 ratings,$15
BBRY,$7.325,1441732233619,"1,502,395",61% bullish,of 331 ratings,$9
BJRI,$45.24,1441732233651,"67,045",50% bullish,of 2 ratings,$55
BLKB,$57.72,1441732233672,"22,784",100% bearish,of 2 ratings,$66
BDE,$7.47,1441732233693,"18,520",50% bullish,of 2 ratings,$9
BITI,$17.05,1441732233731,"11,845",100% bullish,of 1 rating,$28
BBOX,$14.8,1441732233752,"20,420",100% bearish,of 1 rating,N/A
HAWK,$40.15,1441732233938,"70,576",91% bullish,of 11 ratings,$49
BKCC,$9.4721,1441732234071,"107,452",50% bullish,of 2 ratings,$10
ADRA,$26.76,1441732234096,"1,221",100% bearish,of 1 rating,N/A
ADRE,$29.0501,1441732234122,"2,891",100% bearish,of 1 rating,N/A
ADRD,$21.6996,1441732234142,"2,449",100% bearish,of 1 rating,N/A
BLBD,$11.54,1441732234371,"5,038",Not yet rated,NULL,N/A
ADRU,$21.55,1441732234428,"1,808",100% bearish,of 1 rating,N/A
BCOR,$13.21,1441732234477,"55,818",57% bullish,of 7 ratings,$15
BUFF,$23.49,1441732234507,"422,003",77% bullish,of 13 ratings,$31.50
NILE,$33.78,1441732234533,"9,301",50% bullish,of 2 ratings,$34
BLMN,$20.78,1441732234561,"211,433",83% bullish,of 6 ratings,$27.50
BBLU,$0.9101,1441732234588,"33,434",100% bullish,of 2 ratings,$4.43
BHBK,$14.11,1441732234609,"4,927",100% bullish,of 1 rating,$14.50
BLUE,$134.63,1441732234752,"343,357",71% bullish,of 7 ratings,$217.50
BKEPP,$7.95,1441732235044,"2,120",100% bearish,of 1 rating,N/A
BKEP,$6.44,1441732235069,"4,182",100% bearish,of 1 rating,$8.50
BNCN,$21.5,1441732235284,"10,790",Not yet rated,NULL,$24
BPMC,$29.44,1441732235309,"19,331",50% bullish,of 2 ratings,$47.50
BOFI,$116.67,1441732235464,"95,744",100% bullish,of 6 ratings,$144
BOJA,$21.21,1441732235499,"29,584",100% bullish,of 1 rating,$30
BOKF,$63.56,1441732235530,"29,669",100% bearish,of 1 rating,$69
BOBE,$46.43,1441732235551,"97,613",75% bullish,of 4 ratings,$57
BONA,$11.305,1441732235591,"87,226",75% bullish,of 4 ratings,$8.50
WIFI,$7.8,1441732235617,"58,531",50% bullish,of 2 ratings,$13.50
BNSO,$1.269,1441732235641,"1,563",100% bearish,of 1 rating,N/A
BAMM,$3.21,1441732235775,"2,051",60% bullish,of 5 ratings,N/A
BPFHP,$25.47,1441732235848,"3,800",100% bearish,of 1 rating,N/A
BPFH,$11.9907,1441732235906,"64,336",100% bearish,of 1 rating,$14
BPFHW,NULL,1441732236062,0,100% bearish,of 1 rating,N/A
EPAY,$26.69,1441732236109,"44,575",100% bearish,of 2 ratings,$30
BDBD,$8.41,1441732236243,"140,275",60% bullish,of 5 ratings,$10
BCLI,$3.175,1441732236271,"38,951",80% bullish,of 5 ratings,$12
BBEP,$2.775,1441732236303,"832,429",69% bullish,of 13 ratings,$5.625
BBEPP,$14.7755,1441732236400,"7,477",50% bullish,of 2 ratings,N/A
BDGE,$26.39,1441732236432,"8,452",Not yet rated,NULL,$31.75
BRID,NULL,1441732236537,0,100% bearish,of 1 rating,N/A
BBRG,$12.5,1441732236561,"17,661",67% bullish,of 3 ratings,$14.50
BLIN,$1.59,1441732236595,"39,681",50% bullish,of 2 ratings,$2.20
BRCM,$51.97,1441732236634,"487,075",69% bullish,of 13 ratings,$56
BCOV,$5.22,1441732236693,"11,698",67% bullish,of 3 ratings,$10.20
BSFT,$32.66,1441732236794,"55,412",57% bullish,of 7 ratings,$40.50
BVSN,$5.86,1441732236891,331,60% bearish,of 5 ratings,N/A
BYFC,$1.43,1441732237082,200,50% bullish,of 2 ratings,N/A
BWEN,$3.23,1441732237155,"16,950",75% bullish,of 4 ratings,$8
BRKS,$10.45,1441732237212,"21,319",67% bullish,of 3 ratings,$15.25
BRCD,$10.28,1441732237238,"760,817",92% bullish,of 13 ratings,$12
BRKR,$18.09,1441732237287,"50,930",100% bearish,of 2 ratings,$22
BRKL,$10.55,1441732237312,"42,692",100% bearish,of 1 rating,$12
BMTC,$29.8301,1441732237367,"12,919",Not yet rated,NULL,$34
BSQR,$6.07,1441732237454,"15,718",67% bullish,of 3 ratings,N/A
BLMT,$21.295,1441732237485,"5,800",Not yet rated,NULL,N/A
BWLD,$198.55,1441732237581,"82,375",82% bullish,of 11 ratings,$205
BLDR,$15.7,1441732237616,"410,227",67% bullish,of 3 ratings,$22
BUR,$1.78,1441732237717,"6,626",100% bearish,of 1 rating,$8
CFFI,$35.7,1441732237746,100,100% bearish,of 1 rating,N/A
CHRW,$68.57,1441732237790,"258,536",Not yet rated,NULL,$72
CA,$27.745,1441732237928,"802,756",50% bullish,of 4 ratings,$33
CCMP,$42.95,1441732238031,"26,071",50% bullish,of 2 ratings,$59
CACQ,$7.2,1441732238107,"110,762",100% bearish,of 1 rating,$12.25
CDNS,$20.72,1441732238133,"493,155",75% bullish,of 4 ratings,$22.50
CDZI,$7.85,1441732238210,"8,325",100% bearish,of 1 rating,N/A
CSTE,$40.23,1441732238310,"112,455",50% bullish,of 2 ratings,$65
CZR,$9.547,1441732238377,"395,890",60% bearish,of 5 ratings,$10.50
CLBS,$1.78,1441732238410,"39,682",79% bullish,of 14 ratings,$4
PRSS,$4.3,1441732238441,"29,402",80% bullish,of 5 ratings,$4.50
CHY,$11.01,1441732238511,"183,666",Not yet rated,NULL,N/A
CLMS,$9.93,1441732238538,"30,076",Not yet rated,NULL,$10.50
CHI,$10.31,1441732238620,"94,017",100% bearish,of 1 rating,N/A
CCD,$19.19,1441732238678,"56,155",Not yet rated,NULL,N/A
CFGE,$10.52,1441732238858,12,Not yet rated,NULL,N/A
CGO,$11.95,1441732238892,"8,895",100% bearish,of 1 rating,N/A
CSQ,$9.66,1441732238918,"172,614",Not yet rated,NULL,N/A
CHW,$7.4,1441732238947,"133,275",100% bearish,of 1 rating,N/A
CAMP,$16.2101,1441732239051,"102,059",88% bullish,of 8 ratings,$25
CALA,$6.09,1441732239180,"133,355",67% bullish,of 3 ratings,$19.50
CFNB,NULL,1441732239209,0,100% bearish,of 1 rating,N/A
CVGW,$49.64,1441732239230,"42,468",50% bullish,of 2 ratings,$58
CALM,$55.5,1441732239363,"193,254",80% bullish,of 5 ratings,$63.50
CLMT,$25.46,1441732239394,"71,993",75% bullish,of 8 ratings,$31
CALD,$16.65,1441732239424,"203,616",100% bearish,of 1 rating,$21
CAMB,$10.1,1441732239445,"18,200",Not yet rated,NULL,N/A
ABCD,$5.1758,1441732239496,"37,910",83% bullish,of 6 ratings,N/A
CAMBU,NULL,1441732239578,0,100% bearish,of 1 rating,N/A
CAMBW,$0.2201,1441732239791,"145,454",Not yet rated,NULL,N/A
CAC,$40.35,1441732239891,"1,801",Not yet rated,NULL,N/A
CSIQ,$18.6936,1441732239917,"597,804",86% bullish,of 28 ratings,$42.50
CAMT,$2.68,1441732239962,"22,766",73% bullish,of 11 ratings,$4
CGIX,$10.23,1441732240094,"20,340",67% bullish,of 3 ratings,$14.375
CBF,$30.83,1441732240120,"22,266",Not yet rated,NULL,$32
CPHC,$10.47,1441732240181,110,100% bearish,of 1 rating,N/A
CBNJ,$11.25,1441732240247,"52,798",100% bearish,of 1 rating,N/A
CPLA,$49.75,1441732240277,"24,352",67% bearish,of 3 ratings,$65
CCBG,$15.23,1441732240348,"3,526",Not yet rated,NULL,$17.25
CPLP,$6.9362,1441732240378,"77,934",71% bullish,of 7 ratings,$11
CPTA,$14.3499,1441732240404,"23,391",100% bearish,of 1 rating,$18.25
CFFN,$11.9,1441732240551,"96,278",Not yet rated,NULL,$12.75
CSWC,$44.47,1441732240580,"8,085",Not yet rated,NULL,N/A
CAPN,$2.6499,1441732240609,"3,866,960",100% bullish,of 1 rating,$10.85
CAPNW,$0.755,1441732240874,"16,121",Not yet rated,NULL,N/A
CAPR,$4.3,1441732240920,"5,375",Not yet rated,NULL,$12
CPST,$0.392,1441732241012,"243,311",95% bullish,of 22 ratings,$1.25
CARA,$19.21,1441732241046,"75,227",50% bullish,of 4 ratings,$25
CBYL,$5.44,1441732241074,"2,486",100% bearish,of 1 rating,$20
CRDC,$0.325,1441732241113,"70,510",100% bullish,of 1 rating,$1.25
CFNL,$22.4,1441732241140,"21,211",Not yet rated,NULL,$24
CARB,$11.08,1441732241169,"15,077",75% bullish,of 4 ratings,$12
CRME,$9.47,1441732241273,"1,400",89% bullish,of 9 ratings,$11.25
CSII,$23.15,1441732241330,"91,536",100% bearish,of 2 ratings,$42.125
CDNA,$7.05,1441732241461,"3,790",100% bearish,of 1 rating,$9
CATM,$33.86,1441732241514,"52,825",100% bearish,of 1 rating,$44
CTRE,$11.08,1441732241551,"53,299",50% bullish,of 2 ratings,$13.50
CECO,$4,1441732241589,"207,019",67% bearish,of 3 ratings,$6
CKEC,$23.01,1441732241689,"77,791",50% bullish,of 2 ratings,$35.915
CARO,$15.2999,1441732241793,600,100% bearish,of 1 rating,$19
CLBH,$12.83,1441732241814,"2,893",Not yet rated,NULL,$16.50
CART,$5.3501,1441732241892,570,100% bearish,of 1 rating,N/A
TAST,$12.98,1441732241946,"83,347",Not yet rated,NULL,$14.25
CRZO,$36.185,1441732241984,"417,622",67% bearish,of 3 ratings,$54.50
CRTN,NULL,1441732242017,0,100% bearish,of 1 rating,N/A
CARV,$6.96,1441732242149,"8,616",50% bullish,of 2 ratings,N/A
CACB,$5.34,1441732242176,"14,651",Not yet rated,NULL,$5.50
CASM,$1.21,1441732242201,"6,137",100% bullish,of 1 rating,$3.50
CWST,$6.63,1441732242352,"92,628",50% bullish,of 2 ratings,$7.25
CSCD,$15.62,1441732242385,"10,220",100% bullish,of 2 ratings,$17
CASY,$108.1652,1441732242483,"80,805",50% bullish,of 2 ratings,$99.50
CASI,$1.25,1441732242512,"24,540",100% bullish,of 1 rating,$3.50
CATB,$11.17,1441732242550,"18,120",100% bearish,of 1 rating,$28
CPRX,$3.9,1441732242615,"124,318",71% bullish,of 7 ratings,$7
CATY,$29.4,1441732242644,"164,891",100% bearish,of 1 rating,$33.50
CASS,$49.31,1441732242741,"3,467",100% bearish,of 1 rating,N/A
CATYW,NULL,1441732242813,0,100% bearish,of 1 rating,N/A
CVCO,$71,1441732242840,"7,664",100% bearish,of 1 rating,N/A
CAVM,$71.31,1441732242892,"152,989",67% bearish,of 3 ratings,$72
CBFV,$20.599,1441732242922,304,Not yet rated,NULL,$25
CNLM,$9.99,1441732243021,"6,700",Not yet rated,NULL,N/A
CNLMR,NULL,1441732243150,0,Not yet rated,NULL,N/A
CNLMU,NULL,1441732243254,0,100% bullish,of 1 rating,N/A
CBOE,$64.01,1441732243284,"90,047",Not yet rated,NULL,$63
CNLMW,$0.3,1441732243308,"1,000",Not yet rated,NULL,N/A
CDK,$49.38,1441732243573,"79,014",67% bearish,of 3 ratings,$50
CECE,$8.9897,1441732243612,"87,860",50% bullish,of 2 ratings,$16
CPXX,$2.5,1441732243633,"197,333",100% bullish,of 2 ratings,$7
CDW,$40.09,1441732243654,"424,932",75% bullish,of 4 ratings,$44
CELGZ,$1.71,1441732243698,"3,851",80% bullish,of 5 ratings,N/A
CLDN,$1.2628,1441732243724,"147,575",63% bullish,of 8 ratings,$3
CELG,$120.58,1441732243745,"1,112,794",92% bullish,of 13 ratings,$156
CLDX,$14.54,1441732243787,"178,327",89% bullish,of 9 ratings,$36
CLRB,NULL,1441732243922,0,100% bearish,of 1 rating,N/A
CLRBW,NULL,1441732243957,0,Not yet rated,NULL,N/A
CLLS,$32.18,1441732243985,"24,598",75% bullish,of 4 ratings,$51.50
CLSN,$2.1192,1441732244248,"81,428",80% bullish,of 10 ratings,$7.50
CBMG,$23.56,1441732244281,"25,757",50% bullish,of 2 ratings,N/A
CLTX,$1.9155,1441732244377,"54,822",100% bullish,of 2 ratings,N/A
CETV,$2.11,1441732244403,"10,782",67% bullish,of 3 ratings,$2.80
CEMP,$35.365,1441732244437,"361,760",71% bullish,of 7 ratings,$52
CYAD,$44.55,1441732244458,"1,527",100% bullish,of 1 rating,$87.50
CSFL,$14.13,1441732244487,"23,203",Not yet rated,NULL,$15
CETX,$2.5,1441732244536,"5,668",Not yet rated,NULL,$5.60
CFBK,$1.34,1441732244640,"2,225",Not yet rated,NULL,N/A
CENT,$15.07,1441732244729,"178,601",Not yet rated,NULL,$10
CENX,$5.43,1441732244835,"556,484",67% bullish,of 6 ratings,$9
CVCY,$11.75,1441732244900,400,Not yet rated,NULL,$12
CENTA,$15.48,1441732244931,"101,014",Not yet rated,NULL,N/A
CNBKA,$39.826,1441732244964,"1,100",50% bullish,of 2 ratings,N/A
CNTY,$5.875,1441732245040,"4,711",80% bullish,of 5 ratings,$7.75
CPHD,$50.68,1441732245066,"202,342",67% bearish,of 3 ratings,$66
CERE,$1.1201,1441732245146,"51,773",88% bullish,of 8 ratings,N/A
CRNT,$1.3576,1441732245339,"118,032",50% bullish,of 2 ratings,$2
CERN,$62.26,1441732245397,"468,648",67% bullish,of 3 ratings,$79
CEVA,$19.31,1441732245471,"11,427",100% bearish,of 1 rating,$25
CERU,$4.415,1441732245503,"14,682",75% bullish,of 4 ratings,$14
KOOL,$0.62,1441732245601,"8,746",100% bullish,of 5 ratings,$7
CERS,$5.305,1441732245630,"199,491",75% bullish,of 4 ratings,$7
CYOU,$18.81,1441732245703,"68,080",50% bullish,of 6 ratings,$24
HOTR,$1.34,1441732245729,"81,281",100% bullish,of 2 ratings,$5
HOTRW,$0.15,1441732245860,"9,000",Not yet rated,NULL,N/A
CTHR,$1.24,1441732245888,"2,562",50% bullish,of 2 ratings,$2.50
GTLS,$23.15,1441732245945,"74,912",50% bullish,of 4 ratings,$40
CHFN,$12.27,1441732246045,"4,281",Not yet rated,NULL,$14
CHTR,$184.05,1441732246074,"207,648",67% bearish,of 3 ratings,$202
CHKP,$77.36,1441732246098,"342,702",50% bullish,of 4 ratings,$92
CHEKW,NULL,1441732246251,0,Not yet rated,NULL,N/A
CHEK,$2.6,1441732246302,"3,650",Not yet rated,NULL,$7.75
CEMI,$4.22,1441732246334,"1,065",50% bullish,of 2 ratings,$7.50
CHFC,$30.89,1441732246434,"64,300",100% bearish,of 1 rating,$36
CHMG,$26.41,1441732246501,676,Not yet rated,NULL,$30
CCXI,$6.29,1441732246530,"25,129",67% bullish,of 3 ratings,$14
CHKE,$25.51,1441732246566,"1,976",100% bearish,of 1 rating,$32.50
CHEV,$14.67,1441732246637,"1,510",Not yet rated,NULL,N/A
CHMA,$28.3,1441732246666,"63,512",Not yet rated,NULL,$40
CBNK,$16.51,1441732246774,"1,100",100% bearish,of 1 rating,N/A
PLCE,$58.49,1441732246839,"65,214",100% bearish,of 1 rating,$69
CADC,NULL,1441732246905,0,78% bullish,of 9 ratings,N/A
CMRX,$51.22,1441732246968,"57,353",50% bullish,of 2 ratings,$57
CALI,$0.82,1441732246993,6,67% bullish,of 3 ratings,N/A
CBAK,$2.0971,1441732247155,"33,144",67% bullish,of 9 ratings,N/A
CAAS,$5.99,1441732247186,"8,138",93% bullish,of 14 ratings,$11.50
CBPO,$97.06,1441732247217,"46,395",75% bullish,of 8 ratings,$140.50
CCCR,NULL,1441732247242,0,67% bearish,of 3 ratings,N/A
CCCL,$0.8255,1441732247267,"9,603",100% bullish,of 6 ratings,N/A
CHOP,$1.1233,1441732247413,"1,623",50% bullish,of 2 ratings,N/A
HGSH,$1.82,1441732247441,"1,410",67% bullish,of 3 ratings,N/A
JRJC,$3.5852,1441732247462,"38,950",82% bullish,of 11 ratings,N/A
CHLN,$1.71,1441732247590,"7,807",67% bullish,of 3 ratings,N/A
CNIT,$1.2001,1441732247615,"54,861",67% bullish,of 6 ratings,N/A
CJJD,$1.8599,1441732247678,"4,460",100% bullish,of 1 rating,N/A
HTHT,$25.53,1441732247703,"27,908",50% bullish,of 2 ratings,$28.40
CHNR,$1.71,1441732247756,"2,203",100% bearish,of 1 rating,N/A
CPGI,NULL,1441732247886,0,Not yet rated,NULL,N/A
CSUN,$1.361,1441732247975,"1,176",80% bullish,of 5 ratings,N/A
CREG,$0.6364,1441732248023,"7,850",100% bullish,of 3 ratings,N/A
CNYD,$3.13,1441732248052,"3,600",67% bullish,of 3 ratings,N/A
CXDC,$6.09,1441732248083,"11,358",67% bearish,of 3 ratings,N/A
CNET,$0.82,1441732248104,"3,048",50% bullish,of 2 ratings,N/A
CNTF,$0.7999,1441732248183,"11,691",Not yet rated,NULL,N/A
CCIH,$7.92,1441732248235,"64,534",67% bullish,of 6 ratings,$12.65
CHSCL,$27.26,1441732248327,"17,072",Not yet rated,NULL,N/A
IMOS,$19.69,1441732248369,"146,722",60% bullish,of 5 ratings,$21.50
CHSCM,$26.2799,1441732248459,"19,131",Not yet rated,NULL,N/A
CHSCN,$27.0533,1441732248724,"2,950",Not yet rated,NULL,N/A
CHSCP,$30.28,1441732248757,"13,969",Not yet rated,NULL,N/A
CHDN,$137.5,1441732248788,"14,233",Not yet rated,NULL,$165
CHUY,$31.54,1441732248810,"36,054",50% bullish,of 2 ratings,$34
CHSCO,$28.5,1441732248836,"5,275",Not yet rated,NULL,N/A
CIFC,$7.48,1441732248869,"3,519",100% bearish,of 1 rating,N/A
CMCT,$17.55,1441732248895,"12,789",100% bearish,of 1 rating,N/A
CMPR,$72.58,1441732248974,"69,204",50% bullish,of 2 ratings,$72.50
CINF,$52.69,1441732249107,"161,060",50% bullish,of 4 ratings,$50.50
CIDM,$0.5501,1441732249239,"25,977",50% bullish,of 2 ratings,$2.10
CDTX,$14.8,1441732249264,"10,350",Not yet rated,NULL,$22
CTAS,$85.49,1441732249342,"88,133",100% bearish,of 1 rating,$91
CPHR,$5.1317,1441732249403,"2,200",100% bearish,of 1 rating,$17
CSCO,$26.0599,1441732249469,"5,775,880",83% bullish,of 210 ratings,$32
CRUS,$30.39,1441732249562,"206,328",75% bullish,of 12 ratings,$44.50
CTRN,$25.48,1441732249588,"26,932",100% bearish,of 1 rating,$31.50
CTXS,$68.84,1441732249609,"361,553",86% bullish,of 7 ratings,$80
CZNC,$19.6,1441732249645,"2,632",Not yet rated,NULL,N/A
CIZN,$19.5999,1441732249739,100,Not yet rated,NULL,N/A
CZWI,$8.92,1441732249777,700,Not yet rated,NULL,N/A
CZFC,$12.75,1441732249828,"5,200",Not yet rated,NULL,N/A
CHCO,$47.51,1441732249959,"10,898",Not yet rated,NULL,$46
CIVB,$10.04,1441732250019,100,Not yet rated,NULL,$11
CIVBP,NULL,1441732250089,0,Not yet rated,NULL,N/A
CDTI,$1.609,1441732250147,"18,496",75% bullish,of 4 ratings,$3.20
CLNT,$1.535,1441732250273,397,75% bullish,of 8 ratings,N/A
CLNE,$5.08,1441732250319,"306,619",80% bullish,of 15 ratings,$9
CLRO,$11.38,1441732250356,"3,160",50% bullish,of 2 ratings,$14.25
CLFD,$17.2417,1441732250382,"9,823",67% bullish,of 3 ratings,$18
CLIR,$5.2,1441732250449,"44,074",100% bullish,of 3 ratings,N/A
CBLI,$4.33,1441732250512,"19,250",60% bullish,of 5 ratings,N/A
CMFN,$11.2,1441732250550,"6,921",100% bearish,of 1 rating,$15.50
CLVS,$83.075,1441732250683,"161,980",60% bullish,of 5 ratings,$101.50
CSBK,$14.01,1441732250751,"21,458",Not yet rated,NULL,N/A
CME,$93.42,1441732250776,"280,399",67% bullish,of 3 ratings,$102
CCNE,$17.05,1441732250911,"1,563",50% bullish,of 2 ratings,$21.50
CISG,$7.94,1441732250932,"38,857",100% bullish,of 5 ratings,$10
CNV,$4.35,1441732250975,"36,376",50% bullish,of 2 ratings,$7.15
CWAY,$11.2,1441732251011,"1,200",Not yet rated,NULL,N/A
COKE,$165.95,1441732251141,"8,212",79% bullish,of 19 ratings,N/A
COBZ,$12.96,1441732251167,"16,333",100% bullish,of 1 rating,$14
CDRB,$9.88,1441732251239,"11,938",67% bullish,of 3 ratings,N/A
CDXS,$3.5,1441732251270,"6,086",64% bullish,of 11 ratings,$6
JVA,$4.78,1441732251374,"7,694",83% bullish,of 6 ratings,$7
CVLY,NULL,1441732251409,0,Not yet rated,NULL,N/A
CCOI,$27.47,1441732251506,"113,199",50% bullish,of 4 ratings,$35
CGNX,$35.94,1441732251532,"170,217",50% bullish,of 2 ratings,$47
CGNT,$1.58,1441732251557,"8,701",100% bullish,of 2 ratings,$2
COHR,$56,1441732251701,"11,694",50% bullish,of 2 ratings,$72
CTSH,$62.705,1441732251727,"816,254",90% bullish,of 10 ratings,$75
CHRS,$25.61,1441732251806,"110,693",67% bearish,of 3 ratings,$37
COHU,$9.51,1441732251877,"39,806",100% bearish,of 1 rating,$14.25
CLCT,$17.7799,1441732251939,"8,067",100% bearish,of 1 rating,N/A
COLL,$16,1441732251968,"24,432",100% bearish,of 1 rating,$26
CLRX,$0.6801,1441732251996,"14,739",50% bullish,of 2 ratings,N/A
CIGI,$42.335,1441732252072,"6,700",100% bearish,of 1 rating,$52
CBAN,$8.75,1441732252200,"1,200",Not yet rated,NULL,N/A
CLCD,$6.1999,1441732252225,"6,537",100% bearish,of 1 rating,$20.50
CBMX,$1.1199,1441732252359,"13,202",83% bullish,of 6 ratings,$3.15
COLB,$30.08,1441732252388,"19,910",Not yet rated,NULL,$36
CMCO,$19.01,1441732252425,"22,423",60% bullish,of 5 ratings,$28
COLM,$62.59,1441732252489,"28,234",100% bearish,of 1 rating,$71
CMCSA,$56.58,1441732252514,"2,838,841",66% bullish,of 35 ratings,$69.50
CMCSK,$57.51,1441732252705,"837,297",Not yet rated,NULL,$84
CBSHP,$25.4638,1441732252740,"10,372",100% bearish,of 1 rating,N/A
CUBN,$13.25,1441732252761,"4,100",Not yet rated,NULL,N/A
CBSH,$44.31,1441732252794,"87,694",50% bullish,of 2 ratings,$46
CVGI,$5.02,1441732252820,"79,685",50% bullish,of 2 ratings,$6
COMM,$33.16,1441732252851,"374,389",67% bearish,of 3 ratings,$35
CSAL,$20.48,1441732252950,"158,819",75% bullish,of 4 ratings,$30
JCS,$8.72,1441732252979,200,67% bullish,of 3 ratings,N/A
ESXB,$5.065,1441732253079,"2,710",Not yet rated,NULL,N/A
CYHHZ,$0.0111,1441732253286,"19,144",100% bullish,of 1 rating,N/A
CTBI,$35.11,1441732253311,"4,727",Not yet rated,NULL,$36
CIL,NULL,1441732253391,0,Not yet rated,NULL,N/A
CVLT,$35.78,1441732253443,"42,386",75% bullish,of 4 ratings,$44.50
COB,$10.36,1441732253472,"2,658",100% bullish,of 1 rating,$11.75
CWBC,NULL,1441732253526,0,Not yet rated,NULL,N/A
CIZ,$32.8799,1441732253570,220,100% bearish,of 1 rating,N/A
CID,NULL,1441732253630,0,Not yet rated,NULL,N/A
CSA,NULL,1441732253762,0,Not yet rated,NULL,N/A
CFO,$35.28,1441732253853,"2,505",100% bearish,of 1 rating,N/A
CDC,$34.3465,1441732253890,830,Not yet rated,NULL,N/A
CSF,NULL,1441732253914,0,100% bearish,of 1 rating,N/A
CFA,NULL,1441732253952,0,100% bearish,of 1 rating,N/A
CDL,NULL,1441732254410,0,Not yet rated,NULL,N/A
CSB,NULL,1441732254686,0,Not yet rated,NULL,N/A
CGEN,$5.16,1441732254871,"86,027",50% bullish,of 2 ratings,$11
CPSI,$45.4,1441732255007,"15,984",100% bearish,of 1 rating,$45.50
CTG,$6.61,1441732255096,"9,127",100% bearish,of 1 rating,$8.50
SCOR,$48.065,1441732255221,"118,801",100% bearish,of 1 rating,$66
CNAT,$3.97,1441732255275,"33,490",83% bullish,of 6 ratings,$13
CHCI,$0.67,1441732255323,"21,641",50% bullish,of 2 ratings,N/A
CMTL,$26.355,1441732255351,"12,258",100% bearish,of 2 ratings,$37
CNCE,$16.505,1441732255379,"102,755",75% bullish,of 4 ratings,$22
CNSI,$18.56,1441732255458,"49,064",100% bearish,of 2 ratings,$29
CDORO,NULL,1441732255563,0,100% bearish,of 1 rating,N/A
CDOR,$1.2998,1441732255610,"1,900",100% bullish,of 1 rating,N/A
CCUR,$5.29,1441732255645,"7,091",75% bullish,of 4 ratings,N/A
CFMS,$14.4972,1441732255746,"136,887",100% bearish,of 1 rating,$26.50
CXRX,$76.6,1441732255770,"19,694",100% bearish,of 1 rating,$90
CDORP,$6.3,1441732255800,"1,800",100% bearish,of 1 rating,N/A
CNFR,$10.15,1441732255934,"6,952",Not yet rated,NULL,N/A
CNMD,$51.77,1441732256066,"12,971",Not yet rated,NULL,$59
CTWS,$34.38,1441732256129,"5,988",100% bearish,of 1 rating,$44
CNXR,$7.36,1441732256156,"20,390",100% bearish,of 1 rating,$12
CNOB,$19.17,1441732256177,"5,848",100% bullish,of 1 rating,$23.50
CWCO,$10.5845,1441732256224,"26,458",67% bullish,of 3 ratings,$14.50
CTCT,$25.13,1441732256305,"42,834",67% bullish,of 3 ratings,$37
CONN,$29.82,1441732256330,"255,818",67% bullish,of 3 ratings,$48.50
CNSL,$19.97,1441732256403,"35,175",100% bearish,of 1 rating,$23
CPSS,$5.53,1441732256485,"13,530",100% bullish,of 1 rating,$10
CFRX,$4.99,1441732256542,"11,045",Not yet rated,NULL,$14
CFRXZ,NULL,1441732256591,0,Not yet rated,NULL,N/A
CFRXW,NULL,1441732256616,0,100% bearish,of 1 rating,N/A
CTRL,$8.72,1441732256855,"58,111",50% bullish,of 2 ratings,$11
CRBP,$1.86,1441732256883,"30,647",100% bullish,of 2 ratings,$6.25
CPRT,$35.08,1441732256908,"88,700",67% bearish,of 3 ratings,$40
BVA,NULL,1441732256948,0,50% bullish,of 2 ratings,N/A
CORT,$4.98,1441732256972,"70,680",67% bullish,of 3 ratings,$12
CORE,$59.34,1441732257039,"15,609",100% bearish,of 1 rating,$72
CTRV,$3.45,1441732257065,"3,588",Not yet rated,NULL,$6.40
CORI,$10.98,1441732257314,"14,898",100% bearish,of 1 rating,$18
CSOD,$37.53,1441732257358,"84,909",50% bullish,of 2 ratings,$42
CRVL,$32.26,1441732257389,"8,935",100% bearish,of 1 rating,N/A
COST,$140.25,1441732257446,"320,085",79% bullish,of 24 ratings,$154.50
COSI,$1.08,1441732257488,"65,315",100% bullish,of 1 rating,N/A
CSGP,$177.98,1441732257517,"37,589",50% bullish,of 2 ratings,$235
CPAH,$0.4399,1441732257541,500,50% bullish,of 2 ratings,N/A
ICBK,$19,1441732257676,"1,983",Not yet rated,NULL,$21
COVS,$2.48,1441732257878,"71,413",67% bullish,of 3 ratings,N/A
COWN,$5.095,1441732257907,"286,860",75% bullish,of 4 ratings,$7
CPSH,$2.33,1441732257936,"11,700",Not yet rated,NULL,N/A
COWNL,NULL,1441732257960,0,Not yet rated,NULL,N/A
CVTI,$22.98,1441732257985,"14,338",67% bearish,of 3 ratings,$39
CRAI,$23.49,1441732258014,"14,713",100% bearish,of 1 rating,$36
BREW,$8.1,1441732258188,"5,466",67% bullish,of 6 ratings,$15
CBRL,$148.63,1441732258213,"47,049",50% bullish,of 2 ratings,$155
CRAY,$21.5,1441732258368,"84,658",83% bullish,of 6 ratings,$38.50
GLDI,$11.0105,1441732258438,"14,012",100% bearish,of 1 rating,N/A
CACC,$200.08,1441732258464,"36,014",50% bullish,of 2 ratings,$158.50
SLVO,$10.22,1441732258485,"3,503",100% bearish,of 1 rating,N/A
CREE,$27,1441732258516,"308,931",65% bullish,of 17 ratings,$29.50
CRESY,$10.22,1441732258653,"6,568",100% bearish,of 1 rating,$19
CROX,$14.02,1441732258727,"213,323",63% bullish,of 8 ratings,$16.50
CRTO,$35.5,1441732258758,"308,863",67% bullish,of 6 ratings,$64
CRDS,$1.2032,1441732258811,"28,707",50% bullish,of 4 ratings,$3.375
CRWS,$8.15,1441732258862,"8,677",Not yet rated,NULL,$10
CRWN,$5.26,1441732258988,"80,461",75% bullish,of 4 ratings,N/A
CCRN,$14.4,1441732259013,"75,499",100% bearish,of 1 rating,$14.25
CYRX,$3.08,1441732259092,"17,656",Not yet rated,NULL,$9
CYRXW,$0.9101,1441732259187,"8,052",Not yet rated,NULL,N/A
CSGS,$29.99,1441732259217,"28,260",Not yet rated,NULL,$40
CCLP,$13.59,1441732259242,"30,851",67% bearish,of 3 ratings,$20
CSPI,$5.78,1441732259271,200,67% bullish,of 3 ratings,N/A
CTCM,$1.72,1441732259379,"91,529",80% bearish,of 5 ratings,$3.90
CTIC,$1.56,1441732259426,"297,368",84% bullish,of 76 ratings,$5.75
CTIB,NULL,1441732259557,0,100% bearish,of 1 rating,N/A
CTRP,$64.04,1441732259582,"812,219",75% bullish,of 8 ratings,$92.50
CUNB,$22.09,1441732259607,"18,316",Not yet rated,NULL,$24.50
CPIX,$6.02,1441732259745,"5,086",Not yet rated,NULL,N/A
CUI,$5.31,1441732259770,"3,550",50% bullish,of 2 ratings,$10
CMLS,$1.295,1441732259809,"49,293",50% bullish,of 4 ratings,$6
CRIS,$2.57,1441732259962,"44,665",100% bullish,of 8 ratings,$6
CUTR,$15.25,1441732260037,"9,125",67% bearish,of 3 ratings,$18
CVBF,$16.43,1441732260101,"156,020",Not yet rated,NULL,$18
CVV,$11.715,1441732260206,"11,909",100% bullish,of 5 ratings,N/A
CYBR,$46.4528,1441732260237,"521,649",75% bullish,of 8 ratings,$68.50
CYAN,$6.13,1441732260262,"1,326",100% bearish,of 1 rating,N/A
CYBE,$6.84,1441732260339,"3,187",100% bearish,of 1 rating,N/A
CYCC,$0.5851,1441732260471,"67,262",73% bullish,of 11 ratings,N/A
CYBX,$66.72,1441732260508,"198,767",50% bullish,of 4 ratings,$71.50
CBAY,$2.92,1441732260535,"298,662",100% bullish,of 2 ratings,$4
CYCCP,$5.5,1441732260556,564,100% bearish,of 1 rating,N/A
CYNA,$16.05,1441732260601,"3,077",50% bullish,of 2 ratings,$31.50
CYNO,$34.4,1441732260630,"61,539",67% bearish,of 3 ratings,$45.50
CY,$10.275,1441732260734,"895,156",80% bullish,of 10 ratings,$15.50
CYRN,$1.7999,1441732260861,"5,881",67% bullish,of 3 ratings,$4
CYTK,$7.59,1441732260909,"142,562",71% bullish,of 14 ratings,$13.50
CONE,$32.41,1441732260962,"103,955",67% bearish,of 3 ratings,$35.50
CYTX,$0.3985,1441732260991,"1,466,526",83% bullish,of 12 ratings,$5.50
CTSO,$7.39,1441732261088,"14,113",Not yet rated,NULL,$15.625
TVIZ,$22.93,1441732261186,"1,107",100% bearish,of 1 rating,N/A
CYTR,$2.54,1441732261221,"255,458",67% bullish,of 6 ratings,$10
DAEG,$0.35,1441732261242,"2,100",100% bearish,of 1 rating,N/A
TVIX,$14.92,1441732261279,"5,306,435",81% bullish,of 16 ratings,N/A
XIV,$24.1,1441732261319,"8,893,133",75% bearish,of 4 ratings,N/A
ZIV,$36.07,1441732261374,"46,251",Not yet rated,NULL,N/A
DJCO,$199.7,1441732261480,"1,000",Not yet rated,NULL,N/A
DAKT,$8.54,1441732261509,"54,235",50% bullish,of 2 ratings,$12
DARA,$0.8479,1441732261611,"9,280",83% bullish,of 6 ratings,$1.50
DAIO,$2.59,1441732261682,"5,511",Not yet rated,NULL,N/A
PLAY,$37.32,1441732261837,"175,348",100% bullish,of 5 ratings,$42
DTLK,$5.59,1441732261873,"40,004",100% bearish,of 1 rating,$9
DRAM,$1.301,1441732261931,"8,536",78% bullish,of 9 ratings,N/A
DTEA,$13.26,1441732262002,"56,267",100% bearish,of 2 ratings,$24
DWCH,$4.86,1441732262066,"23,762",75% bullish,of 4 ratings,$8.25
DBVT,$37.2294,1441732262091,"30,016",100% bearish,of 1 rating,$53
DHRM,$1.6,1441732262133,"1,300",Not yet rated,NULL,N/A
DWSN,$4.371,1441732262160,"2,469",67% bullish,of 3 ratings,N/A
TRAK,$62.895,1441732262294,"84,190",50% bullish,of 2 ratings,$62.50
DFRG,$14.03,1441732262355,"110,098",100% bearish,of 1 rating,$20
TACO,$14.125,1441732262487,"183,154",75% bullish,of 4 ratings,$20
TACOW,$4.8406,1441732262535,"10,800",100% bullish,of 1 rating,N/A
DCTH,$0.5379,1441732262620,"498,047",78% bullish,of 9 ratings,N/A
DGAS,$20.37,1441732262754,616,67% bearish,of 3 ratings,N/A
DELT,$2.28,1441732262779,300,Not yet rated,NULL,N/A
DELTW,$0.17,1441732262862,"2,200",Not yet rated,NULL,N/A
DEPO,$27.21,1441732262933,"498,674",60% bullish,of 5 ratings,$29
XRAY,$52.21,1441732262990,"132,508",100% bullish,of 1 rating,$58
DENN,$11.47,1441732263020,"62,921",100% bullish,of 3 ratings,$15
DSCI,$6.28,1441732263045,"20,461",50% bullish,of 2 ratings,$16
DERM,$26.87,1441732263228,"29,570",100% bearish,of 1 rating,$33.50
DEST,$10.2,1441732263255,"18,969",50% bullish,of 2 ratings,N/A
DSWL,$1.4901,1441732263351,"6,673",100% bullish,of 1 rating,N/A
DXLG,$6.51,1441732263438,"34,941",100% bearish,of 1 rating,$8
DXM,$0.4005,1441732263495,"1,196,145",50% bullish,of 2 ratings,N/A
DXCM,$89.92,1441732263594,"104,438",57% bullish,of 7 ratings,$98
DHXM,$6.37,1441732263691,"3,200",100% bearish,of 1 rating,N/A
FANG,$66.5,1441732263790,"193,484",50% bullish,of 2 ratings,$86
DMND,$30.89,1441732263817,"28,856",75% bullish,of 12 ratings,$32
DCIX,$1.58,1441732263846,"32,000",50% bullish,of 4 ratings,$3.50
DRNA,$11.1792,1441732263867,"56,869",67% bearish,of 3 ratings,$25
DHIL,$190.3,1441732263888,"1,033",100% bearish,of 1 rating,N/A
DGII,$10.46,1441732264023,"25,632",100% bearish,of 1 rating,$11
DMRC,$39,1441732264085,"21,250",100% bearish,of 1 rating,$44
DRAD,$3.81,1441732264193,"4,653",100% bullish,of 1 rating,$5.25
APPS,$2.13,1441732264296,"42,423",100% bearish,of 1 rating,$10.25
DCOM,$16.82,1441732264348,"18,120",100% bearish,of 2 ratings,$16
DGLY,$7.39,1441732264378,"37,618",50% bullish,of 6 ratings,$20
DIOD,$22.99,1441732264479,"105,750",75% bearish,of 4 ratings,$28
DPRX,$14.52,1441732264609,"9,723",100% bullish,of 2 ratings,$27.75
DISCA,$27.23,1441732264635,"845,638",67% bullish,of 3 ratings,$34
DISCB,$27.35,1441732264655,200,100% bearish,of 1 rating,$35
DISCK,$25.64,1441732264685,"488,464",100% bearish,of 1 rating,$32
DVCR,$10.6301,1441732264884,"2,220",100% bullish,of 1 rating,N/A
DSCO,$0.4351,1441732264915,"40,327",83% bullish,of 6 ratings,$2.75
DLHC,NULL,1441732264936,0,100% bearish,of 1 rating,N/A
DISH,$59.94,1441732265019,"219,344",69% bullish,of 13 ratings,$73
DLTR,$67.985,1441732265147,"1,246,508",82% bullish,of 11 ratings,$85
BAGR,$2.76,1441732265174,"8,250",100% bearish,of 1 rating,$6
DNBF,$26.3,1441732265199,200,Not yet rated,NULL,$27.50
DGICA,$13.72,1441732265462,"4,966",100% bearish,of 1 rating,$17
DGICB,NULL,1441732265492,0,100% bearish,of 1 rating,N/A
DMLP,$14.81,1441732265521,"15,401",100% bearish,of 1 rating,N/A
HILL,$9.68,1441732265620,"520,923",60% bearish,of 5 ratings,$9.75
DRYS,$0.456,1441732265658,"1,152,660",77% bullish,of 31 ratings,$.60
DORM,$50.5492,1441732265684,"29,444",100% bearish,of 1 rating,$56
DWA,$21.23,1441732265749,"115,861",63% bullish,of 8 ratings,$26
DRWIW,$0.0399,1441732265774,"16,500",Not yet rated,NULL,N/A
DRWI,$0.18,1441732265853,"400,643",60% bullish,of 5 ratings,$.45
DSPG,$9.03,1441732266012,"3,886",100% bearish,of 1 rating,$13.50
DSKX,$3.46,1441732266066,"40,945",100% bullish,of 1 rating,N/A
CADT,$10,1441732266093,100,Not yet rated,NULL,N/A
CADTU,$10.26,1441732266171,201,Not yet rated,NULL,N/A
CADTR,NULL,1441732266244,0,Not yet rated,NULL,N/A
DTSI,$27.27,1441732266348,"35,088",100% bearish,of 2 ratings,$39.50
CADTW,NULL,1441732266402,0,Not yet rated,NULL,N/A
DRRX,$2.215,1441732266483,"37,716",50% bullish,of 6 ratings,$3
DNKN,$49.16,1441732266509,"148,324",67% bullish,of 15 ratings,$56.50
DXPE,$30.67,1441732266567,"39,838",50% bullish,of 2 ratings,N/A
DYSL,$1.54,1441732266712,"12,963",100% bullish,of 2 ratings,N/A
DYAX,$22.45,1441732266739,"142,225",89% bullish,of 9 ratings,$30
BOOM,$10.085,1441732266768,"55,195",67% bullish,of 3 ratings,$12
DVAX,$28.97,1441732266868,"56,494",70% bullish,of 10 ratings,$40
ETFC,$27.27,1441732266963,"2,002,781",57% bullish,of 14 ratings,$32.50
DYNT,$3.12,1441732266993,300,75% bullish,of 4 ratings,N/A
EBMT,$11.48,1441732267021,"4,613",Not yet rated,NULL,$13.50
EGBN,$41.95,1441732267093,"10,665",Not yet rated,NULL,$48
EGLE,$6.66,1441732267157,"4,788",60% bullish,of 5 ratings,N/A
EGRX,$82.735,1441732267189,"111,073",67% bullish,of 3 ratings,$97
EROC,$1.5,1441732267260,"50,991",50% bullish,of 2 ratings,$3
ELNK,$8.57,1441732267294,"95,219",60% bullish,of 5 ratings,$9.50
EWBC,$39.54,1441732267466,"180,219",100% bearish,of 1 rating,$50
EML,$16.2,1441732267496,120,Not yet rated,NULL,N/A
EACQU,$10,1441732267522,"1,600",Not yet rated,NULL,N/A
EVBS,$6.71,1441732267596,"12,707",Not yet rated,NULL,$7
EBAY,$26.28,1441732267684,"4,610,162",81% bullish,of 117 ratings,$33
ELON,$0.6099,1441732267740,"45,947",50% bullish,of 2 ratings,N/A
SATS,$43.905,1441732267924,"12,893",50% bullish,of 2 ratings,$60
EBIX,$28.04,1441732267952,"51,163",69% bullish,of 13 ratings,$40
ECTE,$1.48,1441732267985,"1,000",75% bullish,of 4 ratings,N/A
ECHO,$23.2,1441732268008,"78,452",67% bearish,of 3 ratings,$34.50
EEI,$11.9399,1441732268035,"1,900",67% bearish,of 3 ratings,N/A
ESES,$3.21,1441732268089,"1,911",100% bearish,of 1 rating,$7
ECACU,$10.1,1441732268137,"7,500",Not yet rated,NULL,N/A
EDUC,$7.0499,1441732268390,"19,313",100% bearish,of 1 rating,N/A
EDGW,$7.22,1441732268423,875,100% bearish,of 1 rating,N/A
EFUT,$4.6,1441732268474,"1,259",Not yet rated,NULL,N/A
EDAP,$3.61,1441732268519,"11,544",60% bullish,of 5 ratings,$4.50
EGAN,$3.92,1441732268558,"9,493",50% bullish,of 2 ratings,$6.25
EGLT,$13.305,1441732268619,"31,640",50% bullish,of 2 ratings,$21
EHTH,$14.42,1441732268690,"40,825",50% bullish,of 4 ratings,$17
LOCO,$12.4306,1441732268764,"207,691",69% bullish,of 13 ratings,$19.50
ESIO,$4.785,1441732269094,"23,418",50% bullish,of 2 ratings,$10
ELRC,$10.52,1441732269124,"8,082",100% bearish,of 1 rating,N/A
ESLT,$80,1441732269174,"2,623",67% bullish,of 3 ratings,N/A
EMITF,$1.26,1441732269230,"63,202",75% bullish,of 4 ratings,N/A
ERI,$9.405,1441732269259,"30,727",100% bearish,of 1 rating,$10
EA,$67.6,1441732269285,"878,494",78% bullish,of 36 ratings,$80
EFII,$43.92,1441732269306,"30,425",80% bullish,of 5 ratings,$55
ELSE,NULL,1441732269494,0,60% bullish,of 5 ratings,N/A
ELECU,$10.09,1441732269650,700,Not yet rated,NULL,N/A
ELECW,NULL,1441732269678,0,Not yet rated,NULL,N/A
EBIO,$3.3674,1441732269713,"65,679",100% bearish,of 2 ratings,$8.35
RDEN,$11.58,1441732269738,"19,509",100% bearish,of 4 ratings,$15
ELEC,NULL,1441732269766,0,Not yet rated,NULL,N/A
CAPX,NULL,1441732269867,0,Not yet rated,NULL,N/A
ESBK,$19.63,1441732269895,795,Not yet rated,NULL,N/A
LONG,$16.91,1441732270060,"4,100",67% bullish,of 3 ratings,$15.75
EMCF,$22.9,1441732270120,200,100% bearish,of 1 rating,N/A
ELTK,$1.2806,1441732270170,"17,367",67% bearish,of 3 ratings,N/A
EMCI,$22.31,1441732270191,"2,206",Not yet rated,NULL,N/A
EMKR,$6.89,1441732270220,"32,144",75% bullish,of 4 ratings,$8.50
EMMS,$1.25,1441732270357,"10,500",67% bullish,of 6 ratings,N/A
EMMSP,NULL,1441732270388,0,100% bearish,of 1 rating,N/A
NYNY,$4.76,1441732270532,"32,386",50% bullish,of 2 ratings,N/A
ECPG,$37.14,1441732270587,"64,678",100% bullish,of 2 ratings,$52
ENTA,$39.7,1441732270630,"49,534",50% bullish,of 2 ratings,$42
ERS,$3.52,1441732270655,300,Not yet rated,NULL,N/A
WIRE,$33.385,1441732270719,"29,686",100% bearish,of 1 rating,$37
ENDP,$75.44,1441732270801,"358,709",50% bullish,of 6 ratings,$101.50
ECYT,$5.22,1441732270881,"121,118",83% bullish,of 6 ratings,$12
ELGX,$13.21,1441732270945,"118,425",75% bullish,of 4 ratings,$17
WATT,$6.84,1441732270980,"24,301",50% bullish,of 2 ratings,$13
EFOI,$28.3346,1441732271085,"762,625",67% bullish,of 3 ratings,$24.50
EIGI,$14.97,1441732271105,"83,708",67% bearish,of 3 ratings,$22.50
EXXI,$1.731,1441732271140,"533,659",86% bullish,of 7 ratings,$3.50
ERII,$2.61,1441732271233,"15,310",80% bullish,of 5 ratings,$2.50
ENOC,$9.22,1441732271270,"79,175",75% bullish,of 4 ratings,$18
ENPH,$4.63,1441732271328,"215,100",75% bullish,of 4 ratings,$10
ENG,$1.0275,1441732271363,"1,645",100% bullish,of 3 ratings,N/A
ESGR,$150.94,1441732271491,"15,540",100% bearish,of 1 rating,$185
ENFC,$17.58,1441732271595,100,Not yet rated,NULL,N/A
ENTL,$22.17,1441732271622,"10,390",Not yet rated,NULL,$28
ENTG,$13.69,1441732271651,"159,641",100% bearish,of 1 rating,$18
ETRM,$0.275,1441732271785,"288,153",69% bearish,of 35 ratings,$1.625
EBTC,$21.25,1441732271810,800,Not yet rated,NULL,N/A
EFSC,$24.05,1441732271858,"6,408",Not yet rated,NULL,$27
EGT,$2.0001,1441732271888,"8,721",100% bullish,of 1 rating,N/A
ENVI,$1.92,1441732271994,"84,352",67% bullish,of 3 ratings,N/A
ENZN,$1,1441732272062,"60,732",100% bullish,of 9 ratings,N/A
ENZY,$10.45,1441732272090,"24,001",67% bullish,of 3 ratings,$9.50
EPIQ,$12.5,1441732272232,"10,092",100% bearish,of 1 rating,$18
EPRS,$5.5001,1441732272360,"16,275",82% bullish,of 11 ratings,$15
PLUS,$75.81,1441732272399,"7,515",50% bullish,of 2 ratings,$88
EPZM,$19.975,1441732272444,"60,585",60% bullish,of 5 ratings,$34
ERIC,$9.758,1441732272492,"753,953",67% bullish,of 9 ratings,$12.20
EQIX,$275.545,1441732272527,"124,930",75% bullish,of 4 ratings,$312.50
EAC,$3.44,1441732272578,"5,996",100% bearish,of 1 rating,$8
EQFN,$8.11,1441732272609,800,100% bearish,of 1 rating,N/A
ERIE,$80.175,1441732272710,"6,288",Not yet rated,NULL,$73
ESCA,$18.4,1441732272771,"2,904",100% bearish,of 1 rating,$22
ESCR,$0.3697,1441732272877,"493,171",50% bullish,of 2 ratings,N/A
ESCRP,$1.3,1441732272905,"32,736",100% bearish,of 1 rating,N/A
ESPR,$45.99,1441732272937,"135,776",70% bearish,of 10 ratings,$115
ESMC,$1.29,1441732273033,"1,100",Not yet rated,NULL,N/A
ESSA,$12.92,1441732273067,"1,600",100% bearish,of 1 rating,N/A
EPIX,$6.07,1441732273119,"1,250",Not yet rated,NULL,N/A
ESSX,$0.46,1441732273342,"14,685",50% bullish,of 2 ratings,N/A
ESND,$34.11,1441732273368,"21,455",100% bearish,of 2 ratings,$40
EEFT,$67.89,1441732273503,"42,571",100% bearish,of 1 rating,$67.50
EVEP,$8.3999,1441732273533,"82,792",50% bullish,of 2 ratings,$14
ETSY,$14.2,1441732273556,"83,162",80% bullish,of 5 ratings,$16
CLWT,NULL,1441732273585,0,100% bearish,of 1 rating,N/A
ESEA,$4.457,1441732273638,599,100% bullish,of 1 rating,$15
EVK,NULL,1441732273738,0,75% bearish,of 4 ratings,N/A
EVOK,$3.63,1441732273833,"5,526",100% bearish,of 1 rating,$13.375
EVOL,$5.54,1441732273909,"10,704",75% bullish,of 4 ratings,$10
EVLV,$2.55,1441732273938,"51,914",60% bullish,of 5 ratings,$4.625
EXA,$10.4601,1441732273959,"18,562",100% bearish,of 1 rating,$13
EXAS,$20.78,1441732273998,"404,397",78% bullish,of 9 ratings,$31
EXAC,$19.191,1441732274088,"8,392",100% bearish,of 1 rating,$22.50
EXEL,$5.8699,1441732274115,"1,921,982",81% bullish,of 16 ratings,$6
EXFO,$3.06,1441732274294,"2,865",67% bearish,of 3 ratings,$3.95
EXLS,$36.93,1441732274319,"25,426",50% bullish,of 2 ratings,$41
EXPE,$113.58,1441732274487,"253,995",64% bullish,of 11 ratings,$130
EXPO,$43.33,1441732274519,"38,798",100% bearish,of 1 rating,$45.50
EXPD,$48.24,1441732274567,"848,043",80% bullish,of 5 ratings,$52
EXLP,$18.42,1441732274700,"23,140",100% bearish,of 1 rating,$25
EXTR,$3.19,1441732274733,"200,748",80% bullish,of 5 ratings,$3
EYEGW,$1,1441732274759,"2,850",Not yet rated,NULL,N/A
ESRX,$83.83,1441732274797,"1,212,932",67% bearish,of 6 ratings,$101
EYEG,$4.251,1441732274828,"39,573",Not yet rated,NULL,N/A
FFIV,$120.08,1441732274958,"129,634",63% bullish,of 8 ratings,$132
EZCH,$22.95,1441732274990,"49,030",75% bullish,of 8 ratings,$19
EZPW,$6.11,1441732275086,"43,283",50% bullish,of 4 ratings,$7
FB,$89,1441732275111,"8,583,036",74% bullish,of 1078 ratings,$111
FCS,$13.9,1441732275183,"626,972",67% bearish,of 3 ratings,$17
FRP,$15.66,1441732275308,"38,654",100% bearish,of 1 rating,$18
FWM,$2.285,1441732275410,"85,728",100% bearish,of 2 ratings,$3.20
FALC,$1.76,1441732275492,"15,409",63% bearish,of 8 ratings,N/A
DAVE,$15.21,1441732275542,"8,279",100% bearish,of 1 rating,$15.50
FARM,$22.05,1441732275589,"8,998",100% bearish,of 1 rating,$35
FFKT,$25.56,1441732275614,"1,477",Not yet rated,NULL,$29
FMNB,$8.38,1441732275769,"2,475",Not yet rated,NULL,N/A
FARO,$37.53,1441732275824,"30,166",50% bullish,of 2 ratings,$48
FATE,$6.26,1441732275850,"12,155",50% bullish,of 2 ratings,$11
FAST,$38.46,1441732275908,"730,791",80% bullish,of 5 ratings,$43
FBRC,$22.33,1441732276038,"4,111",100% bearish,of 1 rating,$29
FDML,$8.29,1441732276064,"76,922",50% bullish,of 4 ratings,$14
FBSS,NULL,1441732276114,0,Not yet rated,NULL,N/A
FHCO,$1.41,1441732276288,"6,832",50% bullish,of 4 ratings,N/A
FENX,$9.66,1441732276317,"24,250",100% bullish,of 1 rating,$14.25
FNHC,$21.86,1441732276343,"12,942",100% bearish,of 1 rating,$35
FEIC,$75.64,1441732276419,"67,483",50% bullish,of 2 ratings,$95.50
ONEQ,$187.7699,1441732276551,"5,484",100% bullish,of 1 rating,N/A
FCSC,$6.06,1441732276581,"53,716",100% bearish,of 1 rating,$8.125
FGEN,$25.34,1441732276602,"268,331",100% bearish,of 1 rating,$39
LION,$19.92,1441732276636,"19,158",100% bullish,of 1 rating,$20
FDUS,$14.4601,1441732276734,"8,067",50% bullish,of 2 ratings,$18
FRGI,$52.34,1441732276769,"14,292",50% bullish,of 2 ratings,$70
FSAM,$7.74,1441732276864,"14,157",100% bearish,of 1 rating,$10.25
FSC,$6.54,1441732276890,"242,520",60% bullish,of 5 ratings,$8
FSCFL,$24.443,1441732276970,"1,200",Not yet rated,NULL,N/A
FSFR,$8.8,1441732277017,"33,595",100% bearish,of 1 rating,$11.50
FITB,$19.55,1441732277163,"938,274",54% bullish,of 13 ratings,$22
FITBI,$27.4601,1441732277206,"62,787",Not yet rated,NULL,N/A
FNSR,$15.33,1441732277237,"207,595",71% bullish,of 7 ratings,$24
FNGN,$29.75,1441732277319,"92,914",67% bullish,of 3 ratings,$47
FISI,$24.45,1441732277349,"2,578",100% bullish,of 2 ratings,$24.50
FNTC,NULL,1441732277425,0,Not yet rated,NULL,N/A
FNJN,$1.6794,1441732277451,"2,772",100% bearish,of 1 rating,$5
FNTCU,NULL,1441732277532,0,Not yet rated,NULL,N/A
FEYE,$38,1441732277738,"1,222,788",88% bullish,of 16 ratings,$55.50
FNLC,$18.8607,1441732277764,"1,490",100% bullish,of 1 rating,N/A
FBNC,$16.94,1441732277789,"1,243",100% bullish,of 1 rating,$20
FNTCW,NULL,1441732277818,0,Not yet rated,NULL,N/A
FRBA,$6.14,1441732277925,"1,200",Not yet rated,NULL,$8
FBIZ,$23.025,1441732277953,"9,075",100% bearish,of 2 ratings,$26
BUSE,$19.42,1441732277991,"17,661",Not yet rated,NULL,$6.875
FCVA,$4.63,1441732278128,200,Not yet rated,NULL,N/A
FCAP,$26.1,1441732278194,680,Not yet rated,NULL,N/A
FCFS,$39.33,1441732278277,"8,266",100% bearish,of 3 ratings,$47
FCBC,$17.49,1441732278340,"3,811",Not yet rated,NULL,$18
FCNCA,$230.22,1441732278365,"1,527",Not yet rated,NULL,N/A
FCLF,$9.19,1441732278392,200,Not yet rated,NULL,N/A
FBNK,$16.95,1441732278561,"30,523",100% bearish,of 1 rating,$17.50
FCCO,$12.39,1441732278625,200,Not yet rated,NULL,$13.25
FCFP,$6.88,1441732278702,600,Not yet rated,NULL,N/A
FFBCW,NULL,1441732278807,0,100% bearish,of 1 rating,N/A
FDEF,$37.25,1441732278842,"5,316",Not yet rated,NULL,$38
FFNM,$6.49,1441732278867,"1,000",Not yet rated,NULL,N/A
FFBC,$18.5,1441732278891,"14,177",67% bearish,of 3 ratings,$20.25
FFIN,$30.32,1441732278950,"22,334",50% bullish,of 2 ratings,$31.75
THFF,$32.7,1441732279046,"7,272",Not yet rated,NULL,$35
FFNW,$12.21,1441732279204,"7,800",Not yet rated,NULL,$14
FFWM,$21.981,1441732279229,"14,502",Not yet rated,NULL,$24
FMBH,NULL,1441732279357,0,Not yet rated,NULL,N/A
FIBK,$26.58,1441732279383,"23,382",Not yet rated,NULL,$32
INBK,$29.4,1441732279404,"8,744",50% bullish,of 2 ratings,$37
FRME,$26.245,1441732279534,"20,426",Not yet rated,NULL,$26.50
FMBI,$17.62,1441732279666,"32,292",Not yet rated,NULL,$20
FNFG,$9.175,1441732279704,"390,242",80% bullish,of 5 ratings,$9
FNBC,$34.88,1441732279759,"18,204",Not yet rated,NULL,$40
FSFG,$30.48,1441732279856,787,Not yet rated,NULL,N/A
FNWB,$12.15,1441732279886,"4,648",Not yet rated,NULL,N/A
FSGI,$2.46,1441732279914,"5,470",Not yet rated,NULL,N/A
FSLR,$48.445,1441732279991,"384,991",72% bullish,of 39 ratings,$65
FSBK,$7.79,1441732280130,200,100% bullish,of 1 rating,N/A
FBZ,NULL,1441732280150,0,Not yet rated,NULL,N/A
BICK,NULL,1441732280226,0,100% bullish,of 1 rating,N/A
FCAN,$24.61,1441732280276,351,Not yet rated,NULL,N/A
FTCS,$36.1872,1441732280329,"5,777",100% bearish,of 1 rating,N/A
FV,$23.275,1441732280382,"553,684",100% bearish,of 1 rating,N/A
FCA,$19.77,1441732280414,415,Not yet rated,NULL,N/A
IFV,$17.67,1441732280486,"126,403",100% bearish,of 1 rating,N/A
FEMB,$41.09,1441732280621,"3,600",Not yet rated,NULL,N/A
FTSM,$59.95,1441732280646,"23,766",100% bearish,of 1 rating,N/A
FGM,$35.92,1441732280833,"8,110",Not yet rated,NULL,N/A
FEUZ,$30.89,1441732280858,100,Not yet rated,NULL,N/A
TDIV,$24.7897,1441732280883,"31,149",100% bearish,of 1 rating,N/A
MDIV,$18.985,1441732280916,"58,797",Not yet rated,NULL,N/A
FTGC,$22.45,1441732280943,"24,899",Not yet rated,NULL,N/A
FTHI,$19.47,1441732281189,479,Not yet rated,NULL,N/A
HYLS,$49.7414,1441732281216,"10,418",100% bearish,of 1 rating,N/A
FHK,$33.68,1441732281240,"1,300",Not yet rated,NULL,N/A
FPXI,$26.86,1441732281271,200,Not yet rated,NULL,N/A
CU,$12.9,1441732281374,"4,128",100% bearish,of 1 rating,N/A
YDIV,NULL,1441732281403,0,Not yet rated,NULL,N/A
SKYY,$28.5101,1441732281429,"14,945",100% bullish,of 1 rating,N/A
PLTM,$6.18,1441732281450,220,100% bearish,of 1 rating,N/A
FTLB,NULL,1441732281717,0,100% bearish,of 1 rating,N/A
FJP,$45.068,1441732281744,"54,773",Not yet rated,NULL,N/A
FMB,$51.218,1441732281818,"6,956",Not yet rated,NULL,N/A
LMBS,NULL,1441732281877,0,Not yet rated,NULL,N/A
QABA,$37.54,1441732281906,"7,392",100% bearish,of 1 rating,N/A
CIBR,$17.5399,1441732282011,"16,904",Not yet rated,NULL,N/A
QCLN,$15.439,1441732282041,"10,210",Not yet rated,NULL,N/A
FONE,$35.21,1441732282139,137,Not yet rated,NULL,N/A
GRID,$31.11,1441732282227,35,100% bearish,of 1 rating,N/A
QQEW,$41.7052,1441732282254,"14,484",Not yet rated,NULL,N/A
RDVY,$20.8765,1441732282279,"2,290",Not yet rated,NULL,N/A
CARZ,$34.95,1441732282319,"3,139",100% bearish,of 1 rating,N/A
QQXT,$40.1601,1441732282346,"2,327",Not yet rated,NULL,N/A
QTEC,$40.2599,1441732282528,"4,663",Not yet rated,NULL,N/A
AIRR,$16.55,1441732282600,"1,120",100% bearish,of 1 rating,N/A
FTSL,$48.85,1441732282731,"9,687",100% bearish,of 1 rating,N/A
QINC,NULL,1441732282759,0,Not yet rated,NULL,N/A
FKO,NULL,1441732282780,0,Not yet rated,NULL,N/A
FDIV,$47.4,1441732282920,300,100% bearish,of 1 rating,N/A
FTW,$31.2121,1441732282993,167,Not yet rated,NULL,N/A
FKU,$41.656,1441732283122,"2,897",Not yet rated,NULL,N/A
TUSA,$24.83,1441732283154,508,Not yet rated,NULL,N/A
FMER,$17.53,1441732283175,"115,870",50% bullish,of 2 ratings,$20
FUNC,$8.07,1441732283206,"1,900",Not yet rated,NULL,N/A
FSZ,$38.46,1441732283252,916,Not yet rated,NULL,N/A
SVVC,$9.4,1441732283354,"5,250",50% bullish,of 2 ratings,$26
FSV,$32.05,1441732283414,"2,800",Not yet rated,NULL,$33.60
FPRX,$20.09,1441732283565,"43,163",50% bullish,of 2 ratings,$35
FISV,$85.76,1441732283630,"283,800",100% bearish,of 3 ratings,$90
FIVN,$3.76,1441732283656,"37,692",100% bullish,of 1 rating,$8.50
FIVE,$33.83,1441732283697,"442,044",75% bearish,of 4 ratings,$43.50
FLML,$22.75,1441732283833,"82,055",50% bullish,of 2 ratings,$30
FLXN,$28.6501,1441732283866,"33,615",100% bearish,of 1 rating,$40
MBSD,$24.93,1441732283972,"2,400",Not yet rated,NULL,N/A
SKOR,$50.44,1441732284023,"4,700",Not yet rated,NULL,N/A
FLKS,$11.715,1441732284045,"23,729",50% bullish,of 2 ratings,$27
FLXS,$30.555,1441732284073,"1,770",100% bearish,of 2 ratings,N/A
FLEX,$10.52,1441732284201,"621,836",63% bullish,of 8 ratings,$12
FLIR,$28.8,1441732284280,"201,072",100% bearish,of 2 ratings,$38.50
FLDM,$11.2301,1441732284304,"121,565",67% bearish,of 3 ratings,$15
FFIC,$19.73,1441732284331,"10,065",Not yet rated,NULL,$20.50
FOMX,$9.97,1441732284476,"18,878",50% bullish,of 2 ratings,$23.50
FOGO,$19.32,1441732284566,"13,568",50% bullish,of 2 ratings,$25.50
FONR,$10.7001,1441732284698,"21,151",100% bullish,of 1 rating,N/A
FORM,$6.86,1441732284724,"36,506",67% bullish,of 3 ratings,$10.50
FES,$0.86,1441732284774,"36,200",50% bullish,of 2 ratings,$1
FTNT,$42.7,1441732284799,"318,308",80% bullish,of 10 ratings,$52
FORR,$31.2,1441732284855,"11,699",Not yet rated,NULL,N/A
FORTY,NULL,1441732284879,0,100% bearish,of 1 rating,N/A
FWRD,$44.68,1441732285231,"26,132",100% bearish,of 1 rating,$50
FBIO,$2.54,1441732285257,"35,580",83% bullish,of 6 ratings,N/A
FOSL,$60.92,1441732285312,"199,249",60% bearish,of 5 ratings,$80
FORD,$1.66,1441732285342,"846,099",67% bullish,of 3 ratings,N/A
FMI,$23.3,1441732285388,"34,857",100% bearish,of 2 ratings,$27.50
FWP,$26.25,1441732285414,"25,100",100% bearish,of 1 rating,$45
FXCB,$17.14,1441732285439,735,Not yet rated,NULL,$19
FRAN,$12.435,1441732285718,"527,608",50% bullish,of 4 ratings,$15
FOXF,$15.2775,1441732285749,"7,297",100% bearish,of 1 rating,$19
FREE,$0.3342,1441732285770,"316,562",92% bullish,of 12 ratings,N/A
FRED,$12.85,1441732285801,"30,881",50% bullish,of 2 ratings,$15.50
FELE,$27.82,1441732285825,"36,758",50% bullish,of 4 ratings,$33
RAIL,$20.44,1441732285961,"32,760",100% bearish,of 1 rating,$24.50
FRPT,$12.59,1441732286020,"84,364",67% bearish,of 3 ratings,$23.50
FEIM,$11.02,1441732286044,"1,800",100% bearish,of 1 rating,N/A
FTR,$5.364,1441732286090,"4,743,846",78% bullish,of 27 ratings,$6.25
FTRPR,$104.7,1441732286174,"20,514",100% bearish,of 1 rating,N/A
FRPH,$31.12,1441732286221,"4,624",100% bearish,of 1 rating,N/A
FSBW,$23.29,1441732286422,300,Not yet rated,NULL,N/A
FTD,$29.29,1441732286450,"7,318",100% bearish,of 1 rating,$40
FCEL,$0.9116,1441732286482,"727,698",88% bullish,of 41 ratings,$2.65
FSYS,$6.31,1441732286503,"71,100",67% bullish,of 3 ratings,$8.50
FTEK,$2.0199,1441732286536,"10,077",75% bullish,of 4 ratings,N/A
FULL,$3.1199,1441732286563,"16,368",67% bearish,of 3 ratings,$4.25
FULLL,$25.2999,1441732286638,900,Not yet rated,NULL,N/A
FLL,$1.4535,1441732286745,"5,137",75% bullish,of 4 ratings,$3.50
FSNN,$2.25,1441732286876,"9,400",67% bullish,of 3 ratings,$6
FULT,$11.94,1441732286901,"122,879",100% bearish,of 1 rating,$13
FFHL,NULL,1441732286931,0,50% bullish,of 4 ratings,N/A
FXEN,$0.9801,1441732286963,"12,405",75% bullish,of 4 ratings,$1.10
FXENP,$15.13,1441732287063,700,100% bearish,of 1 rating,N/A
GK,$68.1,1441732287239,"17,528",Not yet rated,NULL,$78
GAIA,$6.01,1441732287275,"7,843",50% bullish,of 2 ratings,$8.50
WILC,$4.77,1441732287298,300,100% bullish,of 2 ratings,N/A
GLPG,$59.03,1441732287324,"3,433",100% bullish,of 1 rating,$75
GALTU,NULL,1441732287369,0,100% bearish,of 1 rating,N/A
GALT,$2.15,1441732287398,"56,706",80% bullish,of 5 ratings,N/A
GALTW,NULL,1441732287505,0,100% bullish,of 1 rating,N/A
GALE,$1.58,1441732287532,"180,880",89% bullish,of 47 ratings,$4
GLMD,$8.42,1441732287698,"2,663",67% bullish,of 3 ratings,$20.50
GLPI,$30.46,1441732287723,"98,355",100% bearish,of 1 rating,$37.50
GRMN,$37.38,1441732287877,"248,329",50% bullish,of 6 ratings,$46.50
GGAC,$9.92,1441732287956,81,100% bearish,of 1 rating,N/A
GPIC,$9.77,1441732288006,"2,500",100% bearish,of 1 rating,N/A
GGACR,$0.23,1441732288062,"12,000",100% bullish,of 1 rating,N/A
GARS,$14.55,1441732288092,"20,078",Not yet rated,NULL,$16
GGACU,NULL,1441732288112,0,Not yet rated,NULL,N/A
GGACW,$0.1469,1441732288170,480,Not yet rated,NULL,N/A
GENC,$9.04,1441732288240,200,100% bearish,of 1 rating,N/A
GNCMA,$17.31,1441732288270,"49,889",100% bearish,of 1 rating,$12
GFN,$3.8,1441732288494,"6,775",100% bearish,of 2 ratings,$8
GFNSL,$25.51,1441732288559,900,Not yet rated,NULL,N/A
GENE,$2.39,1441732288585,"41,005",100% bullish,of 12 ratings,N/A
GFNCP,$88.5,1441732288621,70,Not yet rated,NULL,N/A
GNMK,$9.96,1441732288890,"12,466",67% bullish,of 6 ratings,$14
GNCA,$11.19,1441732288932,"19,950",100% bearish,of 1 rating,$20
THRM,$45.5,1441732288994,"75,990",75% bearish,of 4 ratings,$55.50
GNTX,$15.96,1441732289030,"772,320",Not yet rated,NULL,$20
GHDX,$25.25,1441732289051,"18,742",50% bullish,of 2 ratings,$30
GABC,$28.7,1441732289083,"1,949",Not yet rated,NULL,$31.50
GNVC,$2.57,1441732289124,"16,641",90% bullish,of 10 ratings,$8.50
GEOS,$16.54,1441732289182,"20,083",100% bearish,of 3 ratings,$21
GTWN,NULL,1441732289285,0,Not yet rated,NULL,N/A
GERN,$3.315,1441732289310,"794,876",88% bullish,of 17 ratings,$5.25
GEVO,$2.361,1441732289486,"273,607",75% bullish,of 12 ratings,$5
ROCK,$16.83,1441732289519,"24,289",80% bullish,of 5 ratings,$24
GIGM,$0.5203,1441732289691,"27,970",100% bullish,of 2 ratings,N/A
GILT,$4.17,1441732289718,"3,880",50% bullish,of 2 ratings,N/A
GIGA,$1.31,1441732289743,"108,860",100% bearish,of 1 rating,N/A
GIII,$69.56,1441732289882,"81,923",67% bullish,of 3 ratings,$79
GLAD,$8.9742,1441732289955,"84,953",50% bullish,of 2 ratings,$8.75
GILD,$103.4608,1441732289986,"2,460,199",91% bullish,of 89 ratings,$129
GLADO,$25.59,1441732290015,"2,800",Not yet rated,NULL,N/A
GBCI,$26.19,1441732290091,"23,368",50% bullish,of 2 ratings,$31
GOODN,$25.55,1441732290255,204,Not yet rated,NULL,N/A
GOODO,$25.14,1441732290284,200,Not yet rated,NULL,N/A
GOODP,$25.2,1441732290382,400,Not yet rated,NULL,N/A
GOOD,$13.98,1441732290481,"22,564",Not yet rated,NULL,$19
GAIN,$7.483,1441732290582,"49,385",100% bullish,of 2 ratings,$8.25
GAINN,$25.21,1441732290607,"32,801",Not yet rated,NULL,N/A
GAINO,NULL,1441732290682,0,Not yet rated,NULL,N/A
GLBZ,NULL,1441732290771,0,Not yet rated,NULL,N/A
GAINP,$25.65,1441732290822,"2,100",Not yet rated,NULL,N/A
LAND,$9.18,1441732290848,"7,564",50% bullish,of 2 ratings,$13.75
ENT,$11.2499,1441732290977,"30,953",100% bearish,of 1 rating,$18
GBT,$50.925,1441732291020,"98,118",100% bearish,of 1 rating,N/A
GDEF,$10.65,1441732291108,400,Not yet rated,NULL,N/A
GPACU,NULL,1441732291152,0,Not yet rated,NULL,N/A
GBLI,$27.54,1441732291205,"2,632",Not yet rated,NULL,N/A
GSOL,$8.43,1441732291242,"2,198",100% bearish,of 1 rating,N/A
ACTX,NULL,1441732291417,0,100% bullish,of 1 rating,N/A
QQQC,$18.65,1441732291500,505,100% bearish,of 1 rating,N/A
SOCL,$17.45,1441732291546,"9,504",100% bullish,of 2 ratings,N/A
SRET,$12.96,1441732291600,11,Not yet rated,NULL,N/A
ALTY,$14.2953,1441732291626,101,Not yet rated,NULL,N/A
YLCO,$11.6199,1441732291652,"1,700",Not yet rated,NULL,N/A
GSM,$14.34,1441732291702,"130,845",50% bullish,of 2 ratings,$22
GAI,$6.16,1441732291878,500,50% bullish,of 2 ratings,N/A
GLBS,$1.25,1441732291938,"9,338",67% bullish,of 3 ratings,N/A
GBIM,$2.71,1441732291959,844,50% bullish,of 2 ratings,N/A
GLUU,$4.59,1441732292040,"647,163",92% bullish,of 26 ratings,$9
GLRI,$1.01,1441732292091,"17,186",100% bearish,of 1 rating,$4.25
GLYC,$6.9301,1441732292139,"25,667",50% bullish,of 2 ratings,$14
GOGO,$15.82,1441732292220,"125,602",80% bullish,of 5 ratings,$25
GLNG,$38.8,1441732292307,"275,638",83% bullish,of 6 ratings,$55.50
GMLP,$21.07,1441732292334,"37,002",50% bullish,of 4 ratings,$29
GBDC,$17.005,1441732292524,"90,512",Not yet rated,NULL,$17.75
GLDC,$3.97,1441732292554,912,50% bullish,of 2 ratings,N/A
GOGL,$2.91,1441732292580,"46,424",75% bullish,of 4 ratings,$5
GDEN,$9.07,1441732292649,"1,800",50% bullish,of 2 ratings,N/A
GTIM,$7.065,1441732292750,"9,983",Not yet rated,NULL,$11.50
GOOGL,$639.01,1441732292775,"519,406",88% bullish,of 1083 ratings,$749
GOOG,$610.45,1441732292850,"440,083",87% bullish,of 75 ratings,$787.50
GPRO,$36.86,1441732292908,"4,104,892",78% bullish,of 60 ratings,$71
GMAN,$3.73,1441732292952,"11,659",60% bullish,of 5 ratings,$8.50
GPIA,NULL,1441732293012,0,100% bearish,of 1 rating,N/A
GPIAU,$9.96,1441732293040,700,Not yet rated,NULL,N/A
LOPE,$37.66,1441732293181,"26,978",100% bearish,of 2 ratings,$50
GBSN,$0.1599,1441732293244,"4,472,367",50% bullish,of 2 ratings,$8.25
GPIAW,NULL,1441732293274,0,Not yet rated,NULL,N/A
GBSNU,NULL,1441732293296,0,NULL,NULL,NULL
GRVY,$3.632,1441732293458,761,50% bullish,of 2 ratings,N/A
GLDD,$5.46,1441732293488,"33,511",100% bearish,of 4 ratings,$7.75
GSBC,$41.37,1441732293545,"7,023",100% bullish,of 1 rating,$44
GNBC,$12,1441732293597,"16,750",100% bearish,of 1 rating,$16.50
GRBK,$11.92,1441732293649,"38,171",77% bullish,of 13 ratings,N/A
GCBC,$29,1441732293794,27,100% bullish,of 1 rating,N/A
GPP,$13.7599,1441732293827,"40,765",Not yet rated,NULL,$20.50
GPRE,$20.55,1441732293853,"177,154",67% bullish,of 6 ratings,$28.50
GLRE,$24.74,1441732293937,"35,360",50% bullish,of 2 ratings,$34
GRPN,$4.24,1441732294119,"2,230,235",61% bullish,of 71 ratings,$6.75
GRIF,$32.6,1441732294202,"6,338",100% bearish,of 1 rating,N/A
GRFS,$31.78,1441732294229,"207,570",50% bullish,of 2 ratings,$35
GGAL,$20.2611,1441732294310,"106,170",80% bullish,of 5 ratings,$40
OMAB,$41.213,1441732294356,"18,711",100% bullish,of 1 rating,$44
GSIG,$12.95,1441732294456,"4,544",100% bearish,of 2 ratings,N/A
GSVC,$8.973,1441732294584,"11,587",50% bullish,of 2 ratings,$15.75
GBNK,$15.6125,1441732294609,"3,508",100% bearish,of 1 rating,$18
GSIT,$4.55,1441732294640,"3,288",100% bearish,of 1 rating,N/A
GTXI,$0.87,1441732294670,"3,100",100% bullish,of 5 ratings,$.75
GUID,$6.76,1441732294773,"18,402",100% bearish,of 3 ratings,$10
GFED,$14.5,1441732294829,832,Not yet rated,NULL,$17
GULTU,$0.3302,1441732294863,"109,181",100% bearish,of 1 rating,N/A
GIFI,$12.19,1441732295039,"23,800",100% bearish,of 1 rating,$16
GURE,$1.61,1441732295075,"18,362",88% bullish,of 8 ratings,N/A
GWPH,$105.421,1441732295139,"33,651",78% bullish,of 9 ratings,$148.50
GPOR,$32.65,1441732295166,"609,701",75% bullish,of 4 ratings,$54
GYRO,$33.3,1441732295353,"4,846",100% bearish,of 1 rating,N/A
GWGH,$7.97,1441732295379,164,100% bearish,of 1 rating,$15.05
HLG,$9,1441732295449,500,100% bearish,of 1 rating,N/A
HEES,$20.12,1441732295511,"134,125",67% bearish,of 3 ratings,$31
HNRG,$7.14,1441732295582,"35,977",100% bearish,of 1 rating,$10
HALO,$17.24,1441732295640,"105,694",67% bullish,of 3 ratings,$22.50
HALL,$11.45,1441732295727,"23,201",Not yet rated,NULL,N/A
HMPR,$1.91,1441732295908,"3,354",100% bullish,of 1 rating,N/A
HBHC,$27.76,1441732295932,"112,871",50% bullish,of 2 ratings,$30
HBK,NULL,1441732295957,0,50% bullish,of 2 ratings,N/A
HBHCL,$24.2,1441732295989,"32,753",Not yet rated,NULL,N/A
HNH,$25.08,1441732296087,"3,778",100% bullish,of 1 rating,N/A
HAFC,$24.55,1441732296222,"106,740",100% bullish,of 2 ratings,$28.50
HQCL,$12.58,1441732296328,"2,483",67% bullish,of 3 ratings,$14
HNSN,$0.5663,1441732296355,"51,397",88% bullish,of 8 ratings,$.40
HRMN,NULL,1441732296395,0,Not yet rated,NULL,N/A
HDNG,$10.63,1441732296421,"10,322",50% bullish,of 4 ratings,N/A
HRMNU,NULL,1441732296586,0,Not yet rated,NULL,N/A
HLIT,$5.74,1441732296640,"61,962",100% bearish,of 1 rating,$6.50
HRMNW,NULL,1441732296664,0,Not yet rated,NULL,N/A
HBIO,$4.48,1441732296831,"33,249",100% bearish,of 1 rating,$10
HART,$1.33,1441732296895,"69,607",100% bearish,of 1 rating,N/A
TINY,$2.46,1441732296926,"8,308",50% bullish,of 2 ratings,$5.26
HCAP,$12,1441732297027,"3,974",50% bullish,of 2 ratings,$15
HA,$24.43,1441732297057,"171,523",67% bullish,of 9 ratings,$27
HCAPL,$25.41,1441732297126,772,Not yet rated,NULL,N/A
HAS,$75.84,1441732297152,"276,294",63% bullish,of 8 ratings,$84.50
HCOM,$21.67,1441732297184,383,100% bearish,of 1 rating,$28
HWKN,$38.44,1441732297406,"4,395",Not yet rated,NULL,N/A
HDS,$32.99,1441732297439,"965,323",100% bearish,of 2 ratings,$39.50
HWBK,$13.48,1441732297467,435,100% bearish,of 1 rating,N/A
HIIQ,$4.9301,1441732297492,"2,088",50% bullish,of 2 ratings,$7
HAYN,$37.65,1441732297539,"11,172",100% bearish,of 1 rating,$59
HQY,$30.25,1441732297683,"51,145",67% bullish,of 3 ratings,$35
HCSG,$33.02,1441732297709,"68,554",50% bullish,of 4 ratings,$35
HWAY,$11.64,1441732297910,"121,874",100% bearish,of 1 rating,$15
HSTM,$24.64,1441732297939,"20,257",50% bullish,of 2 ratings,$33.75
HTLD,$20.7,1441732297969,"63,753",Not yet rated,NULL,$22.50
HTWR,$66.8,1441732298041,"106,702",50% bullish,of 2 ratings,$97.50
HTLF,$36.477,1441732298070,"12,787",100% bullish,of 1 rating,$39.50
HELE,$85.75,1441732298126,"31,112",67% bearish,of 3 ratings,$100
HTBX,$3.95,1441732298151,"12,295",50% bullish,of 2 ratings,$15.50
HSII,$20.34,1441732298176,"7,035",100% bullish,of 3 ratings,$25
HMNY,$2.1475,1441732298560,"8,687",100% bearish,of 1 rating,N/A
HMTV,$13.33,1441732298714,"2,359",100% bearish,of 1 rating,$16
HSIC,$135.07,1441732298741,"71,716",83% bullish,of 6 ratings,$146
HCACU,$9.913,1441732298763,"107,008",Not yet rated,NULL,N/A
HNNA,$24.51,1441732298784,"11,617",100% bearish,of 1 rating,N/A
HERO,NULL,1441732298815,0,NULL,NULL,NULL
HTBK,$10.79,1441732300455,"23,073",Not yet rated,NULL,$12
HFWA,$18.09,1441732300485,"7,339",100% bullish,of 1 rating,$20
HEOP,$7.81,1441732300590,"5,186",Not yet rated,NULL,$8.50
HCCI,$11.93,1441732300692,"1,357",100% bearish,of 1 rating,$16.50
MLHR,$27.68,1441732300877,"41,128",50% bullish,of 2 ratings,$33.50
HSKA,$33.505,1441732301169,"17,376",100% bearish,of 1 rating,$38
HFFC,$16.02,1441732301234,"4,314",Not yet rated,NULL,N/A
HRTX,$39.74,1441732301304,"502,242",57% bullish,of 7 ratings,$41
HIHO,$4.84,1441732301362,"54,603",Not yet rated,NULL,N/A
HPJ,$2.19,1441732301390,"16,672",75% bullish,of 4 ratings,$12.43
HIBB,$39.51,1441732301461,"54,588",100% bearish,of 1 rating,$46.50
HIMX,$7.4,1441732301556,"456,192",86% bullish,of 21 ratings,$8.25
HIFS,$113.65,1441732301639,"3,237",Not yet rated,NULL,N/A
HSGX,$6.18,1441732301666,"3,687",100% bearish,of 1 rating,$17
HMNF,$11.42,1441732301744,418,Not yet rated,NULL,N/A
HOLI,$16.6,1441732301765,"125,560",50% bullish,of 4 ratings,$27
HMSY,$10.22,1441732301848,"172,818",67% bullish,of 3 ratings,$19.35
HOLX,$39.362,1441732301892,"503,080",50% bullish,of 4 ratings,$42
HBCP,$24.83,1441732301985,"1,566",Not yet rated,NULL,$29
HOMB,$38.37,1441732302050,"25,928",Not yet rated,NULL,$42
HFBL,$21.88,1441732302232,"7,300",Not yet rated,NULL,N/A
AWAY,$28.33,1441732302303,"151,423",75% bullish,of 4 ratings,$36
HMIN,$25.41,1441732302363,"31,496",100% bearish,of 2 ratings,$35
HMST,$22.37,1441732302429,"18,227",100% bullish,of 2 ratings,$27
HKTV,$4.1576,1441732302535,"47,592",100% bearish,of 1 rating,N/A
CETC,$0.7588,1441732302556,"16,082",86% bullish,of 7 ratings,N/A
HOFT,$24.97,1441732302600,"15,440",100% bearish,of 1 rating,N/A
HFBC,$11.05,1441732302634,"6,707",Not yet rated,NULL,N/A
HBNC,$23.4,1441732302763,"10,369",100% bullish,of 1 rating,$27
HZNP,$29.36,1441732302789,"558,135",85% bullish,of 20 ratings,$40
HTBI,$18.12,1441732302833,"8,669",67% bullish,of 3 ratings,$18.625
HRZN,$10.375,1441732302858,"9,889",50% bullish,of 2 ratings,$14.25
HWCC,$7.58,1441732303144,"11,294",100% bearish,of 1 rating,$9
HDP,$24.1399,1441732303194,"171,417",67% bearish,of 3 ratings,$30.50
HMHC,$22.9,1441732303224,"139,652",Not yet rated,NULL,$27
ZINC,$7.58,1441732303245,"132,879",100% bearish,of 1 rating,$17
HBMD,$13.8,1441732303334,"5,551",100% bearish,of 1 rating,N/A
HTGM,$6.22,1441732303381,"3,339",100% bearish,of 1 rating,$19.50
HSNI,$60.14,1441732303412,"38,946",Not yet rated,NULL,$80
HOVNP,$4.38,1441732303507,500,100% bearish,of 1 rating,N/A
HCBK,$9.44,1441732303614,"525,331",83% bullish,of 6 ratings,$8.61
HUBG,$38.25,1441732303647,"81,233",100% bearish,of 1 rating,$43
HBAN,$10.695,1441732303743,"1,883,660",76% bullish,of 17 ratings,$12.29
HDSN,$2.99,1441732303770,"6,702",100% bullish,of 1 rating,$6.25
HSON,$2.8,1441732303800,"51,444",100% bearish,of 1 rating,$5
HURC,$29.78,1441732303905,"2,100",100% bearish,of 1 rating,N/A
HURN,$73.9801,1441732303953,"28,053",50% bullish,of 2 ratings,$80
HBANP,NULL,1441732303978,0,100% bearish,of 1 rating,N/A
HTCH,$1.52,1441732304296,"31,606",100% bearish,of 1 rating,$3.50
HBP,$3.06,1441732304322,200,100% bullish,of 1 rating,N/A
HDRAU,NULL,1441732304342,0,Not yet rated,NULL,N/A
HDRA,NULL,1441732304390,0,Not yet rated,NULL,N/A
HDRAW,NULL,1441732304471,0,Not yet rated,NULL,N/A
HYGS,$8.55,1441732304496,"6,308",50% bullish,of 2 ratings,$13
HDRAR,NULL,1441732304549,0,Not yet rated,NULL,N/A
IDSY,$3.79,1441732304577,"9,218",100% bearish,of 1 rating,$7
IKGH,$1.55,1441732304716,"37,823",75% bullish,of 4 ratings,N/A
IACI,$69.575,1441732304816,"209,871",80% bullish,of 5 ratings,$90
IEP,$68.078,1441732304944,"59,004",75% bullish,of 4 ratings,$99
ICAD,$3.91,1441732304990,"14,249",50% bullish,of 2 ratings,$7.25
IBKC,$61.02,1441732305015,"19,399",100% bullish,of 1 rating,$70
ICLR,$77.3601,1441732305175,"95,520",100% bearish,of 3 ratings,$85
ICON,$13.26,1441732305251,"243,782",50% bullish,of 2 ratings,$18.50
ICFI,$33.665,1441732305276,"4,458",50% bullish,of 2 ratings,$48.50
ICUI,$110.9,1441732305347,"30,766",Not yet rated,NULL,$122
IPWR,$7.7,1441732305376,"4,005",100% bullish,of 1 rating,$15
INVE,$4.46,1441732305426,"9,870",75% bullish,of 4 ratings,$4
IDRA,$2.95,1441732305598,"184,141",89% bullish,of 9 ratings,$6.50
IDXX,$74.44,1441732305642,"121,437",100% bearish,of 1 rating,$76
DSKY,$10.75,1441732305747,"54,791",67% bullish,of 6 ratings,$11.50
IRG,$5.26,1441732305778,"8,225",100% bearish,of 1 rating,$4.25
IROQ,$16.725,1441732305804,200,100% bullish,of 1 rating,N/A
RXDX,$16.03,1441732305878,"89,143",100% bullish,of 1 rating,$20
IIVI,$16.96,1441732306036,"34,925",100% bearish,of 1 rating,$22
KANG,$15.23,1441732306162,"156,271",50% bullish,of 2 ratings,$23.10
IKAN,$2.745,1441732306234,"24,172",83% bullish,of 6 ratings,$5
IKNX,NULL,1441732306258,0,100% bearish,of 1 rating,N/A
ISNS,$4.1999,1441732306289,"5,944",50% bullish,of 2 ratings,N/A
IMMR,$12.91,1441732306319,"74,050",80% bullish,of 5 ratings,$15.50
ILMN,$195.9,1441732306340,"206,198",80% bullish,of 5 ratings,$245
IMDZ,$15.53,1441732306391,"65,756",100% bearish,of 1 rating,$33
ICCC,$7.2,1441732306488,"4,863",100% bullish,of 1 rating,N/A
IMNP,$1.39,1441732306576,"113,071",50% bullish,of 2 ratings,$6
IMMU,$2.3,1441732306779,"1,877,761",86% bullish,of 7 ratings,$2
IMGN,$13.26,1441732306810,"309,247",75% bullish,of 4 ratings,$17.50
INCR,$42.99,1441732306912,"89,053",50% bullish,of 2 ratings,$53
IMMY,$7.5501,1441732306938,"2,501",100% bearish,of 1 rating,$11
INCY,$117.44,1441732306965,"163,126",50% bullish,of 6 ratings,$125.50
SAAS,$7.24,1441732306993,"94,516",50% bullish,of 2 ratings,$15
INDB,$44.57,1441732307019,"12,055",Not yet rated,NULL,$44
IPXL,$45.19,1441732307040,"785,844",67% bullish,of 3 ratings,$46.50
IDSA,NULL,1441732307169,0,Not yet rated,NULL,N/A
IBTX,$42.01,1441732307267,"4,259",100% bullish,of 2 ratings,$47.25
IBCP,$14.24,1441732307355,"19,632",100% bullish,of 1 rating,$14.50
INFI,$8.67,1441732307402,"77,734",50% bullish,of 4 ratings,$16.50
INFN,$20.54,1441732307427,"1,510,090",71% bullish,of 7 ratings,$28
IPCC,$75.83,1441732307457,"4,806",Not yet rated,NULL,$77.50
III,$3.75,1441732307643,"13,176",57% bullish,of 7 ratings,$6
IMKTA,$49.67,1441732307774,"24,741",100% bearish,of 1 rating,N/A
IFON,$1.26,1441732307801,"7,886",75% bullish,of 4 ratings,N/A
INWK,$7.07,1441732307822,"17,730",50% bullish,of 2 ratings,$10
IPHS,$45.93,1441732307952,"16,200",100% bearish,of 1 rating,$60
INOD,$2.33,1441732307978,"9,520",100% bearish,of 1 rating,N/A
IOSP,$49.74,1441732308012,"48,025",100% bearish,of 1 rating,N/A
INNL,$13,1441732308046,"43,834",100% bearish,of 1 rating,$16.50
ISSC,$2.83,1441732308144,10,67% bearish,of 3 ratings,N/A
INGN,$52.67,1441732308208,"78,060",100% bearish,of 1 rating,$50.50
ITEK,$12.9195,1441732308233,"95,279",100% bearish,of 3 ratings,$20
INO,$7.085,1441732308423,"248,166",89% bullish,of 18 ratings,$20
INOV,$21.03,1441732308448,"99,741",100% bearish,of 1 rating,$33
ISIG,$2.64,1441732308577,"1,717",100% bearish,of 1 rating,N/A
NSIT,$24.86,1441732308605,"28,605",50% bullish,of 2 ratings,N/A
IIIN,$18.18,1441732308663,"12,863",100% bearish,of 2 ratings,N/A
PODD,$28.86,1441732308690,"41,451",67% bearish,of 3 ratings,$35
INSM,$24.65,1441732308719,"94,660",71% bullish,of 7 ratings,$31.50
INSY,$34.09,1441732308820,"261,548",75% bullish,of 4 ratings,$48
NTEC,$5.65,1441732308954,"1,498",100% bearish,of 1 rating,N/A
IDTI,$19.78,1441732309006,"636,464",60% bullish,of 5 ratings,$25
IART,$62.8,1441732309031,"44,829",100% bearish,of 2 ratings,$71.50
ISSI,$21.965,1441732309083,"56,155",67% bullish,of 3 ratings,$19.75
IESC,$7.18,1441732309273,"1,821",100% bearish,of 1 rating,N/A
INTC,$29.3,1441732309552,"7,921,943",82% bullish,of 238 ratings,$36
IQNT,$19.49,1441732309576,"150,184",86% bullish,of 7 ratings,$20
IPCI,$2.23,1441732309868,"10,227",67% bullish,of 6 ratings,$8
IBKR,$38,1441732310005,"113,738",100% bullish,of 1 rating,N/A
IPAR,$25.36,1441732310042,"16,582",67% bullish,of 3 ratings,$38
ICPT,$192.997,1441732310358,"67,799",70% bullish,of 10 ratings,$359.50
ICLDW,NULL,1441732310398,0,100% bearish,of 1 rating,N/A
ICLD,$2.0501,1441732310497,"173,641",75% bullish,of 4 ratings,N/A
IDCC,$48.57,1441732310527,"43,204",80% bullish,of 5 ratings,$63
ININ,$36.3,1441732310555,"13,696",67% bearish,of 3 ratings,$57
TILE,$24.555,1441732310656,"80,684",100% bearish,of 3 ratings,$27
INAP,$9.28,1441732310730,"43,673",75% bullish,of 4 ratings,$11
IMI,$2,1441732310789,"8,113",67% bullish,of 3 ratings,$2.22
IBOC,$25.32,1441732310815,"39,408",100% bearish,of 1 rating,N/A
ISCA,$32.73,1441732310839,"11,938",100% bearish,of 1 rating,N/A
IGLD,$7.38,1441732310894,"1,075",50% bullish,of 2 ratings,N/A
PTNT,$2.98,1441732311106,200,Not yet rated,NULL,N/A
INPH,$0.29,1441732311182,145,50% bullish,of 2 ratings,N/A
IIJI,$8.6999,1441732311207,120,50% bullish,of 2 ratings,$12.50
XENT,$25.15,1441732311241,"63,151",50% bullish,of 2 ratings,$36.50
ISIL,$10.8,1441732311338,"235,494",50% bullish,of 6 ratings,$15
INTX,$1.99,1441732311363,"2,090",67% bullish,of 3 ratings,N/A
IILG,$19.65,1441732311550,"21,138",100% bearish,of 1 rating,$29
INTLL,$26.09,1441732311614,100,Not yet rated,NULL,N/A
IIN,$6.75,1441732311647,"2,100",100% bearish,of 1 rating,$12
INTL,$25.85,1441732311675,"5,415",67% bearish,of 3 ratings,N/A
INTU,$86.7,1441732311706,"495,662",86% bullish,of 7 ratings,$107.50
IVAC,$4.9589,1441732311737,"7,347",100% bearish,of 1 rating,$6.625
ITCI,$27.314,1441732311765,"105,267",75% bearish,of 4 ratings,$40
ISRG,$517.24,1441732311804,"27,941",67% bullish,of 3 ratings,$600
INVT,$0.34,1441732312017,"44,093",67% bullish,of 3 ratings,N/A
SNAK,$8.44,1441732312085,"15,603",50% bullish,of 2 ratings,$14
ISBC,$11.9,1441732312191,"447,550",100% bullish,of 1 rating,$13.25
ITIC,$70.95,1441732312261,100,100% bearish,of 2 ratings,N/A
ISTR,$15.91,1441732312293,"1,602",100% bearish,of 1 rating,$18.50
NVIV,$10.9399,1441732312330,"234,550",50% bullish,of 4 ratings,$24.50
IVTY,$14.3001,1441732312390,"10,260",Not yet rated,NULL,$18
IPAS,$1.08,1441732312415,"3,050",67% bullish,of 3 ratings,N/A
DFVL,NULL,1441732312572,0,Not yet rated,NULL,N/A
DTUL,NULL,1441732312602,0,Not yet rated,NULL,N/A
IPCM,$79.2,1441732312624,"59,452",50% bullish,of 2 ratings,$80.125
IPGP,$83.3,1441732312668,"112,311",67% bearish,of 3 ratings,$109.50
IRIX,$7.12,1441732312705,653,100% bearish,of 1 rating,N/A
IRMD,$24.72,1441732312756,"7,412",67% bearish,of 3 ratings,$25
IRDM,$6.98,1441732312781,"144,482",60% bullish,of 5 ratings,$11.50
IRDMB,NULL,1441732312922,0,67% bearish,of 3 ratings,N/A
IRWD,$11.3,1441732313188,"369,539",100% bearish,of 1 rating,$13
COMT,$33.4185,1441732313235,"2,447",100% bearish,of 1 rating,N/A
GNMA,$50.03,1441732313263,"2,416",Not yet rated,NULL,N/A
FCHI,NULL,1441732313290,0,NULL,NULL,NULL
IRBT,$30.56,1441732313318,"65,298",67% bullish,of 6 ratings,$37
IFAS,NULL,1441732313370,0,NULL,NULL,NULL
IRCP,NULL,1441732313397,0,100% bullish,of 2 ratings,N/A
ACWX,$40.025,1441732313607,"349,951",100% bearish,of 1 rating,N/A
IFNA,NULL,1441732313637,0,NULL,NULL,NULL
IFEU,$38.06,1441732313666,100,Not yet rated,NULL,N/A
IFGL,$27.9653,1441732313686,"42,286",Not yet rated,NULL,N/A
AXJS,NULL,1441732313762,0,NULL,NULL,NULL
ACWI,$55.08,1441732313818,"1,071,606",Not yet rated,NULL,N/A
AAXJ,$52.63,1441732313894,"378,891",Not yet rated,NULL,N/A
AAIT,NULL,1441732313949,0,NULL,NULL,NULL
EMDI,NULL,1441732314079,0,NULL,NULL,NULL
EEME,NULL,1441732314106,0,NULL,NULL,NULL
EEMA,$49.5,1441732314184,"10,663",Not yet rated,NULL,N/A
EEML,NULL,1441732314253,0,Not yet rated,NULL,N/A
EGRW,NULL,1441732314276,0,NULL,NULL,NULL
EMEY,NULL,1441732314294,0,NULL,NULL,NULL
EVAL,NULL,1441732314327,0,NULL,NULL,NULL
EUFN,$21.46,1441732314427,"44,127",100% bearish,of 1 rating,N/A
QAT,$21.16,1441732314481,"1,500",Not yet rated,NULL,N/A
IBB,$345.74,1441732314612,"421,649",67% bullish,of 9 ratings,N/A
IEUS,$45.28,1441732314663,"1,315",100% bearish,of 1 rating,N/A
UAE,$17.799,1441732314729,"1,600",Not yet rated,NULL,N/A
SOXX,$84.01,1441732314754,"196,478",50% bullish,of 2 ratings,N/A
ICLN,$9.351,1441732315042,"15,059",50% bullish,of 2 ratings,N/A
WOOD,$47.9301,1441732315093,"3,620",50% bullish,of 2 ratings,N/A
ISHG,$79.755,1441732315121,459,100% bearish,of 1 rating,N/A
INDY,$26.4913,1441732315152,"608,929",50% bullish,of 2 ratings,N/A
IGOV,$91.3,1441732315172,"12,306",100% bearish,of 1 rating,N/A
EMIF,$28.095,1441732315204,"1,567",Not yet rated,NULL,N/A
ISIS,$53.4707,1441732315254,"302,521",53% bullish,of 15 ratings,$67
ISLE,$19.72,1441732315386,"155,807",50% bullish,of 4 ratings,$17
ITRI,$28.9,1441732315441,"28,455",100% bearish,of 1 rating,$37
ISRL,$125.71,1441732315602,103,100% bearish,of 1 rating,N/A
ITRN,$23.65,1441732315642,557,50% bullish,of 2 ratings,N/A
ITUS,$4.09,1441732315706,"5,724",Not yet rated,NULL,N/A
XXIA,$15.145,1441732315802,"157,184",71% bullish,of 7 ratings,$14.625
IXYS,$11.58,1441732315952,"19,312",50% bullish,of 4 ratings,N/A
MAYS,$58.8,1441732315978,121,Not yet rated,NULL,N/A
JBHT,$76.2,1441732316007,"207,550",50% bullish,of 4 ratings,$89.50
JKHY,$67.66,1441732316038,"58,729",67% bearish,of 3 ratings,$72
JJSF,$115.22,1441732316067,"11,674",100% bearish,of 1 rating,N/A
JASO,$7.91,1441732316137,"323,837",82% bullish,of 17 ratings,$10
JACK,$78.83,1441732316168,"78,234",71% bullish,of 7 ratings,$105
JCOM,$67.93,1441732316239,"43,519",100% bullish,of 2 ratings,$77
JXSB,NULL,1441732316404,0,Not yet rated,NULL,N/A
JAXB,$13.15,1441732316506,222,100% bullish,of 1 rating,N/A
JAGX,$3.41,1441732316570,"4,300",Not yet rated,NULL,$10.50
JRVR,$28.02,1441732316642,"12,410",Not yet rated,NULL,$32
JAKK,$9.89,1441732316667,"274,085",60% bearish,of 5 ratings,$11
JMBA,$14.1125,1441732316697,"43,976",75% bullish,of 4 ratings,$18
ERW,NULL,1441732316722,0,Not yet rated,NULL,N/A
JASNW,NULL,1441732316894,0,50% bullish,of 2 ratings,N/A
JASN,$4.89,1441732316925,"4,554",50% bullish,of 2 ratings,$9.50
JD,$23.52,1441732316978,"9,145,402",75% bullish,of 16 ratings,$36
JBLU,$24.447,1441732317027,"2,478,414",94% bullish,of 18 ratings,$27
JCTCF,NULL,1441732317110,0,100% bullish,of 1 rating,N/A
JAZZ,$165.87,1441732317156,"79,645",80% bullish,of 15 ratings,$206.50
JTPY,$2.97,1441732317190,"10,800",100% bearish,of 1 rating,N/A
DATE,$5.94,1441732317297,"29,121",75% bullish,of 4 ratings,$9
JST,$3.73,1441732317374,"3,906",75% bullish,of 4 ratings,N/A
JIVE,$4.68,1441732317602,"841,519",75% bullish,of 4 ratings,$5
JOEZ,$0.1526,1441732317686,"243,632",92% bullish,of 12 ratings,N/A
JOUT,$24.64,1441732317819,"14,007",100% bearish,of 1 rating,$34
WYIGU,$9.95,1441732317877,"2,000",100% bearish,of 1 rating,N/A
JNP,$13.5399,1441732317909,"76,638",100% bullish,of 3 ratings,$15
JBSS,$51.47,1441732317930,"13,300",67% bearish,of 3 ratings,N/A
JUNO,$38.4199,1441732317963,"392,431",73% bullish,of 11 ratings,$67
KALU,$83.1625,1441732318010,"41,618",67% bearish,of 3 ratings,$91
KBIO,$3.4805,1441732318060,"761,888",50% bullish,of 4 ratings,N/A
KTWO,$20.77,1441732318112,"26,249",100% bearish,of 1 rating,$28.50
KMDA,$3.53,1441732318260,"2,340",50% bullish,of 2 ratings,$8
KCLI,$46.4499,1441732318358,"3,309",Not yet rated,NULL,N/A
KPTI,$14.42,1441732318387,"35,147",67% bearish,of 3 ratings,$35.50
KNDI,$6.38,1441732318408,"108,145",86% bullish,of 22 ratings,N/A
KBSF,NULL,1441732318539,0,100% bullish,of 1 rating,N/A
KCAP,$4.79,1441732318623,"36,576",75% bullish,of 4 ratings,$6
KELYA,$14.22,1441732318811,"28,714",67% bullish,of 6 ratings,$20
KELYB,NULL,1441732318842,0,50% bullish,of 2 ratings,N/A
KFFB,$8.6,1441732318863,"2,342",100% bearish,of 1 rating,N/A
KRNY,$11.135,1441732318892,"380,384",100% bearish,of 1 rating,$12.50
