Symbol,Price,Date,Volume,Rating,RatingVoteCount,OneYearEstimate
TFSCR,NULL,1440274802215,0,Not yet rated,NULL,N/A
TFSC,NULL,1440274802277,0,100% bearish,of 1 rating,N/A
FCTY,$7.63,1440274802302,300,100% bullish,of 1 rating,$8.50
PIH,$7.2,1440274802347,"15,400",100% bearish,of 1 rating,N/A
FCCY,$11.6,1440274802373,354,100% bullish,of 1 rating,$13
TFSCU,NULL,1440274802394,0,Not yet rated,NULL,N/A
VNET,$19.27,1440274802528,"733,790",60% bullish,of 5 ratings,$29.50
SRCE,$30.03,1440274802554,"55,334",100% bullish,of 3 ratings,$33
FLWS,$9.36,1440274802683,"220,692",100% bullish,of 5 ratings,$15
USLV,$14.59,1440274802711,"218,982",86% bullish,of 7 ratings,N/A
DGLD,$76.08,1440274802732,"21,135",100% bullish,of 1 rating,N/A
JOBS,$25.35,1440274802866,"172,084",50% bullish,of 4 ratings,$36
TWOU,$34.02,1440274802894,"673,961",50% bullish,of 2 ratings,$39
TFSCW,NULL,1440274802923,0,100% bearish,of 1 rating,N/A
DSLV,$61.29,1440274802951,"22,007",100% bearish,of 1 rating,N/A
UGLD,$9.99,1440274802976,"253,649",100% bearish,of 1 rating,N/A
EGHT,$8.215,1440274803262,"436,691",82% bullish,of 17 ratings,$11
CAFD,$15.52,1440274803292,"330,925",Not yet rated,NULL,$25
AVHI,$13.95,1440274803395,"37,920",100% bearish,of 1 rating,$19
ABAX,$47.54,1440274803461,"139,615",100% bearish,of 1 rating,$60
SIXD,$1.47,1440274803517,"250,988",Not yet rated,NULL,N/A
SHLM,$34.05,1440274803548,"123,800",100% bearish,of 1 rating,$50
ABY,$20,1440274803591,"1,100,886",100% bearish,of 2 ratings,$46
ABGB,$4.09,1440274803620,"34,916",67% bullish,of 3 ratings,$5.50
AAON,$21.67,1440274803645,"166,594",100% bearish,of 1 rating,$24
ABEOW,$1.76,1440274803675,"2,525",100% bullish,of 1 rating,N/A
ABEO,$4.83,1440274803871,"140,862",67% bullish,of 3 ratings,$15.50
ABMD,$97.08,1440274803910,"831,796",75% bullish,of 4 ratings,$100.50
ACHC,$73.6762,1440274804004,"815,815",50% bullish,of 2 ratings,$92
ACAD,$38.13,1440274804032,"928,540",80% bullish,of 20 ratings,$48
ACTG,$8.87,1440274804058,"323,174",67% bullish,of 3 ratings,$18.50
AXAS,$1.56,1440274804083,"860,487",78% bullish,of 9 ratings,$3.50
AXDX,$17.93,1440274804283,"220,988",100% bearish,of 1 rating,N/A
XLRN,$28.36,1440274804331,"111,031",50% bullish,of 2 ratings,$57
VXDN,$5.5,1440274804417,"50,671",100% bearish,of 1 rating,N/A
ACST,$0.361,1440274804449,"71,223",100% bullish,of 2 ratings,N/A
ACRX,$4.05,1440274804479,"360,315",67% bearish,of 6 ratings,$5.50
VXUP,$27,1440274804508,"49,956",Not yet rated,NULL,N/A
ANCX,$18.76,1440274804578,"31,836",Not yet rated,NULL,$19
ACET,$24.41,1440274804604,"127,207",75% bullish,of 4 ratings,$30
AKAO,$6.9457,1440274804643,"55,800",75% bullish,of 4 ratings,$15
ARAY,$6.53,1440274804668,"3,387,732",100% bearish,of 1 rating,$10.50
ACHN,$7.75,1440274804856,"1,754,841",90% bullish,of 21 ratings,$16
ACIW,$21.89,1440274804881,"571,274",50% bullish,of 2 ratings,$24
ACOR,$29.75,1440274805025,"642,828",67% bearish,of 3 ratings,$38.50
ACPW,$1.856,1440274805086,"65,399",100% bullish,of 4 ratings,$3.50
ACNB,$20.33,1440274805154,"1,376",Not yet rated,NULL,N/A
ATVI,$27.2167,1440274805185,"5,132,751",68% bullish,of 84 ratings,$31.50
ACTS,$1.3,1440274805215,"51,585",100% bearish,of 1 rating,N/A
ACXM,$20.1276,1440274805243,"350,940",67% bullish,of 3 ratings,N/A
ACTA,$13.89,1440274805283,"113,227",67% bearish,of 3 ratings,$25
ADMP,$3.65,1440274805479,"21,417",50% bullish,of 2 ratings,$10
ADAP,$12.53,1440274805510,"216,853",67% bullish,of 3 ratings,$22
ADMS,$20.07,1440274805532,"78,833",100% bearish,of 2 ratings,$36
ACUR,$0.6182,1440274805562,"65,134",100% bullish,of 5 ratings,$1
ADUS,$29.83,1440274805587,"59,827",100% bearish,of 1 rating,$31
AEY,$2.29,1440274805695,"39,023",100% bearish,of 2 ratings,N/A
ADEP,$6.75,1440274805737,"33,889",50% bullish,of 2 ratings,$10.75
ADMA,$9.3,1440274805831,"3,500",Not yet rated,NULL,$19
ADBE,$78.87,1440274805869,"4,323,734",65% bullish,of 17 ratings,$90
ADRO,$19.44,1440274805932,"252,323",80% bullish,of 5 ratings,$45.50
ADTN,$15.59,1440274806027,"349,681",67% bullish,of 3 ratings,$17.125
AEIS,$25.055,1440274806062,"198,884",50% bullish,of 2 ratings,$32.50
ADXS,$14.5,1440274806158,"919,015",64% bullish,of 14 ratings,$27
AMD,$1.76,1440274806213,"7,935,981",83% bullish,of 103 ratings,$2
MULT,NULL,1440274806243,0,100% bearish,of 1 rating,N/A
ADXSW,$10.15,1440274806294,"5,206",100% bullish,of 1 rating,N/A
YPRO,$23.29,1440274806378,"4,120",100% bearish,of 1 rating,N/A
AEGR,$18.26,1440274806528,"394,681",50% bullish,of 6 ratings,$26
AMTX,$3.09,1440274806564,"17,253",50% bullish,of 2 ratings,$26.11
AEGN,$18.24,1440274806590,"212,917",100% bearish,of 1 rating,$21
AEPI,$57.13,1440274806617,"21,960",100% bearish,of 1 rating,N/A
AEHR,$2.24,1440274806645,"7,972",50% bullish,of 2 ratings,N/A
AERI,$15.92,1440274806776,"361,223",75% bullish,of 4 ratings,$31.50
AEMD,$7.22,1440274806873,"187,619",Not yet rated,NULL,$27.50
AFMD,$9.78,1440274806905,"174,087",50% bullish,of 4 ratings,$15
AVAV,$24.38,1440274806930,"143,405",50% bullish,of 4 ratings,$31
AGRX,$8.17,1440274807151,"49,951",100% bearish,of 1 rating,$17.50
AFFX,$9.4,1440274807177,"587,032",80% bullish,of 5 ratings,$12
AEZS,$0.1005,1440274807226,"5,371,374",90% bullish,of 21 ratings,$1.50
AGEN,$7.04,1440274807256,"940,432",85% bullish,of 13 ratings,$14
AGFS,$9.8121,1440274807314,"73,206",100% bearish,of 1 rating,N/A
AGIO,$85.65,1440274807339,"509,530",88% bullish,of 8 ratings,$114
AGYS,$9.63,1440274807368,"33,010",100% bearish,of 1 rating,N/A
AGFSW,$1.79,1440274807543,"28,997",100% bearish,of 2 ratings,N/A
AMCN,$4.9,1440274807616,"424,894",83% bullish,of 6 ratings,N/A
AIMT,$21.1,1440274807746,"120,787",Not yet rated,NULL,N/A
AIRM,$36.55,1440274807777,"309,312",80% bearish,of 5 ratings,$53
AKBA,$6.65,1440274807845,"184,781",100% bearish,of 1 rating,$18
AIRT,$22.94,1440274807875,51,100% bullish,of 1 rating,N/A
AIXG,$5.98,1440274807906,"34,571",67% bearish,of 3 ratings,$5.25
ATSG,$9.1,1440274807945,"264,911",67% bullish,of 3 ratings,$13
AKAM,$68.463,1440274807973,"1,585,448",63% bullish,of 8 ratings,$77
AKRX,$40.2552,1440274808283,"930,040",78% bullish,of 9 ratings,$56
ALSK,$2.11,1440274808313,"112,029",78% bullish,of 18 ratings,$2
ALRM,$16.46,1440274808339,"358,434",100% bearish,of 1 rating,$22
ADHD,$8.31,1440274808392,"220,062",50% bullish,of 4 ratings,$18
ALDR,$36.64,1440274808467,"474,720",67% bearish,of 3 ratings,$62
AKER,$2.62,1440274808499,"93,096",Not yet rated,NULL,N/A
AMRI,$19.73,1440274808526,"245,268",75% bearish,of 4 ratings,$24
ABDC,$12.7,1440274808599,"21,785",Not yet rated,NULL,$15
ALDX,$7.62,1440274808683,"6,759",100% bearish,of 1 rating,$14.50
ALXA,$1.07,1440274808728,"26,737",83% bullish,of 6 ratings,$2.125
ALXN,$173.81,1440274808824,"1,548,456",88% bullish,of 8 ratings,$223
ALGN,$56.4432,1440274808860,"422,327",100% bearish,of 2 ratings,$73
ALCO,$42.36,1440274808902,"24,127",50% bullish,of 2 ratings,N/A
ALIM,$3.15,1440274808926,"169,442",80% bullish,of 5 ratings,$10
ALKS,$60.35,1440274809088,"705,866",67% bullish,of 3 ratings,$75
ALLB,$23.48,1440274809190,"1,820",Not yet rated,NULL,N/A
AFOP,$17.51,1440274809258,"139,898",75% bullish,of 8 ratings,$21
ARLP,$24.94,1440274809334,"151,729",67% bearish,of 3 ratings,$32
AHPI,$1.46,1440274809388,435,50% bullish,of 2 ratings,N/A
ALGT,$216.09,1440274809417,"164,611",100% bearish,of 1 rating,$235
AHGP,$36.6344,1440274809463,"31,919",67% bullish,of 3 ratings,N/A
AIQ,$14.7,1440274809522,"29,906",67% bullish,of 3 ratings,N/A
AMOT,$17.09,1440274809600,"80,719",100% bearish,of 1 rating,N/A
ALQA,$4.43,1440274809660,"36,237",75% bullish,of 4 ratings,$8.50
ALLT,$5.04,1440274809705,"71,089",75% bullish,of 4 ratings,$6.25
MDRX,$13.52,1440274809740,"1,235,763",60% bullish,of 5 ratings,$16
SMCP,$22.56,1440274809936,"1,500",Not yet rated,NULL,N/A
AFAM,$46.84,1440274809964,"72,495",50% bullish,of 2 ratings,$44
ALTR,$48.17,1440274810097,"2,956,121",80% bearish,of 5 ratings,$54
ATEC,$0.5768,1440274810122,"46,618",100% bullish,of 1 rating,$2
ASPS,$29.2565,1440274810153,"228,767",67% bullish,of 3 ratings,$46.50
AOSL,$7.21,1440274810203,"45,497",67% bullish,of 3 ratings,$9
ALNY,$100.3178,1440274810258,"414,351",67% bullish,of 3 ratings,$148.50
AIMC,$25.28,1440274810338,"92,117",100% bearish,of 1 rating,$28.50
AMAG,$59.95,1440274810480,"476,323",100% bullish,of 2 ratings,$77.50
AMRK,$10.57,1440274810508,"4,627",50% bullish,of 2 ratings,$14
AYA,$21.62,1440274810529,"63,923",100% bearish,of 1 rating,$40
AMZN,$495.5,1440274810564,"3,790,755",81% bullish,of 263 ratings,$646
AMRN,$2.03,1440274810589,"741,425",85% bullish,of 39 ratings,$8
AMBCW,$7.0532,1440274810661,"1,178",100% bearish,of 1 rating,N/A
EPAX,$2.69,1440274810903,"74,357",100% bearish,of 1 rating,N/A
AMCX,$67.7119,1440274810928,"687,069",67% bullish,of 3 ratings,$85.50
AMDA,$0.463,1440274811067,"1,233,767",90% bullish,of 10 ratings,$1
AMBC,$15.6,1440274811143,"245,406",100% bearish,of 1 rating,$16.50
UHAL,$363.52,1440274811180,"15,187",100% bullish,of 2 ratings,$393.50
AMBA,$89,1440274811202,"5,366,218",83% bullish,of 12 ratings,$102.50
DOX,$59,1440274811233,"282,272",50% bullish,of 2 ratings,$60
ATAX,$5.23,1440274811273,"155,087",100% bullish,of 1 rating,$6.50
ASBI,$22.55,1440274811304,154,Not yet rated,NULL,N/A
AMOV,$17.65,1440274811404,"5,863",100% bearish,of 1 rating,N/A
AMED,$40.5,1440274811540,"290,278",100% bearish,of 1 rating,$42
AGNC,$19.553,1440274811567,"3,952,543",75% bullish,of 28 ratings,$22
AGNCB,$24.23,1440274811594,"21,668",Not yet rated,NULL,N/A
AAL,$39.75,1440274811621,"11,179,538",93% bullish,of 88 ratings,$57
AGNCP,$25.34,1440274811642,"7,150",Not yet rated,NULL,N/A
MTGE,$15.7,1440274811859,"402,399",75% bullish,of 4 ratings,$19.50
MTGEP,$24.12,1440274811894,"1,127",Not yet rated,NULL,N/A
ANCI,$1.59,1440274811944,"10,070",100% bearish,of 1 rating,N/A
ACSF,$12.225,1440274811989,"33,060",100% bearish,of 1 rating,$15
ACAS,$13.74,1440274812019,"1,556,266",60% bullish,of 5 ratings,$16.75
AETI,$4.28,1440274812123,2,67% bearish,of 3 ratings,N/A
AMNB,$22.8,1440274812153,"22,976",Not yet rated,NULL,$25.50
AMIC,$10.21,1440274812178,8,Not yet rated,NULL,N/A
ANAT,$100,1440274812250,"19,158",100% bullish,of 1 rating,N/A
APEI,$21.26,1440274812281,"155,037",100% bearish,of 1 rating,$25.50
ASEI,$39.68,1440274812347,"53,467",100% bearish,of 1 rating,$52.50
ARII,$38.75,1440274812415,"183,877",67% bearish,of 3 ratings,$45
AMRB,$10,1440274812451,"2,054",Not yet rated,NULL,$11
AMSWA,$9.06,1440274812549,"86,700",100% bearish,of 2 ratings,$10.75
AMSC,$3.48,1440274812574,"36,442",50% bullish,of 4 ratings,N/A
AMWD,$67.8,1440274812601,"272,213",50% bullish,of 2 ratings,$58
ABCB,$27.64,1440274812794,"189,477",Not yet rated,NULL,$31
CRMT,$37.91,1440274812821,"120,497",100% bearish,of 1 rating,$49
ASRVP,NULL,1440274812897,0,Not yet rated,NULL,N/A
ATLO,$23.31,1440274812925,"15,885",Not yet rated,NULL,N/A
AMGN,$155.9,1440274812960,"4,702,712",89% bullish,of 19 ratings,$185
ASRV,$3.27,1440274813000,840,100% bullish,of 2 ratings,N/A
AMSF,$49.68,1440274813089,"122,373",Not yet rated,NULL,$57.50
AMPH,$13.79,1440274813128,"166,636",50% bullish,of 2 ratings,$20
FOLD,$14.05,1440274813179,"2,614,067",56% bullish,of 9 ratings,$21
AMSG,$81.5,1440274813221,"320,262",100% bearish,of 1 rating,$85.50
AMKR,$4.39,1440274813275,"1,544,185",100% bearish,of 2 ratings,$5
AMSGP,NULL,1440274813375,0,Not yet rated,NULL,N/A
ASYS,$5.18,1440274813404,"35,518",67% bullish,of 3 ratings,$12
AFSI,$58.44,1440274813540,"1,008,977",60% bullish,of 5 ratings,$72
AMRS,$1.63,1440274813565,"53,848",70% bullish,of 10 ratings,N/A
ANAC,$129.49,1440274813638,"607,726",80% bullish,of 5 ratings,$180.50
ANAD,$0.333,1440274813729,"132,364",100% bullish,of 2 ratings,$.50
ANCB,$22.3001,1440274813789,500,Not yet rated,NULL,$23
ALOG,$83.13,1440274813815,"75,588",100% bearish,of 2 ratings,$100.50
AMCF,$0.26,1440274813877,"9,494",100% bullish,of 7 ratings,N/A
ANGI,$4.64,1440274813904,"919,270",64% bullish,of 11 ratings,$5.50
ADI,$53.78,1440274813925,"3,922,593",67% bullish,of 3 ratings,$69
ABCW,$39.96,1440274813964,"10,347",67% bullish,of 3 ratings,N/A
ANGO,$14.71,1440274814061,"99,313",67% bullish,of 3 ratings,$19
ANIK,$34.88,1440274814163,"106,488",60% bullish,of 5 ratings,$51.25
ANIP,$49.38,1440274814262,"250,484",89% bullish,of 19 ratings,$66
ATRS,$1.81,1440274814288,"537,668",92% bullish,of 12 ratings,$4.50
ANSS,$90.92,1440274814341,"391,059",100% bearish,of 1 rating,$100
ABAC,$0.73,1440274814443,"36,221",100% bearish,of 1 rating,N/A
ANTH,$7.04,1440274814578,"1,783,771",80% bullish,of 10 ratings,$13
APOL,$10.9787,1440274814607,"992,661",87% bearish,of 68 ratings,$14
APOG,$51.6,1440274814637,"212,697",100% bullish,of 1 rating,$67
ATNY,$2.37,1440274814673,"2,775",50% bullish,of 2 ratings,$3.75
APIC,$6.49,1440274814734,"180,683",100% bearish,of 1 rating,$19
ARCI,$1.33,1440274814765,"3,906",Not yet rated,NULL,N/A
APPF,$16.84,1440274814799,"52,701",50% bullish,of 2 ratings,$22
AAPL,$105.9,1440274814826,"82,174,464",86% bullish,of 2338 ratings,$150
AINV,$6.4767,1440274814896,"1,117,263",50% bullish,of 4 ratings,$8
APDN,$3.22,1440274814959,"61,834",Not yet rated,NULL,$9
APDNW,$1.15,1440274815090,"2,800",Not yet rated,NULL,N/A
AMCC,$5.35,1440274815223,"963,117",80% bullish,of 5 ratings,$8
AMAT,$15.497,1440274815357,"12,956,491",82% bullish,of 11 ratings,$23
AAOI,$19.89,1440274815385,"285,163",50% bullish,of 4 ratings,$26
AREX,$2.03,1440274815412,"890,815",100% bearish,of 1 rating,$3
AQMS,$5,1440274815443,"19,025",Not yet rated,NULL,N/A
AGTC,$15.74,1440274815475,"119,853",50% bullish,of 2 ratings,$33
APTO,$5.09,1440274815499,"8,208",Not yet rated,NULL,$17
APRI,$1.33,1440274815520,"155,441",83% bullish,of 6 ratings,$4.86
AQXP,$18.2999,1440274815555,"469,595",50% bullish,of 2 ratings,$2
AUMAU,$9.94,1440274815737,"1,200",Not yet rated,NULL,N/A
AUMA,NULL,1440274815797,0,Not yet rated,NULL,N/A
AUMAW,NULL,1440274815821,0,Not yet rated,NULL,N/A
ARDM,$7.03,1440274815866,"4,358",100% bullish,of 1 rating,$26
ABUS,$7.21,1440274815958,"502,243",86% bullish,of 14 ratings,$23
ARCW,$3.48,1440274816023,"25,137",100% bearish,of 2 ratings,$10.50
ABIO,$0.9,1440274816062,"131,271",50% bullish,of 2 ratings,$3.75
PETX,$17.4,1440274816122,"307,971",100% bearish,of 2 ratings,$26
ARCB,$29.47,1440274816213,"211,071",50% bullish,of 2 ratings,$39.50
RKDA,$5.76,1440274816269,"19,343",100% bearish,of 2 ratings,$10
ARDX,$17.41,1440274816291,"91,948",50% bullish,of 2 ratings,$24.50
ACGL,$70.5015,1440274816324,"414,489",50% bullish,of 2 ratings,$72
ACAT,$26.89,1440274816346,"260,125",100% bearish,of 3 ratings,$33
ARNA,$2.97,1440274816426,"4,127,037",90% bullish,of 77 ratings,$5.50
ARCC,$15.47,1440274816603,"1,615,433",67% bearish,of 3 ratings,$17.875
AGII,$57.69,1440274816635,"141,575",Not yet rated,NULL,$59.50
ARIS,$3.3,1440274816735,"8,290",Not yet rated,NULL,$4.50
AGIIL,$25.45,1440274816775,"5,893",Not yet rated,NULL,N/A
ARGS,$6.17,1440274816819,"116,903",50% bullish,of 2 ratings,$19.50
ARKR,$25.36,1440274816864,552,50% bullish,of 2 ratings,N/A
ARIA,$6.7,1440274816948,"3,153,702",87% bullish,of 46 ratings,$9
ARTX,$1.48,1440274816994,"105,854",88% bullish,of 16 ratings,$4.50
ARMH,$40.1,1440274817027,"1,339,073",54% bearish,of 13 ratings,$61
ARWAR,NULL,1440274817052,0,Not yet rated,NULL,N/A
ARWAU,NULL,1440274817130,0,100% bullish,of 1 rating,N/A
ARWAW,NULL,1440274817183,0,Not yet rated,NULL,N/A
ARWA,NULL,1440274817209,0,Not yet rated,NULL,N/A
ARRS,$26.44,1440274817353,"1,060,211",50% bullish,of 2 ratings,$38
ARRY,$5.45,1440274817379,"1,219,732",100% bullish,of 7 ratings,$10
ARQL,$1.67,1440274817400,"200,267",75% bullish,of 4 ratings,$5
AROW,$27.24,1440274817661,"41,580",Not yet rated,NULL,N/A
ASND,$18.23,1440274817688,"38,275",100% bullish,of 1 rating,$30
ARTNA,$22.48,1440274817717,"42,576",100% bearish,of 1 rating,$29
ASNA,$11.2187,1440274817765,"8,984,030",50% bullish,of 2 ratings,$18
ARWR,$5.57,1440274817820,"814,360",75% bullish,of 4 ratings,$10.50
ASCMA,$28.6,1440274817845,"180,787",100% bearish,of 1 rating,$45
DWAT,$9.92,1440274817915,"46,463",100% bearish,of 1 rating,N/A
ARTW,$4.45,1440274817981,"3,048",75% bearish,of 4 ratings,N/A
APWC,$1.9,1440274818017,406,100% bearish,of 1 rating,N/A
ASBB,$25.05,1440274818047,372,Not yet rated,NULL,N/A
ASMI,NULL,1440274818124,0,NULL,NULL,NULL
ASTI,$0.13,1440274818150,"1,817,223",83% bullish,of 6 ratings,$3
ASML,$85.91,1440274818316,"1,134,628",67% bullish,of 3 ratings,$127
AZPN,$38.4,1440274818473,"991,920",50% bullish,of 2 ratings,$42
ASMB,$12.44,1440274818506,"80,806",67% bullish,of 3 ratings,N/A
ASFI,$8.95,1440274818570,"3,732",100% bullish,of 1 rating,N/A
ASTE,$36.28,1440274818605,"88,638",100% bearish,of 1 rating,$48
ALOT,$13.51,1440274818626,"1,011",100% bearish,of 1 rating,N/A
ATAI,$2.78,1440274818658,"31,993",100% bearish,of 1 rating,N/A
ATRO,$52.77,1440274818703,"98,668",100% bearish,of 2 ratings,$80
ASUR,$5.76,1440274818758,"10,939",100% bearish,of 1 rating,$8
ATRA,$42.01,1440274818832,"183,569",50% bullish,of 2 ratings,$68
ASTC,$2.2,1440274818889,"39,970",100% bullish,of 5 ratings,N/A
AFCB,$28.01,1440274818923,249,Not yet rated,NULL,N/A
ATHN,$135.79,1440274818963,"193,647",67% bearish,of 3 ratings,$153
ATHX,$1.17,1440274819098,"238,940",89% bullish,of 9 ratings,$5
ATNI,$73.68,1440274819233,"66,107",100% bearish,of 1 rating,$69.50
AAME,$3.58,1440274819261,"1,190",Not yet rated,NULL,N/A
AAPC,$10.21,1440274819297,394,Not yet rated,NULL,N/A
AAWW,$41.78,1440274819318,"365,924",50% bullish,of 2 ratings,$65
ATLC,$3.9,1440274819389,"17,113",67% bullish,of 3 ratings,N/A
ACFC,$6.11,1440274819417,"95,163",Not yet rated,NULL,$6.50
ATML,$6.95,1440274819457,"2,918,067",78% bullish,of 9 ratings,$9.50
AFH,$16.545,1440274819482,"75,284",Not yet rated,NULL,$21.50
ATOS,$0.85,1440274819650,"182,378",100% bullish,of 7 ratings,$7
ATRI,$389.5,1440274819704,"4,458",Not yet rated,NULL,N/A
ATRM,$2.89,1440274819794,"1,200",50% bullish,of 2 ratings,N/A
ATRC,$25.67,1440274819819,"198,665",100% bullish,of 1 rating,$30
ATTU,$13.55,1440274819876,"51,302",100% bearish,of 1 rating,$20.50
AUBN,$27.68,1440274819901,948,Not yet rated,NULL,N/A
LIFE,$14.04,1440274820041,"32,217",86% bullish,of 7 ratings,$43
AUPH,$3.19,1440274820136,"14,987",100% bearish,of 1 rating,$8
EARS,$4.845,1440274820157,"14,045",100% bearish,of 2 ratings,$11.50
ABTL,$18.05,1440274820178,"70,992",100% bullish,of 4 ratings,$20.25
AUDC,$3.18,1440274820216,"55,482",80% bullish,of 5 ratings,$5
ADAT,$0.12,1440274820242,"123,764",100% bullish,of 2 ratings,N/A
ADSK,$51.76,1440274820397,"2,339,645",83% bullish,of 6 ratings,$69.50
AAVL,$10.62,1440274820454,"258,588",100% bearish,of 1 rating,$20
ADP,$79.23,1440274820503,"2,485,062",100% bearish,of 1 rating,$88
AVGO,$112.787,1440274820557,"3,328,073",88% bullish,of 8 ratings,$160
AVNU,$12.7,1440274820693,506,Not yet rated,NULL,$14
AVEO,$1.38,1440274820725,"1,367,791",75% bullish,of 8 ratings,$3
AVNW,$1.24,1440274820828,"161,594",50% bullish,of 2 ratings,$2.20
AVGR,$14.23,1440274820856,"21,077",100% bearish,of 1 rating,$20
AVID,$8.01,1440274820882,"539,251",100% bearish,of 1 rating,$20
AWRE,$3.14,1440274820913,"21,064",67% bullish,of 3 ratings,N/A
AXPW,$1.1,1440274821009,"56,422",83% bullish,of 6 ratings,N/A
CAR,$42.2749,1440274821083,"1,835,525",80% bullish,of 5 ratings,$60
ACLS,$3.29,1440274821190,"557,776",67% bullish,of 6 ratings,$4.75
AXPWW,NULL,1440274821217,0,Not yet rated,NULL,N/A
AXTI,$2.15,1440274821239,"35,695",50% bullish,of 2 ratings,$2.75
AXGN,$3.94,1440274821267,"27,034",Not yet rated,NULL,$5
BCOM,NULL,1440274821367,0,100% bearish,of 1 rating,N/A
RILY,$10,1440274821509,600,Not yet rated,NULL,N/A
BIDU,$152.9,1440274821553,"3,843,564",81% bullish,of 88 ratings,$210
BEAV,$48.57,1440274821592,"742,264",67% bearish,of 3 ratings,$59
BCPC,$57.76,1440274821656,"128,021",100% bearish,of 1 rating,$75
BOSC,$2.37,1440274821728,"1,297",50% bullish,of 2 ratings,N/A
BWINA,NULL,1440274821760,0,Not yet rated,NULL,N/A
BLDP,$1.24,1440274821781,"470,551",91% bullish,of 22 ratings,$2.50
BWINB,$23.01,1440274821861,"25,265",Not yet rated,NULL,N/A
BANFP,NULL,1440274821970,0,Not yet rated,NULL,N/A
BKMU,$7.19,1440274822064,"511,937",Not yet rated,NULL,$8
BANF,$60.97,1440274822092,"18,077",Not yet rated,NULL,$68
BMRC,$48.75,1440274822146,"17,961",Not yet rated,NULL,$52
BOCH,$5.76,1440274822172,"16,932",Not yet rated,NULL,$6.50
BKSC,$15.6,1440274822327,705,Not yet rated,NULL,N/A
OZRK,$40.71,1440274822361,"553,107",67% bullish,of 3 ratings,$49.50
BWFG,$18.03,1440274822432,"3,688",100% bearish,of 1 rating,N/A
BOTJ,$11.15,1440274822462,"3,090",Not yet rated,NULL,N/A
BANR,$45.64,1440274822483,"84,960",100% bullish,of 3 ratings,$50
BFIN,$12.01,1440274822515,"29,911",Not yet rated,NULL,$13
BHACR,$0.25,1440274822644,700,Not yet rated,NULL,N/A
BHAC,NULL,1440274822668,0,Not yet rated,NULL,N/A
BZUN,$5.65,1440274822696,"399,133",50% bullish,of 2 ratings,$12.60
TAPR,$29.38,1440274822745,"4,550",100% bearish,of 1 rating,N/A
BHACU,NULL,1440274822829,0,Not yet rated,NULL,N/A
BHACW,NULL,1440274822874,0,Not yet rated,NULL,N/A
BBSI,$34.87,1440274823034,"71,494",67% bearish,of 3 ratings,$62.50
BSET,$29.1,1440274823094,"49,205",100% bearish,of 1 rating,$35
BYBK,$5.02,1440274823125,"1,546",100% bearish,of 1 rating,N/A
BBCN,$14.81,1440274823167,"308,877",100% bearish,of 1 rating,$16
BCBP,$11.73,1440274823193,"8,625",Not yet rated,NULL,N/A
BYLK,$12.95,1440274823224,"4,701",Not yet rated,NULL,$14
BV,$5.08,1440274823325,"375,082",67% bullish,of 6 ratings,$9
BDCV,$4.84,1440274823396,"9,821",100% bearish,of 1 rating,$10.19
BSF,$8.62,1440274823426,"18,869",Not yet rated,NULL,N/A
BBGI,$4.68,1440274823452,2,100% bearish,of 1 rating,N/A
BECN,$35.48,1440274823478,"294,756",50% bullish,of 2 ratings,$40
BEBE,$1.81,1440274823608,"150,846",75% bullish,of 4 ratings,$3.075
BBBY,$61.8626,1440274823647,"2,676,226",71% bullish,of 7 ratings,$75
BLPH,$5.01,1440274823815,"26,371",100% bearish,of 1 rating,$12.50
BELFA,$15.5,1440274823845,100,100% bearish,of 1 rating,N/A
BELFB,$17.92,1440274823867,"70,318",100% bearish,of 1 rating,N/A
BNCL,$12.64,1440274823948,"393,855",100% bullish,of 3 ratings,$12.50
BLCM,$17.46,1440274824008,"701,289",50% bullish,of 4 ratings,$40
BNFT,$36.3,1440274824081,"94,715",67% bullish,of 3 ratings,$46
BGMD,$0.8536,1440274824151,"210,316",100% bullish,of 10 ratings,N/A
BGCP,$8.8,1440274824189,"2,203,135",88% bullish,of 8 ratings,$14
BNTC,$8.6562,1440274824218,"29,198",100% bullish,of 1 rating,N/A
ORPN,$5.34,1440274824281,"18,329",100% bullish,of 1 rating,$28.50
BGFV,$10.86,1440274824309,"167,409",57% bullish,of 7 ratings,$12
BIND,$4.56,1440274824337,"42,392",67% bullish,of 3 ratings,$13.50
BCDA,NULL,1440274824469,0,Not yet rated,NULL,N/A
BASI,$1.39,1440274824617,"12,876",Not yet rated,NULL,N/A
BIOC,$2.08,1440274824702,"466,899",83% bullish,of 6 ratings,$3.85
BCRX,$11.99,1440274824729,"637,416",63% bullish,of 8 ratings,$18
BIIB,$298,1440274824857,"2,250,449",88% bullish,of 16 ratings,$400
BIOD,$0.6899,1440274824884,"144,374",80% bullish,of 5 ratings,$4
BIOL,$1.46,1440274824905,"36,518",Not yet rated,NULL,N/A
BDSI,$6.52,1440274824946,"1,009,736",88% bullish,of 8 ratings,$17
BLFS,$2.03,1440274824972,"86,446",100% bearish,of 1 rating,$4.75
BVXV,$3.86,1440274825051,"7,057",Not yet rated,NULL,N/A
BLRX,$1.42,1440274825081,"228,173",100% bullish,of 12 ratings,$5
BMRN,$130,1440274825108,"823,308",80% bullish,of 5 ratings,$160
BRLI,NULL,1440274825234,0,NULL,NULL,NULL
BVXVW,$0.77,1440274825258,"1,008",100% bearish,of 1 rating,N/A
BPTH,$1.13,1440274825284,"64,428",100% bullish,of 2 ratings,$5
BIOS,$1.84,1440274825421,"1,061,659",71% bullish,of 7 ratings,$4
BBC,$30.48,1440274825525,"62,013",Not yet rated,NULL,N/A
BSTC,$49.71,1440274825551,"66,008",100% bearish,of 1 rating,$76
TECH,$101.4978,1440274825681,"129,987",100% bullish,of 1 rating,$117
BOTA,$2.2,1440274825710,"47,009",88% bullish,of 8 ratings,N/A
BSPM,$0.72,1440274825737,"10,225",50% bullish,of 2 ratings,N/A
BITI,$17.33,1440274825776,"31,694",100% bullish,of 1 rating,$28
BBP,$32.07,1440274825814,"91,659",Not yet rated,NULL,N/A
BDMS,NULL,1440274825950,0,100% bearish,of 1 rating,N/A
BDE,$7.5,1440274826111,"220,690",50% bullish,of 2 ratings,$9
BJRI,$44.71,1440274826139,"215,274",50% bullish,of 2 ratings,$55
BBOX,$15.44,1440274826169,"68,675",100% bearish,of 1 rating,N/A
BLKB,$58.91,1440274826190,"225,935",100% bearish,of 2 ratings,$66
BEAT,$13.69,1440274826212,"339,071",67% bearish,of 3 ratings,$15
HAWK,$42,1440274826346,"525,334",91% bullish,of 11 ratings,$49
BBRY,$7.15,1440274826374,"5,450,296",61% bullish,of 330 ratings,$9
ADRD,$22.12,1440274826582,"8,231",100% bearish,of 1 rating,N/A
ADRA,$27.52,1440274826648,"1,065",Not yet rated,NULL,N/A
BKCC,$9.118,1440274826685,"334,015",100% bullish,of 2 ratings,$10
BCOR,$13.4,1440274826731,"257,015",57% bullish,of 7 ratings,$15
ADRE,$29.55,1440274826779,"44,928",Not yet rated,NULL,N/A
ADRU,$21.85,1440274826807,"2,468",100% bearish,of 1 rating,N/A
BLMN,$20.36,1440274826829,"1,559,840",83% bullish,of 6 ratings,$27.50
BLBD,$11.53,1440274826873,"7,869",Not yet rated,NULL,N/A
BUFF,$26.91,1440274826899,"472,572",83% bullish,of 12 ratings,$31.50
BBLU,$0.89,1440274827118,"120,329",100% bullish,of 2 ratings,$4.43
NILE,$34.29,1440274827149,"91,641",50% bullish,of 2 ratings,$34
BHBK,$14.06,1440274827170,"103,355",100% bullish,of 1 rating,$14.50
BLUE,$124.9,1440274827199,"511,022",71% bullish,of 7 ratings,$217.50
BKEP,$6.6,1440274827252,"42,067",100% bearish,of 1 rating,$8.50
BKEPP,$7.773,1440274827442,"1,100",100% bearish,of 1 rating,N/A
BPMC,$25.74,1440274827467,"43,864",50% bullish,of 2 ratings,$47.50
BOJA,$20.83,1440274827547,"194,845",100% bullish,of 1 rating,$30
BOBE,$44.5,1440274827611,"144,944",75% bullish,of 4 ratings,$57
BOFI,$123.99,1440274827639,"365,678",100% bullish,of 6 ratings,$144
BNCN,$21.26,1440274827685,"105,692",Not yet rated,NULL,$23
WIFI,$7.83,1440274827714,"402,837",50% bullish,of 2 ratings,$13.50
BOKF,$61.8126,1440274827786,"136,973",100% bearish,of 1 rating,$70.50
BNSO,$1.38,1440274827845,"6,280",100% bearish,of 1 rating,N/A
BONA,$11.82,1440274827878,"182,491",75% bullish,of 4 ratings,$8.50
BAMM,$3.21,1440274827978,"12,873",60% bullish,of 5 ratings,N/A
BPFH,$12.155,1440274828082,"304,942",100% bearish,of 1 rating,$14
BPFHW,$5.5,1440274828232,837,100% bearish,of 1 rating,N/A
EPAY,$25.46,1440274828262,"155,496",100% bearish,of 2 ratings,$30
BPFHP,$25,1440274828283,"1,571",100% bearish,of 1 rating,N/A
BCLI,$2.92,1440274828318,"80,439",80% bullish,of 5 ratings,$12
BBRG,$12.58,1440274828412,"83,065",67% bullish,of 3 ratings,$14.50
BDBD,$8.43,1440274828443,"500,690",60% bullish,of 5 ratings,$10
BBEP,$2.26,1440274828543,"2,113,660",69% bullish,of 13 ratings,$5.625
BBEPP,$13.24,1440274828576,"73,231",100% bearish,of 1 rating,N/A
BDGE,$27.4,1440274828610,"33,067",Not yet rated,NULL,$31.75
BLIN,$1.15,1440274828672,"21,500",50% bullish,of 2 ratings,$2.20
BCOV,$5.22,1440274828702,"120,648",67% bullish,of 3 ratings,$10.20
BRID,$8.62,1440274828737,86,100% bearish,of 1 rating,N/A
BRCM,$48.57,1440274828832,"5,158,085",75% bullish,of 12 ratings,$56
BVSN,$5.54,1440274829030,"12,787",60% bearish,of 5 ratings,N/A
BSFT,$30.87,1440274829057,"134,160",57% bullish,of 7 ratings,$40.50
BYFC,$1.37,1440274829078,200,50% bullish,of 2 ratings,N/A
BRKL,$10.765,1440274829220,"389,012",100% bearish,of 1 rating,$10.75
BRKS,$10.37,1440274829260,"191,066",67% bullish,of 3 ratings,$15.25
BRCD,$10.6,1440274829285,"10,780,307",92% bullish,of 13 ratings,$12.50
BWEN,$3.26,1440274829353,"21,709",100% bullish,of 3 ratings,$8
BSQR,$6.03,1440274829383,"89,784",67% bullish,of 3 ratings,N/A
BMTC,$29.46,1440274829405,"89,269",Not yet rated,NULL,$34
BRKR,$19.0677,1440274829551,"233,562",100% bearish,of 2 ratings,$22
BWLD,$189.5073,1440274829604,"260,082",82% bullish,of 11 ratings,$205
BLMT,$20.8,1440274829630,"14,194",Not yet rated,NULL,N/A
CFFI,$36,1440274829767,"6,616",100% bearish,of 1 rating,N/A
BLDR,$14.9615,1440274829792,"1,078,324",50% bullish,of 2 ratings,$22
BUR,$1.85,1440274829848,"2,443",100% bearish,of 1 rating,$8
CCMP,$44.25,1440274830001,"90,039",50% bullish,of 2 ratings,$59
CA,$27.33,1440274830030,"2,905,194",50% bullish,of 4 ratings,$33
CHRW,$67.24,1440274830053,"1,128,419",Not yet rated,NULL,$72
CDZI,$7.53,1440274830080,"30,147",100% bearish,of 1 rating,N/A
CDNS,$19.8,1440274830117,"1,519,633",75% bullish,of 4 ratings,$22.50
CZR,$8.02,1440274830215,"1,345,062",60% bearish,of 5 ratings,$10.50
CACQ,$7.1,1440274830246,"100,797",100% bearish,of 1 rating,$12.25
CLBS,$1.33,1440274830348,"263,782",79% bullish,of 14 ratings,$4
PRSS,$4.42,1440274830427,"18,224",80% bullish,of 5 ratings,$4.50
CSTE,$45,1440274830454,"526,244",100% bearish,of 1 rating,$65
CLMS,$11.43,1440274830480,"84,354",Not yet rated,NULL,$10.50
CHY,$11.51,1440274830618,"256,541",Not yet rated,NULL,N/A
CFGE,NULL,1440274830801,0,Not yet rated,NULL,N/A
CHI,$10.67,1440274830830,"301,618",100% bearish,of 1 rating,N/A
CGO,$11.92,1440274830855,"30,892",100% bearish,of 1 rating,N/A
CAMP,$15.71,1440274830890,"335,596",88% bullish,of 8 ratings,$25
CCD,$19.57,1440274830912,"275,211",Not yet rated,NULL,N/A
CSQ,$9.88,1440274830945,"547,189",Not yet rated,NULL,N/A
CHW,$7.59,1440274830992,"273,520",100% bearish,of 1 rating,N/A
CVGW,$54.49,1440274831051,"146,768",50% bullish,of 2 ratings,$58.50
CFNB,$13.73,1440274831190,143,100% bearish,of 1 rating,N/A
CALD,$15.56,1440274831356,"396,608",100% bearish,of 1 rating,$20.50
CALA,$5.13,1440274831390,"381,343",100% bullish,of 3 ratings,$19.50
CALM,$49.67,1440274831456,"539,610",80% bullish,of 5 ratings,$65
CAMB,NULL,1440274831485,0,Not yet rated,NULL,N/A
ABCD,$4.64,1440274831510,"122,674",83% bullish,of 6 ratings,N/A
CLMT,$25.21,1440274831535,"367,348",75% bullish,of 8 ratings,$31
CAMBU,NULL,1440274831588,0,100% bearish,of 1 rating,N/A
CAC,$40.79,1440274831672,"25,045",Not yet rated,NULL,N/A
CAMBW,$0.14,1440274831769,200,Not yet rated,NULL,N/A
CSIQ,$17.5,1440274831803,"3,511,125",86% bullish,of 28 ratings,$45
CAMT,$2.76,1440274831848,"17,958",73% bullish,of 11 ratings,$4
CGIX,$9.21,1440274831876,"38,415",67% bullish,of 3 ratings,$14.375
CPHC,$10.66,1440274831902,"2,320",100% bearish,of 1 rating,N/A
CBNJ,$10.65,1440274831929,"60,681",100% bullish,of 1 rating,N/A
CPLA,$48.57,1440274832181,"84,854",50% bullish,of 2 ratings,$65
CPLP,$7.07,1440274832217,"470,786",71% bullish,of 7 ratings,$11
CPTA,$14.22,1440274832312,"52,411",Not yet rated,NULL,$18.50
CCBG,$15.17,1440274832337,"20,399",Not yet rated,NULL,$17.25
CSWC,$46.68,1440274832365,"16,339",Not yet rated,NULL,N/A
CBF,$30.13,1440274832386,"102,306",Not yet rated,NULL,$32
CAPN,$1.99,1440274832528,"269,769",100% bullish,of 1 rating,$10.85
CAPR,$3.95,1440274832560,"6,718",Not yet rated,NULL,$12
CFFN,$12.0086,1440274832590,"689,306",Not yet rated,NULL,$12.75
CARB,$11.43,1440274832692,"85,069",75% bullish,of 4 ratings,$12
CPST,$0.3777,1440274832755,"956,493",95% bullish,of 22 ratings,$1.25
CAPNW,$0.6199,1440274832792,615,Not yet rated,NULL,N/A
CBYL,$6.29,1440274832824,"38,631",100% bearish,of 1 rating,$20
CARA,$21.01,1440274832850,"286,045",50% bullish,of 4 ratings,$25
CRDC,$0.38,1440274832895,"10,734",100% bullish,of 1 rating,$1.25
CFNL,$22.47,1440274832959,"122,419",Not yet rated,NULL,$24
CRME,$9.535,1440274833196,"32,837",89% bullish,of 9 ratings,$11.25
CATM,$34.54,1440274833245,"283,184",100% bearish,of 1 rating,$44
CSII,$24.6527,1440274833299,"477,244",100% bearish,of 2 ratings,$42.125
CECO,$3.63,1440274833387,"476,999",67% bearish,of 3 ratings,$6
CKEC,$21.84,1440274833451,"283,627",50% bullish,of 2 ratings,$35.915
CDNA,$6.47,1440274833476,"6,286",100% bearish,of 1 rating,$9
CLBH,$12.79,1440274833521,288,Not yet rated,NULL,$16.50
CARO,$15.35,1440274833551,"1,700",100% bearish,of 1 rating,$19
CART,NULL,1440274833689,0,100% bearish,of 1 rating,N/A
CRZO,$32,1440274833710,"968,169",67% bearish,of 3 ratings,$57
CTRE,$12.03,1440274833745,"422,076",50% bullish,of 2 ratings,N/A
CRTN,$2.66,1440274833929,103,100% bearish,of 1 rating,N/A
CARV,$5.51,1440274833955,"1,650",50% bullish,of 2 ratings,N/A
TAST,$11.91,1440274833976,"220,515",Not yet rated,NULL,$14.25
CASM,$1.09,1440274834021,"4,748",100% bullish,of 1 rating,$3.50
CACB,$5.43,1440274834195,"111,472",Not yet rated,NULL,$5.50
CASY,$104.8974,1440274834272,"370,086",50% bullish,of 2 ratings,$99.50
CASI,$1.42,1440274834350,"13,082",100% bullish,of 1 rating,$3.50
CSCD,$14.23,1440274834383,"100,500",100% bullish,of 2 ratings,$17
CATB,$11.26,1440274834407,"70,464",100% bearish,of 1 rating,$28
CASS,$47.46,1440274834438,"46,174",100% bearish,of 1 rating,N/A
CPRX,$3.66,1440274834465,"846,503",71% bullish,of 7 ratings,$7
CWST,$6.2,1440274834496,"271,280",50% bullish,of 2 ratings,$7
CATY,$30.2864,1440274834598,"491,578",100% bearish,of 1 rating,$33.50
CAVM,$66.14,1440274834700,"458,453",67% bearish,of 3 ratings,$72
CATYW,$10.54,1440274834727,100,100% bearish,of 1 rating,N/A
CBFV,$20.75,1440274834938,"4,266",Not yet rated,NULL,N/A
CNLMW,NULL,1440274834969,0,Not yet rated,NULL,N/A
CNLMR,NULL,1440274835000,0,Not yet rated,NULL,N/A
CNLM,$9.97,1440274835030,"1,883",Not yet rated,NULL,N/A
CVCO,$73.17,1440274835067,"73,964",100% bearish,of 1 rating,N/A
CNLMU,NULL,1440274835096,0,100% bullish,of 1 rating,N/A
CBOE,$61.4126,1440274835132,"495,206",Not yet rated,NULL,$60
CDW,$38.25,1440274835265,"1,490,342",75% bullish,of 4 ratings,$44
CECE,$9.45,1440274835291,"124,266",50% bullish,of 2 ratings,$16
CELG,$119.5,1440274835423,"5,582,818",92% bullish,of 13 ratings,$155.50
CPXX,$2.13,1440274835449,"85,814",100% bullish,of 2 ratings,$7
CELGZ,$1.81,1440274835515,"14,200",80% bullish,of 5 ratings,N/A
CLDN,$1.05,1440274835578,"324,992",71% bullish,of 7 ratings,$3
CDK,$48.5,1440274835604,"517,921",67% bearish,of 3 ratings,$50
CLDX,$13.53,1440274835652,"2,065,127",89% bullish,of 9 ratings,$36
CLRB,$3.05,1440274835677,"5,111",100% bearish,of 1 rating,N/A
CLLS,$30.45,1440274835813,"113,250",75% bullish,of 4 ratings,$51.50
CLRBW,$0.94,1440274835841,300,Not yet rated,NULL,N/A
CBMG,$22.63,1440274835874,"40,791",50% bullish,of 2 ratings,N/A
CLSN,$2,1440274835972,"140,086",80% bullish,of 10 ratings,$7.50
CLTX,$3,1440274836000,"2,660,088",100% bullish,of 2 ratings,N/A
CYAD,$50.47,1440274836130,"5,476",100% bullish,of 1 rating,$87.50
CSFL,$14.06,1440274836157,"147,356",Not yet rated,NULL,$15
CEMP,$35.5,1440274836185,"686,260",71% bullish,of 7 ratings,$52
CETX,$2.47,1440274836218,"12,950",Not yet rated,NULL,$5.60
CFBK,$1.38,1440274836311,"6,308",Not yet rated,NULL,N/A
CENT,$11.93,1440274836337,"28,453",Not yet rated,NULL,$10
CETV,$2.02,1440274836363,"177,717",67% bullish,of 3 ratings,$2.80
CENX,$5.17,1440274836537,"1,660,584",67% bullish,of 6 ratings,$9
CENTA,$12.57,1440274836566,"238,725",Not yet rated,NULL,N/A
CVCY,$11.19,1440274836598,675,Not yet rated,NULL,$12
CNBKA,$40.33,1440274836629,"9,839",100% bullish,of 1 rating,N/A
CNTY,$6.02,1440274836702,"6,571",80% bullish,of 5 ratings,$7.75
CRNT,$1.37,1440274836727,"280,066",50% bullish,of 2 ratings,$2
CPHD,$47.8043,1440274836871,"535,219",50% bullish,of 2 ratings,$66.50
CERE,$1.1,1440274836944,"479,152",88% bullish,of 8 ratings,N/A
CERS,$4.73,1440274837016,"650,339",75% bullish,of 4 ratings,$7
KOOL,$0.6998,1440274837075,"19,783",100% bullish,of 5 ratings,$7
CERN,$61.72,1440274837103,"1,895,743",67% bullish,of 3 ratings,$79
CERU,$3.42,1440274837158,"35,413",75% bullish,of 4 ratings,$15
CEVA,$18.37,1440274837351,"70,931",100% bearish,of 1 rating,$25
CYOU,$20.0874,1440274837422,"457,679",50% bullish,of 6 ratings,$24
HOTRW,NULL,1440274837479,0,Not yet rated,NULL,N/A
CTHR,$1.23,1440274837584,"48,304",50% bullish,of 2 ratings,$2.50
HOTR,$1.5,1440274837606,"212,526",100% bullish,of 2 ratings,$5
CHTR,$177.5087,1440274837644,"962,693",100% bearish,of 2 ratings,$196
GTLS,$22.3973,1440274837669,"330,795",50% bullish,of 4 ratings,$40
CHFN,$12.45,1440274837694,"35,096",Not yet rated,NULL,$14
CHEK,$3.16,1440274837843,"1,665",Not yet rated,NULL,$7.75
CHKP,$76.9,1440274837903,"1,048,652",50% bullish,of 4 ratings,$92
CEMI,$4.25,1440274837985,"5,139",50% bullish,of 2 ratings,$7.50
CHEKW,NULL,1440274838015,0,Not yet rated,NULL,N/A
CCXI,$6.66,1440274838036,"125,627",67% bullish,of 3 ratings,$14
CHFC,$31.81,1440274838073,"100,386",100% bearish,of 1 rating,$36
CHKE,$25.42,1440274838170,"26,595",100% bearish,of 1 rating,$32.50
CHMG,$26.6,1440274838199,700,Not yet rated,NULL,$30
CHEV,$14.63,1440274838229,"8,266",Not yet rated,NULL,N/A
CBNK,$16.48,1440274838334,297,100% bearish,of 1 rating,N/A
CHMA,$24.05,1440274838395,"123,730",Not yet rated,NULL,$40
CMRX,$46.44,1440274838525,"341,351",50% bullish,of 2 ratings,$57
CBAK,$1.8,1440274838658,"39,266",67% bullish,of 9 ratings,N/A
PLCE,$58.5,1440274838691,"386,298",100% bearish,of 1 rating,$71
CALI,$0.87,1440274838718,"7,037",67% bullish,of 3 ratings,N/A
CADC,NULL,1440274838747,0,78% bullish,of 9 ratings,N/A
CAAS,$6.48,1440274838789,"52,022",93% bullish,of 14 ratings,$11.50
CBPO,$97.5633,1440274838821,"275,264",75% bullish,of 8 ratings,$140.50
CCCL,$0.85,1440274838891,"10,030",100% bullish,of 6 ratings,N/A
CCCR,$0.89,1440274838921,"36,866",67% bearish,of 3 ratings,N/A
JRJC,$3.88,1440274838983,"166,421",82% bullish,of 11 ratings,N/A
CHOP,$1.2,1440274839131,"146,084",50% bullish,of 2 ratings,N/A
HGSH,$1.89,1440274839157,"13,900",67% bullish,of 3 ratings,N/A
CHLN,$2.05,1440274839183,"8,803",67% bullish,of 3 ratings,N/A
CNIT,$1.54,1440274839319,"31,123",67% bullish,of 6 ratings,N/A
CJJD,$1.9,1440274839451,"52,186",100% bullish,of 1 rating,N/A
HTHT,$24.5,1440274839480,"81,284",50% bullish,of 2 ratings,$28
CHNR,$2.01,1440274839511,"1,911",100% bearish,of 1 rating,N/A
CPGI,$6.94,1440274839541,"2,888",Not yet rated,NULL,N/A
CREG,$0.7,1440274839609,"109,561",100% bullish,of 3 ratings,N/A
CSUN,$1.38,1440274839637,"19,180",80% bullish,of 5 ratings,N/A
CNTF,$0.85,1440274839773,"130,860",Not yet rated,NULL,N/A
CXDC,$6.21,1440274839802,"128,308",67% bullish,of 3 ratings,N/A
CNYD,$3.17,1440274839831,"7,840",67% bullish,of 3 ratings,N/A
CNET,$0.8899,1440274839856,"36,501",50% bullish,of 2 ratings,N/A
CCIH,$6.0688,1440274839932,"995,724",67% bullish,of 6 ratings,$12.65
IMOS,$16.0456,1440274839988,"208,767",60% bullish,of 5 ratings,$21.50
CHSCM,$25.86,1440274840121,"33,418",Not yet rated,NULL,N/A
CHSCO,$28.32,1440274840224,"9,147",Not yet rated,NULL,N/A
CHSCL,$27.06,1440274840252,"26,654",Not yet rated,NULL,N/A
CHSCP,$30.29,1440274840278,"3,905",Not yet rated,NULL,N/A
CHSCN,$27.02,1440274840311,"3,839",Not yet rated,NULL,N/A
CHDN,$134.37,1440274840352,"57,359",Not yet rated,NULL,$165
CDTX,$14.04,1440274840505,"21,619",Not yet rated,NULL,$22
CHUY,$31.27,1440274840556,"229,822",50% bullish,of 2 ratings,$34
CMPR,$67.75,1440274840719,"558,567",50% bullish,of 2 ratings,$72.50
CIFC,$6.85,1440274840747,"10,311",Not yet rated,NULL,N/A
CMCT,$15,1440274840774,"2,992",100% bearish,of 1 rating,N/A
CINF,$53.8535,1440274840819,"1,065,857",50% bullish,of 4 ratings,$50.50
CIDM,$0.62,1440274840903,"87,510",50% bullish,of 2 ratings,$2.10
CTAS,$84.87,1440274840934,"522,195",100% bearish,of 1 rating,$91
CRUS,$27.46,1440274841033,"973,633",75% bullish,of 12 ratings,$44.50
CSCO,$26.48,1440274841067,"34,066,946",84% bullish,of 208 ratings,$32
CPHR,$6.2,1440274841095,"1,500",100% bearish,of 1 rating,$16
CTRN,$27.92,1440274841129,"144,202",100% bearish,of 1 rating,$31.50
CZFC,$12.7201,1440274841227,700,Not yet rated,NULL,N/A
CZNC,$19.63,1440274841272,"13,840",Not yet rated,NULL,N/A
CZWI,$9.09,1440274841359,10,Not yet rated,NULL,N/A
CTXS,$73.91,1440274841407,"1,231,547",86% bullish,of 7 ratings,$80
CHCO,$47.47,1440274841435,"74,330",Not yet rated,NULL,$46
CIZN,$19.55,1440274841542,"1,220",Not yet rated,NULL,N/A
CIVBP,NULL,1440274841569,0,Not yet rated,NULL,N/A
CIVB,$10.29,1440274841595,"5,841",Not yet rated,NULL,$11
CLNT,$1.69,1440274841731,"56,834",75% bullish,of 8 ratings,N/A
CLNE,$4.02,1440274841791,"1,114,136",80% bullish,of 15 ratings,$9
CLFD,$16.89,1440274841824,"50,082",67% bullish,of 3 ratings,$18
CDTI,$1.56,1440274841857,"65,316",75% bullish,of 4 ratings,$3.20
CBLI,$3.82,1440274841923,"47,562",60% bullish,of 5 ratings,N/A
CLRO,$11.74,1440274841954,"4,663",50% bullish,of 2 ratings,$14.25
CLIR,$5.07,1440274841984,"32,472",100% bullish,of 3 ratings,N/A
CSBK,$13.76,1440274842088,"62,601",Not yet rated,NULL,N/A
CMFN,$11.79,1440274842223,"14,093",100% bearish,of 1 rating,$15.50
CLVS,$72.68,1440274842248,"346,682",60% bullish,of 5 ratings,$101.50
CME,$91.629,1440274842273,"3,306,208",67% bullish,of 3 ratings,$102
CCNE,$17.08,1440274842305,"21,997",50% bullish,of 2 ratings,$21.50
CNV,$4.72,1440274842415,"20,202",50% bullish,of 2 ratings,$7.15
CISG,$7.78,1440274842444,"151,935",100% bullish,of 5 ratings,$10
COBZ,$13,1440274842470,"155,494",100% bullish,of 1 rating,$14
COKE,$154.15,1440274842606,"30,930",79% bullish,of 19 ratings,N/A
CWAY,$11.36,1440274842632,502,Not yet rated,NULL,N/A
CDRB,$11.18,1440274842654,"11,033",67% bullish,of 3 ratings,N/A
CDXS,$3.96,1440274842683,"51,237",64% bullish,of 11 ratings,$6
CVLY,$20.55,1440274842813,"8,047",Not yet rated,NULL,N/A
JVA,$4.57,1440274842845,"28,204",83% bullish,of 6 ratings,$7
CCOI,$28.31,1440274842946,"322,021",50% bullish,of 4 ratings,$35
CTSH,$62.85,1440274843013,"3,763,692",90% bullish,of 10 ratings,$75
CGNT,$1.66,1440274843040,"34,162",100% bullish,of 2 ratings,$2
COHR,$57.2,1440274843066,"130,953",50% bullish,of 2 ratings,$72
CGNX,$35.7,1440274843109,"695,000",50% bullish,of 2 ratings,$47
CHRS,$29.87,1440274843254,"170,994",67% bearish,of 3 ratings,$37
COHU,$9.89,1440274843390,"271,999",100% bearish,of 1 rating,$14.25
CBAN,$8.95,1440274843419,520,Not yet rated,NULL,N/A
CLCT,$18.06,1440274843448,"74,153",100% bearish,of 1 rating,N/A
CLRX,$0.4901,1440274843472,"59,544",50% bullish,of 2 ratings,N/A
CIGI,$44.35,1440274843508,"9,835",100% bearish,of 1 rating,$52
COLL,$15.25,1440274843529,"33,838",100% bearish,of 1 rating,$26
CLCD,$6.91,1440274843565,"23,570",100% bearish,of 1 rating,$20.50
COLB,$31.17,1440274843654,"236,131",Not yet rated,NULL,$36
COLM,$62.63,1440274843815,"170,550",100% bearish,of 1 rating,$71
CMCO,$19.42,1440274843853,"118,644",60% bullish,of 5 ratings,$28
CBMX,$1.21,1440274843917,"39,549",83% bullish,of 6 ratings,$3.15
CMCSK,$57.64,1440274843986,"4,128,285",Not yet rated,NULL,$84
CBSH,$45.3446,1440274844016,"380,222",50% bullish,of 2 ratings,$46
CMCSA,$56.78,1440274844064,"15,010,891",66% bullish,of 35 ratings,$69.50
CBSHP,$25.25,1440274844090,"1,462",100% bearish,of 1 rating,N/A
CUBN,$13.6,1440274844225,"2,416",Not yet rated,NULL,N/A
CVGI,$4.69,1440274844274,"105,073",50% bullish,of 2 ratings,$6
JCS,$9.21,1440274844311,626,67% bullish,of 3 ratings,N/A
CSAL,$20.6075,1440274844376,"718,045",75% bullish,of 4 ratings,$30
COMM,$29.31,1440274844403,"1,032,402",67% bearish,of 3 ratings,$35
ESXB,$5.12,1440274844428,"12,099",Not yet rated,NULL,N/A
CYHHZ,$0.011,1440274844453,"5,341",100% bullish,of 1 rating,N/A
CTBI,$34.8,1440274844623,"47,075",Not yet rated,NULL,$36
CWBC,$6.78,1440274844758,"5,828",Not yet rated,NULL,N/A
COB,$10.42,1440274844898,"21,470",100% bullish,of 1 rating,$11.75
CID,$33.93,1440274844918,300,Not yet rated,NULL,N/A
CIL,$33.53,1440274844959,500,Not yet rated,NULL,N/A
CVLT,$36.34,1440274844981,"370,999",75% bullish,of 4 ratings,$44.50
CIZ,$33.33,1440274845012,"5,278",100% bearish,of 1 rating,N/A
CDC,$35.22,1440274845051,"23,106",Not yet rated,NULL,N/A
CSA,$33.32,1440274845077,"2,560",Not yet rated,NULL,N/A
CSF,$36.84,1440274845206,"5,120",100% bearish,of 1 rating,N/A
CFA,$35.77,1440274845292,"2,458",100% bearish,of 1 rating,N/A
CFO,$35.7,1440274845353,"16,998",100% bearish,of 1 rating,N/A
CSB,NULL,1440274845382,0,Not yet rated,NULL,N/A
CDL,$34.42,1440274845419,"7,600",Not yet rated,NULL,N/A
CGEN,$5.15,1440274845487,"114,352",50% bullish,of 2 ratings,$11
CTG,$6.63,1440274845516,"46,409",100% bearish,of 1 rating,$8.50
CPSI,$45.08,1440274845547,"89,664",100% bearish,of 1 rating,$45.50
CHCI,$0.6,1440274845713,"23,882",50% bullish,of 2 ratings,N/A
CMTL,$26.49,1440274845750,"90,800",100% bearish,of 2 ratings,$37
CNAT,$4,1440274845815,"134,269",83% bullish,of 6 ratings,$13
CNCE,$15.39,1440274845847,"221,475",75% bullish,of 4 ratings,$22
SCOR,$56.5,1440274845874,"463,584",100% bearish,of 1 rating,$66
CNSI,$18.79,1440274845919,"160,869",100% bearish,of 2 ratings,$29
CCUR,$5.18,1440274845944,"18,754",75% bullish,of 4 ratings,N/A
CXRX,$71.01,1440274846072,"3,584",Not yet rated,NULL,$90
CDOR,$1.47,1440274846170,"5,359",100% bullish,of 1 rating,N/A
CDORO,NULL,1440274846195,0,100% bearish,of 1 rating,N/A
CDORP,$6.7921,1440274846227,800,100% bearish,of 1 rating,N/A
CFMS,$21.32,1440274846362,"241,608",Not yet rated,NULL,$27
CNFR,$10.42,1440274846390,"16,866",Not yet rated,NULL,N/A
CNMD,$54.8,1440274846415,"186,789",Not yet rated,NULL,$59
CNOB,$19.5,1440274846557,"153,863",100% bullish,of 1 rating,$23.50
CTWS,$35.1,1440274846619,"49,177",100% bearish,of 1 rating,$44
CNXR,$6.26,1440274846654,"22,458",100% bearish,of 1 rating,$12
CNSL,$20.06,1440274846684,"235,939",100% bearish,of 1 rating,$23
CWCO,$10.65,1440274846753,"129,607",67% bullish,of 3 ratings,$14.50
CONN,$31.23,1440274846779,"383,835",67% bullish,of 3 ratings,$48.50
CTCT,$24.27,1440274846843,"286,115",67% bullish,of 3 ratings,$37
CFRX,$5.14,1440274846914,"29,285",Not yet rated,NULL,$14
CPSS,$5.64,1440274846941,"88,625",100% bullish,of 1 rating,$10
CFRXW,$1.87,1440274847115,"4,588",100% bearish,of 1 rating,N/A
CFRXZ,$0.531,1440274847174,"2,550",Not yet rated,NULL,N/A
CTRV,$3.55,1440274847199,"57,680",Not yet rated,NULL,$6.40
CTRL,$7.91,1440274847252,"125,610",50% bullish,of 2 ratings,$11
CPRT,$34.5858,1440274847281,"275,415",67% bearish,of 3 ratings,$40
CORT,$4.57,1440274847382,"394,867",67% bullish,of 3 ratings,$12
CRBP,$2.13,1440274847411,"925,466",100% bullish,of 2 ratings,$6.25
CORI,$10.8,1440274847512,"63,491",100% bearish,of 1 rating,$18
CSOD,$36.95,1440274847553,"368,582",50% bullish,of 2 ratings,$42
BVA,$3.75,1440274847603,"3,794",50% bullish,of 2 ratings,N/A
CORE,$59.8,1440274847644,"94,606",100% bearish,of 1 rating,$72
CRVL,$32.1,1440274847670,"47,501",100% bearish,of 1 rating,N/A
COSI,$1.11,1440274847699,"87,642",100% bullish,of 1 rating,N/A
CSGP,$181.61,1440274847837,"73,784",50% bullish,of 2 ratings,$235
COST,$139.357,1440274847939,"2,522,098",79% bullish,of 24 ratings,$154.50
CPAH,$0.4625,1440274848044,"11,752",50% bullish,of 2 ratings,N/A
ICBK,$18.6,1440274848073,402,Not yet rated,NULL,$21
CVTI,$22.53,1440274848175,"149,049",67% bearish,of 3 ratings,$39
COVS,$2.56,1440274848249,"72,882",67% bullish,of 3 ratings,N/A
COWNL,$27.19,1440274848308,"3,700",Not yet rated,NULL,N/A
CPSH,$2.36,1440274848336,300,Not yet rated,NULL,N/A
COWN,$5.1,1440274848357,"839,094",75% bullish,of 4 ratings,$7
CRAI,$22.39,1440274848386,"55,819",Not yet rated,NULL,$36
CBRL,$143.9027,1440274848518,"281,725",50% bullish,of 2 ratings,$155
CACC,$192.85,1440274848553,"121,732",50% bullish,of 2 ratings,$158.50
BREW,$7.3,1440274848581,"59,792",67% bullish,of 6 ratings,$15
CRAY,$20.49,1440274848647,"284,812",83% bullish,of 6 ratings,$38.50
SLVO,$10.46,1440274848751,"9,370",100% bearish,of 1 rating,N/A
GLDI,$11.09,1440274848781,"41,785",100% bearish,of 1 rating,N/A
CREE,$25.45,1440274848883,"1,082,980",65% bullish,of 17 ratings,$29.50
CCRN,$14.41,1440274849063,"188,998",100% bearish,of 1 rating,$14.25
CRESY,$10.29,1440274849108,"38,860",100% bearish,of 1 rating,$19
CRDS,$1.05,1440274849141,"13,476",50% bullish,of 4 ratings,$4.50
CRWN,$4.56,1440274849172,"130,545",75% bullish,of 4 ratings,N/A
CRTO,$43.49,1440274849199,"541,309",67% bullish,of 6 ratings,$64
CROX,$14.19,1440274849275,"1,360,754",63% bullish,of 8 ratings,$16.50
CRWS,$8.03,1440274849330,"2,485",Not yet rated,NULL,$10
CYRXW,$0.86,1440274849362,"41,500",Not yet rated,NULL,N/A
CYRX,$2.88,1440274849390,"35,137",Not yet rated,NULL,$9
CSPI,$6.18,1440274849522,"3,803",67% bullish,of 3 ratings,N/A
CCLP,$13.8063,1440274849548,"64,248",67% bearish,of 3 ratings,$21
CTCM,$1.71,1440274849617,"372,018",80% bearish,of 5 ratings,$3.90
CSGS,$31.06,1440274849646,"172,648",Not yet rated,NULL,$40
CTIB,NULL,1440274849753,0,100% bearish,of 1 rating,N/A
CTIC,$1.68,1440274849789,"1,708,372",84% bullish,of 76 ratings,$5.75
CTRP,$64.2374,1440274849855,"1,571,691",75% bullish,of 8 ratings,$92
CUNB,$22.03,1440274849926,"49,607",Not yet rated,NULL,$24.50
CMLS,$1.3,1440274849955,"970,308",50% bullish,of 4 ratings,$6
CUI,$4.8908,1440274849981,"121,551",50% bullish,of 2 ratings,$10
CUTR,$14.4,1440274850113,"57,497",67% bearish,of 3 ratings,$18
CRIS,$2.57,1440274850171,"442,411",100% bullish,of 8 ratings,$6
CPIX,$5.87,1440274850201,"3,515",Not yet rated,NULL,N/A
CVBF,$16.66,1440274850256,"658,942",Not yet rated,NULL,$18
CYAN,$7.3,1440274850298,"5,900",100% bearish,of 1 rating,N/A
CVV,$11.44,1440274850327,"25,260",100% bullish,of 5 ratings,N/A
CYBE,$5.96,1440274850556,"9,802",100% bearish,of 1 rating,N/A
CYBR,$51.5,1440274850582,"2,002,023",86% bullish,of 7 ratings,$66
CBAY,$2.69,1440274850614,"42,788",100% bullish,of 1 rating,$4
CYCC,$0.5699,1440274850643,"125,541",73% bullish,of 11 ratings,N/A
CYBX,$66.48,1440274850675,"561,566",50% bullish,of 4 ratings,$70
CYCCP,NULL,1440274850698,0,100% bearish,of 1 rating,N/A
CYNO,$31.99,1440274850778,"242,311",67% bearish,of 3 ratings,$45.50
CYNA,$16.08,1440274850917,"23,175",100% bullish,of 1 rating,$31.50
CY,$9.447,1440274850962,"3,384,357",80% bullish,of 10 ratings,$15.50
CYRN,$1.64,1440274851018,"253,906",67% bullish,of 3 ratings,$4
CONE,$32.98,1440274851069,"454,437",67% bearish,of 3 ratings,$35
CYTK,$6.54,1440274851171,"193,233",71% bullish,of 14 ratings,$13.50
CYTX,$0.375,1440274851200,"766,187",83% bullish,of 12 ratings,$5.50
CTSO,$6.95,1440274851298,"54,249",Not yet rated,NULL,$15.625
CYTR,$2.18,1440274851401,"755,510",67% bullish,of 6 ratings,$10
DAEG,$0.3443,1440274851430,"4,306",100% bearish,of 1 rating,N/A
ZIV,$46.57,1440274851484,"149,070",Not yet rated,NULL,N/A
DJCO,$197.2,1440274851533,"1,966",Not yet rated,NULL,N/A
TVIX,$8.99,1440274851569,"19,877,376",81% bullish,of 16 ratings,N/A
TVIZ,$14.69,1440274851598,"3,240",100% bearish,of 1 rating,N/A
XIV,$36.2,1440274851619,"25,218,869",75% bearish,of 4 ratings,N/A
DAKT,$11.7,1440274851753,"198,964",50% bullish,of 2 ratings,$14
DARA,$0.9,1440274851808,"39,987",83% bullish,of 6 ratings,$1.50
DAIO,$2.55,1440274851839,"4,354",Not yet rated,NULL,N/A
DTLK,$5.5,1440274851893,"91,469",100% bearish,of 1 rating,$9
DWCH,$4.97,1440274851942,"77,045",75% bullish,of 4 ratings,$8.25
DRAM,$1.4,1440274851994,"5,900",78% bullish,of 9 ratings,N/A
PLAY,$34.47,1440274852100,"228,236",100% bullish,of 5 ratings,$42
DTEA,$13.49,1440274852156,"126,308",100% bearish,of 2 ratings,$24
DBVT,$39.13,1440274852330,"112,606",100% bearish,of 1 rating,$53
DHRM,$1.68,1440274852361,"4,586",Not yet rated,NULL,N/A
TACOW,$4.01,1440274852406,"3,651",100% bullish,of 1 rating,N/A
DWSN,$4.02,1440274852432,"44,331",67% bullish,of 3 ratings,$6
DFRG,$14.75,1440274852459,"199,012",100% bearish,of 1 rating,$20
DCTH,$0.48,1440274852486,"110,038",78% bullish,of 9 ratings,N/A
TRAK,$62.93,1440274852514,"1,034,755",50% bullish,of 2 ratings,$62.50
TACO,$13.13,1440274852649,"216,919",100% bullish,of 3 ratings,$20
DELTW,NULL,1440274852721,0,Not yet rated,NULL,N/A
DGAS,$20.24,1440274852749,"1,955",67% bearish,of 3 ratings,N/A
DELT,$2.59,1440274852776,"2,349",Not yet rated,NULL,N/A
DENN,$11.6,1440274852826,"551,633",100% bullish,of 3 ratings,$15
XRAY,$53.63,1440274852877,"910,051",100% bullish,of 1 rating,$58
DEPO,$28.75,1440274853048,"1,112,213",60% bullish,of 5 ratings,$29
DERM,$24.15,1440274853112,"253,637",100% bearish,of 1 rating,$33.50
DXLG,$4.5,1440274853220,"65,758",100% bearish,of 1 rating,$8
DSCI,$6.45,1440274853247,"49,351",50% bullish,of 2 ratings,$16
DEST,$11.83,1440274853268,"39,808",50% bullish,of 2 ratings,N/A
DXCM,$89.9992,1440274853299,"957,976",57% bullish,of 7 ratings,$98
DSWL,$1.75,1440274853325,"10,432",100% bullish,of 1 rating,N/A
DMND,$30.41,1440274853504,"181,308",75% bullish,of 12 ratings,$32
DHXM,NULL,1440274853529,0,Not yet rated,NULL,N/A
DXM,$0.32,1440274853557,"22,270",50% bullish,of 2 ratings,N/A
FANG,$66.542,1440274853694,"1,043,554",50% bullish,of 2 ratings,$86
DRNA,$10.34,1440274853722,"90,197",67% bearish,of 3 ratings,$25
DCIX,$1.74,1440274853743,"92,529",50% bullish,of 4 ratings,$3.50
DHIL,$190.8,1440274853765,"18,491",Not yet rated,NULL,N/A
DMRC,$36.52,1440274853911,"70,922",100% bearish,of 1 rating,$44
DGII,$9.95,1440274853936,"78,052",100% bearish,of 1 rating,$10
DGLY,$6.75,1440274854104,"241,709",50% bullish,of 6 ratings,$20
DRAD,$3.88,1440274854141,"12,681",100% bullish,of 1 rating,$5.25
DCOM,$16.82,1440274854167,"156,270",100% bearish,of 2 ratings,$16.50
DIOD,$19.31,1440274854237,"281,801",75% bearish,of 4 ratings,$24
APPS,$2.36,1440274854262,"204,374",100% bearish,of 1 rating,$10.25
DPRX,$11.95,1440274854294,"18,525",100% bullish,of 2 ratings,$27.75
DISCA,$27.1,1440274854395,"3,037,195",67% bullish,of 3 ratings,$34
DSCO,$0.4055,1440274854424,"156,711",83% bullish,of 6 ratings,$2.75
DISCK,$25.9869,1440274854451,"2,884,033",100% bearish,of 1 rating,$32
DISCB,NULL,1440274854474,0,100% bearish,of 1 rating,$35
DISH,$60.9427,1440274854619,"1,735,171",69% bullish,of 13 ratings,$73
DVCR,$10.25,1440274854644,"18,982",100% bullish,of 1 rating,N/A
BAGR,$3.01,1440274854677,"16,511",100% bearish,of 1 rating,$6
DLHC,$2.5,1440274854844,"6,270",100% bearish,of 1 rating,N/A
DLTR,$76.3408,1440274854872,"2,448,980",82% bullish,of 11 ratings,$88
DNBF,$27.15,1440274854893,"8,727",Not yet rated,NULL,$27.50
DGICA,$14.4,1440274855029,"16,557",100% bearish,of 1 rating,$17
DGICB,NULL,1440274855050,0,100% bearish,of 1 rating,N/A
DORM,$49.7,1440274855082,"307,182",100% bearish,of 1 rating,$56
DMLP,$13.9,1440274855129,"47,201",100% bearish,of 1 rating,N/A
HILL,$9.69,1440274855217,"2,314,246",60% bearish,of 5 ratings,$9.75
DRWIW,$0.0589,1440274855246,"1,581",Not yet rated,NULL,N/A
DRWI,$0.2625,1440274855292,"193,656",60% bullish,of 5 ratings,$.45
DWA,$19.0777,1440274855424,"879,680",63% bullish,of 8 ratings,$26
DSKX,$3.44,1440274855450,"117,971",100% bullish,of 1 rating,N/A
DRYS,$0.357,1440274855473,"1,482,398",77% bullish,of 31 ratings,$.60
CADT,$10.02,1440274855614,206,Not yet rated,NULL,N/A
DSPG,$8.595,1440274855659,"67,339",100% bearish,of 1 rating,$13.50
CADTR,NULL,1440274855749,0,Not yet rated,NULL,N/A
CADTW,NULL,1440274855789,0,Not yet rated,NULL,N/A
DXPE,$28.59,1440274855943,"166,279",50% bullish,of 2 ratings,N/A
DNKN,$49.874,1440274855975,"1,291,182",67% bullish,of 15 ratings,$56.50
CADTU,NULL,1440274856007,0,Not yet rated,NULL,N/A
DRRX,$1.99,1440274856045,"346,049",50% bullish,of 6 ratings,$3
DTSI,$26.055,1440274856075,"125,141",100% bearish,of 2 ratings,$39.50
DYAX,$22.55,1440274856109,"854,965",89% bullish,of 9 ratings,$30
DYSL,$1.55,1440274856184,"180,829",100% bullish,of 2 ratings,N/A
BOOM,$9.64,1440274856210,"57,962",67% bullish,of 3 ratings,$12
DYNT,$2.86,1440274856244,"3,600",75% bullish,of 4 ratings,N/A
ETFC,$25.3,1440274856504,"2,489,422",57% bullish,of 14 ratings,$33
EGLE,$6,1440274856546,"60,394",60% bullish,of 5 ratings,N/A
EGBN,$42.84,1440274856682,"89,593",Not yet rated,NULL,$48
EROC,$1.1,1440274856707,"356,235",50% bullish,of 2 ratings,$3
DVAX,$27.73,1440274856924,"350,077",70% bullish,of 10 ratings,$40
ELNK,$8.58,1440274856950,"814,740",60% bullish,of 5 ratings,$9.50
EBMT,$11.53,1440274856983,"19,207",Not yet rated,NULL,$13.50
EACQU,NULL,1440274857005,0,Not yet rated,NULL,N/A
EWBC,$41.405,1440274857040,"1,077,281",100% bearish,of 1 rating,$50
EGRX,$65.38,1440274857084,"389,557",67% bullish,of 3 ratings,$97
EVBS,$6.45,1440274857146,"6,522",Not yet rated,NULL,$7
EBAY,$25.613,1440274857177,"13,096,604",81% bullish,of 117 ratings,$48
EML,$16.81,1440274857277,"6,029",Not yet rated,NULL,N/A
ECHO,$24.82,1440274857521,"412,036",67% bearish,of 3 ratings,$35.50
ECTE,$1.63,1440274857555,"78,541",75% bullish,of 4 ratings,N/A
ELON,$0.545,1440274857594,"64,729",50% bullish,of 2 ratings,N/A
SATS,$45.42,1440274857621,"155,588",50% bullish,of 2 ratings,$60
EEI,$11.09,1440274857643,"4,741",67% bearish,of 3 ratings,N/A
ECACU,$10.1,1440274857663,"1,738",Not yet rated,NULL,N/A
EBIX,$28.05,1440274857699,"477,773",69% bullish,of 13 ratings,$40
ESES,$3.45,1440274857798,"8,309",100% bearish,of 1 rating,$7
EDUC,$4.59,1440274857868,"7,183",100% bearish,of 1 rating,N/A
EGAN,$3.47,1440274857939,"10,092",50% bullish,of 2 ratings,$6.25
EDGW,$7.14,1440274858031,"35,959",100% bearish,of 1 rating,N/A
EHTH,$14.08,1440274858101,"414,120",50% bullish,of 4 ratings,$16.50
EDAP,$3.085,1440274858130,"136,353",60% bullish,of 5 ratings,$4.50
EFUT,NULL,1440274858156,0,Not yet rated,NULL,N/A
EGLT,$11.42,1440274858230,"23,570",50% bullish,of 2 ratings,$21
LOCO,$12.26,1440274858316,"1,085,303",69% bullish,of 13 ratings,$20
ESLT,$80.34,1440274858400,"5,018",100% bullish,of 2 ratings,N/A
EMITF,$1.29,1440274858447,"7,100",75% bullish,of 4 ratings,N/A
ERI,$9.6,1440274858475,"124,258",100% bearish,of 1 rating,$10
ELRC,$10.65,1440274858510,"75,948",100% bearish,of 1 rating,N/A
ESIO,$4.58,1440274858610,"42,139",50% bullish,of 2 ratings,$10
EA,$66.47,1440274858664,"3,731,767",77% bullish,of 35 ratings,$80
ELSE,$4.02,1440274858719,"1,000",60% bullish,of 5 ratings,N/A
EFII,$43.93,1440274858771,"255,202",80% bullish,of 5 ratings,$55
ELECU,NULL,1440274858824,0,Not yet rated,NULL,N/A
ELECW,NULL,1440274859059,0,Not yet rated,NULL,N/A
EBIO,$3.39,1440274859118,"858,193",100% bearish,of 2 ratings,$8.35
ESBK,$19.8,1440274859149,879,Not yet rated,NULL,N/A
RDEN,$10.38,1440274859186,"93,838",100% bearish,of 4 ratings,$15
EMCI,$23,1440274859251,"15,824",Not yet rated,NULL,N/A
ELTK,$1.04,1440274859279,"51,304",67% bearish,of 3 ratings,N/A
ELEC,NULL,1440274859300,0,Not yet rated,NULL,N/A
LONG,$17.39,1440274859470,"18,568",67% bullish,of 3 ratings,$15.75
CAPX,$22.63,1440274859575,"1,168",Not yet rated,NULL,N/A
EMCF,NULL,1440274859603,0,100% bearish,of 1 rating,N/A
EMMSP,$3.25,1440274859629,400,100% bearish,of 1 rating,N/A
EMMS,$1.28,1440274859756,"12,299",67% bullish,of 6 ratings,N/A
NYNY,$4.06,1440274859812,"74,163",50% bullish,of 2 ratings,N/A
EMKR,$7.16,1440274859844,"129,455",75% bullish,of 4 ratings,$8.50
ENTA,$40.22,1440274859941,"172,455",50% bullish,of 2 ratings,$42
ERS,$2.86,1440274860010,"1,336",Not yet rated,NULL,N/A
ENDP,$76.6008,1440274860072,"2,114,082",50% bullish,of 6 ratings,$104
WIRE,$32.7,1440274860098,"124,660",100% bearish,of 1 rating,$37
ECPG,$39.21,1440274860146,"126,955",100% bullish,of 2 ratings,$52
ECYT,$5.2,1440274860229,"252,908",83% bullish,of 6 ratings,$12
ELGX,$13.15,1440274860261,"557,451",75% bullish,of 4 ratings,$17
WATT,$6.74,1440274860366,"109,967",50% bullish,of 2 ratings,$13
EIGI,$15.18,1440274860424,"788,018",67% bearish,of 3 ratings,$22.50
EFOI,$15.8,1440274860528,"328,386",50% bullish,of 2 ratings,$20.50
ERII,$2.89,1440274860554,"84,939",80% bullish,of 5 ratings,$2.50
EXXI,$1.44,1440274860630,"1,757,742",86% bullish,of 7 ratings,$3.50
ENPH,$4.42,1440274860721,"567,322",75% bullish,of 4 ratings,$11
ENG,$1.02,1440274860760,"5,407",100% bullish,of 3 ratings,N/A
ESGR,$151,1440274860825,"69,547",100% bearish,of 1 rating,$185
ENTG,$13.72,1440274860900,"439,650",100% bearish,of 1 rating,$18
ENTL,$21.44,1440274860959,"15,857",Not yet rated,NULL,$28
ENOC,$8.08,1440274860999,"211,114",75% bullish,of 4 ratings,$18
ENFC,$18.34,1440274861027,"2,236",Not yet rated,NULL,N/A
EFSC,$24.75,1440274861202,"69,838",Not yet rated,NULL,$27
EBTC,$20.07,1440274861230,"8,123",Not yet rated,NULL,N/A
EGT,$2.09,1440274861363,"1,500",100% bullish,of 1 rating,N/A
ETRM,$0.2331,1440274861391,"441,727",69% bearish,of 35 ratings,$1.625
ENZN,$1,1440274861416,"766,555",100% bullish,of 9 ratings,N/A
EPIQ,$13.87,1440274861588,"92,324",100% bearish,of 1 rating,$18
EPRS,$4.76,1440274861617,"74,298",82% bullish,of 11 ratings,$15
ENVI,$1.85,1440274861645,"15,528",67% bullish,of 3 ratings,N/A
ENZY,$8.98,1440274861679,"9,946",67% bullish,of 3 ratings,$9.50
PLUS,$77.81,1440274861717,"952,339",50% bullish,of 2 ratings,$88
EQIX,$273,1440274861781,"589,444",75% bullish,of 4 ratings,$312.50
EPZM,$15.93,1440274861851,"285,509",60% bullish,of 5 ratings,$34
EQFN,$8.3,1440274861926,300,Not yet rated,NULL,N/A
EAC,$3.67,1440274861954,"15,388",100% bearish,of 1 rating,$8
ERIC,$9.83,1440274862084,"2,368,815",63% bullish,of 8 ratings,$12.20
ERIE,$84.5099,1440274862264,"26,146",Not yet rated,NULL,$73
ESCA,$18.35,1440274862291,"25,641",100% bearish,of 1 rating,$22
ESCRP,$1.65,1440274862312,"5,017",100% bearish,of 1 rating,N/A
ESPR,$54.47,1440274862358,"1,355,738",67% bearish,of 9 ratings,$123
ESMC,$1.33,1440274862379,502,Not yet rated,NULL,N/A
ESCR,$0.14,1440274862444,"63,314",50% bullish,of 2 ratings,N/A
ESSA,$12.45,1440274862473,"16,679",100% bearish,of 1 rating,N/A
EPIX,$6.1,1440274862494,"1,200",Not yet rated,NULL,N/A
ESSX,$0.5249,1440274862634,"6,504",50% bullish,of 2 ratings,N/A
ESND,$35.095,1440274862665,"147,368",100% bearish,of 2 ratings,$40
ETSY,$13.46,1440274862695,"796,058",80% bullish,of 5 ratings,$16
EEFT,$64.81,1440274862801,"236,603",100% bearish,of 1 rating,$67.50
CLWT,NULL,1440274862837,0,100% bearish,of 1 rating,N/A
ESEA,$6.15,1440274863014,"3,082",100% bullish,of 1 rating,$15
EVEP,$7.26,1440274863040,"294,425",50% bullish,of 2 ratings,$15
EVK,$3.74,1440274863065,982,75% bearish,of 4 ratings,N/A
EVOK,$4,1440274863110,"114,285",100% bearish,of 1 rating,$13.375
EVLV,$2.14,1440274863210,"85,207",60% bullish,of 5 ratings,$6.50
EVOL,$5.85,1440274863259,"13,690",75% bullish,of 4 ratings,$10
EXA,$10.73,1440274863293,"22,120",100% bearish,of 1 rating,$13
EXAC,$18.17,1440274863393,"136,951",100% bearish,of 1 rating,$22.50
EXAS,$20.31,1440274863420,"1,234,918",78% bullish,of 9 ratings,$31
EXFO,$2.9,1440274863448,"3,300",67% bearish,of 3 ratings,$3.95
EXEL,$5.25,1440274863583,"5,463,517",81% bullish,of 16 ratings,$6
EXPE,$114.6,1440274863625,"1,238,899",64% bullish,of 11 ratings,$130
EXLS,$36.55,1440274863651,"207,530",100% bullish,of 1 rating,$41
EXPD,$48.2,1440274863715,"1,810,722",80% bullish,of 5 ratings,$51.50
ESRX,$84.81,1440274863863,"5,163,905",67% bearish,of 6 ratings,$101
EXLP,$18.2,1440274863925,"94,863",100% bearish,of 1 rating,$27
EXPO,$42.83,1440274863952,"146,412",100% bearish,of 1 rating,$45.50
EYEGW,$1.24,1440274864021,800,Not yet rated,NULL,N/A
EYEG,$4.17,1440274864049,"19,980",Not yet rated,NULL,N/A
EZCH,$21.4963,1440274864081,"127,057",75% bullish,of 8 ratings,$19.50
EXTR,$2.85,1440274864124,"805,798",80% bullish,of 5 ratings,$3
EZPW,$6.08,1440274864231,"351,949",50% bullish,of 4 ratings,$7.50
FFIV,$122.51,1440274864259,"846,241",63% bullish,of 8 ratings,$132
FCS,$13.14,1440274864391,"1,086,086",67% bearish,of 3 ratings,$17
FB,$85.88,1440274864421,"39,696,768",73% bullish,of 1066 ratings,$111
FRP,$16.9,1440274864496,"50,706",100% bearish,of 1 rating,$18
FALC,$1.65,1440274864524,"10,845",63% bearish,of 8 ratings,N/A
FWM,$2.25,1440274864595,"178,419",100% bearish,of 2 ratings,$3.20
DAVE,$14.36,1440274864662,"19,659",100% bearish,of 1 rating,$15.50
FARM,$22.62,1440274864699,"21,053",100% bearish,of 1 rating,$35
FFKT,$26.79,1440274864795,"20,439",Not yet rated,NULL,$29
FARO,$38.92,1440274864821,"118,530",50% bullish,of 2 ratings,$48
FMNB,$8.03,1440274864853,"3,562",Not yet rated,NULL,N/A
FAST,$39.1,1440274864951,"3,000,801",80% bullish,of 5 ratings,$46
FBSS,NULL,1440274865023,0,Not yet rated,NULL,N/A
FATE,$6.24,1440274865054,"82,980",50% bullish,of 2 ratings,$11
FBRC,$22.24,1440274865097,"44,108",100% bearish,of 1 rating,$29
FDML,$8.96,1440274865184,"230,349",50% bullish,of 4 ratings,$14
FNHC,$21.92,1440274865224,"80,132",100% bearish,of 1 rating,$35
FHCO,$1.43,1440274865325,"18,402",50% bullish,of 4 ratings,N/A
FENX,$9.84,1440274865360,"59,141",100% bullish,of 1 rating,$14.25
FEIC,$77.57,1440274865387,"344,496",50% bullish,of 2 ratings,$95.50
ONEQ,$185.63,1440274865516,"41,902",100% bullish,of 1 rating,N/A
LION,$19.31,1440274865648,"108,630",100% bullish,of 1 rating,$20
FGEN,$22.96,1440274865681,"374,029",100% bearish,of 1 rating,$39
FCSC,$5.86,1440274865717,"212,270",100% bearish,of 1 rating,$8.125
FRGI,$51.57,1440274865776,"149,676",50% bullish,of 2 ratings,$70
FSAM,$8.56,1440274865816,"20,457",100% bearish,of 1 rating,$11
FSC,$6.42,1440274865843,"839,385",75% bullish,of 4 ratings,$8
FDUS,$14.42,1440274865922,"64,363",100% bullish,of 1 rating,$18
FSFR,$8.92,1440274865998,"131,626",100% bearish,of 1 rating,$11.50
FSCFL,$24.7,1440274866065,"11,419",Not yet rated,NULL,N/A
FITB,$19.7,1440274866127,"7,100,591",54% bullish,of 13 ratings,$22
FITBI,$27.68,1440274866152,"5,800",Not yet rated,NULL,N/A
FNGN,$33.616,1440274866197,"485,960",67% bullish,of 3 ratings,$47
FISI,$24.77,1440274866350,"41,074",100% bullish,of 2 ratings,$24.50
FNJN,$1.66,1440274866423,"15,161",100% bearish,of 1 rating,$5
FNSR,$15.33,1440274866461,"1,137,273",71% bullish,of 7 ratings,$24.50
FNTC,NULL,1440274866555,0,Not yet rated,NULL,N/A
FNTCW,NULL,1440274866580,0,Not yet rated,NULL,N/A
FEYE,$37,1440274866604,"7,331,774",87% bullish,of 15 ratings,$55.50
FNTCU,NULL,1440274866632,0,Not yet rated,NULL,N/A
FBNC,$16.81,1440274866791,"59,972",100% bullish,of 1 rating,$20
FRBA,$6.02,1440274866835,611,Not yet rated,NULL,$8
FNLC,$18.46,1440274866869,"17,421",100% bullish,of 1 rating,N/A
FBIZ,$44.04,1440274866925,"28,467",100% bearish,of 2 ratings,$52
FCVA,$4.75,1440274866962,"1,132",Not yet rated,NULL,N/A
BUSE,$6.37,1440274866994,"197,401",Not yet rated,NULL,$6.875
FCAP,$26.55,1440274867098,226,Not yet rated,NULL,N/A
FCNCA,$241.45,1440274867239,"17,885",Not yet rated,NULL,N/A
FCBC,$17.88,1440274867273,"60,860",Not yet rated,NULL,$18
FCCO,$12.11,1440274867298,202,Not yet rated,NULL,$13.25
FCFS,$38.15,1440274867325,"157,660",100% bearish,of 2 ratings,$48
FCLF,$9.08,1440274867365,55,Not yet rated,NULL,N/A
FCFP,$6.9,1440274867455,"2,500",Not yet rated,NULL,N/A
FDEF,$38.3,1440274867481,"42,408",Not yet rated,NULL,$38
FBNK,$16.65,1440274867502,"60,146",100% bearish,of 1 rating,$17.50
FFIN,$31.1263,1440274867701,"286,801",50% bullish,of 2 ratings,$31.75
FFNM,$6.32,1440274867733,"3,040",Not yet rated,NULL,N/A
FFBC,$18.76,1440274867807,"176,775",67% bearish,of 3 ratings,$20.25
THFF,$33.27,1440274867864,"47,577",Not yet rated,NULL,$35
FFWM,$21.44,1440274867897,"10,014",Not yet rated,NULL,$24
FFBCW,NULL,1440274867918,0,100% bearish,of 1 rating,N/A
INBK,$32.43,1440274868008,"13,595",50% bullish,of 2 ratings,$37
FFNW,$12.46,1440274868049,"21,487",Not yet rated,NULL,$14
FIBK,$26.83,1440274868150,"83,623",Not yet rated,NULL,$32
FMBI,$17.84,1440274868184,"374,767",Not yet rated,NULL,$20
FRME,$25.47,1440274868246,"199,009",Not yet rated,NULL,$26.50
FMBH,NULL,1440274868382,0,Not yet rated,NULL,N/A
FNBC,$34.45,1440274868425,"116,074",Not yet rated,NULL,$41.50
FSGI,$2.45,1440274868621,"4,889",Not yet rated,NULL,N/A
FNFG,$9.2289,1440274868650,"1,658,831",80% bullish,of 5 ratings,$9
FSFG,$30.1754,1440274868671,729,Not yet rated,NULL,N/A
FNWB,$12.08,1440274868692,"8,662",Not yet rated,NULL,N/A
FSLR,$45.5,1440274868730,"2,207,203",74% bullish,of 39 ratings,$65
FSBK,$7.93,1440274868827,"1,441",100% bullish,of 1 rating,N/A
FBZ,NULL,1440274868957,0,Not yet rated,NULL,N/A
BICK,$19.6,1440274868986,"1,801",100% bullish,of 1 rating,N/A
FTCS,$36.65,1440274869015,"33,745",Not yet rated,NULL,N/A
FCAN,$24.47,1440274869091,964,Not yet rated,NULL,N/A
FV,$23.23,1440274869156,"4,139,653",Not yet rated,NULL,N/A
FTSM,$59.9,1440274869342,"20,701",100% bearish,of 1 rating,N/A
FEUZ,$30.69,1440274869427,"5,731",Not yet rated,NULL,N/A
FEMB,NULL,1440274869459,0,Not yet rated,NULL,N/A
FCA,$20,1440274869480,"2,607",Not yet rated,NULL,N/A
IFV,$17.6,1440274869516,"2,040,199",100% bearish,of 1 rating,N/A
TDIV,$24.46,1440274869569,"449,109",100% bearish,of 1 rating,N/A
FGM,$35.03,1440274869623,"69,317",Not yet rated,NULL,N/A
MDIV,$19.22,1440274869654,"565,706",Not yet rated,NULL,N/A
FTGC,$22.05,1440274869674,"122,767",Not yet rated,NULL,N/A
FTHI,$19.4,1440274869755,"10,468",Not yet rated,NULL,N/A
HYLS,$49.21,1440274869819,"102,494",100% bearish,of 1 rating,N/A
FHK,$32.72,1440274869918,"128,700",Not yet rated,NULL,N/A
YDIV,$16.62,1440274869964,"2,670",Not yet rated,NULL,N/A
FPXI,$27.51,1440274869997,"1,318",Not yet rated,NULL,N/A
CU,$12.76,1440274870094,"13,066",100% bearish,of 1 rating,N/A
FTLB,$19.28,1440274870229,"2,451",100% bearish,of 1 rating,N/A
PLTM,$6.66,1440274870256,"3,862",100% bearish,of 1 rating,N/A
FMB,$51.195,1440274870287,"1,778",Not yet rated,NULL,N/A
SKYY,$28.68,1440274870386,"76,557",100% bullish,of 1 rating,N/A
FJP,$46.13,1440274870419,"49,025",Not yet rated,NULL,N/A
LMBS,$50.49,1440274870445,862,Not yet rated,NULL,N/A
QABA,$38.13,1440274870466,"44,503",100% bearish,of 1 rating,N/A
CIBR,$18.04,1440274870519,"162,032",Not yet rated,NULL,N/A
QCLN,$14.54,1440274870700,"17,473",Not yet rated,NULL,N/A
FONE,$34.05,1440274870729,"1,800",Not yet rated,NULL,N/A
GRID,$33.62,1440274870763,834,100% bearish,of 1 rating,N/A
QQEW,$41.94,1440274870866,"313,108",Not yet rated,NULL,N/A
RDVY,$21.64,1440274870891,"318,269",Not yet rated,NULL,N/A
CARZ,$34.42,1440274870921,"11,011",100% bearish,of 1 rating,N/A
QTEC,$39.35,1440274871020,"147,804",Not yet rated,NULL,N/A
AIRR,$16.37,1440274871046,"9,058",100% bearish,of 1 rating,N/A
FTSL,$48.8,1440274871078,"33,452",100% bearish,of 1 rating,N/A
QQXT,$40.09,1440274871116,"60,503",Not yet rated,NULL,N/A
QINC,$20.71,1440274871215,"1,700",Not yet rated,NULL,N/A
FKO,$22.32,1440274871246,"3,700",Not yet rated,NULL,N/A
FDIV,$47.59,1440274871348,"6,143",100% bearish,of 1 rating,N/A
FTW,$29.425,1440274871464,"1,534",Not yet rated,NULL,N/A
FSZ,$38.85,1440274871490,"76,690",Not yet rated,NULL,N/A
TUSA,$25.08,1440274871512,"4,920",Not yet rated,NULL,N/A
SVVC,$10.15,1440274871648,"36,001",100% bullish,of 1 rating,$26
FUNC,$8.33,1440274871701,"3,636",Not yet rated,NULL,N/A
FSV,$31.87,1440274871755,"12,538",Not yet rated,NULL,$33.60
FIVE,$35.34,1440274871797,"409,909",75% bearish,of 4 ratings,$44
FMER,$17.6579,1440274871828,"1,802,777",50% bullish,of 2 ratings,$20
FISV,$84.87,1440274871886,"1,522,717",100% bearish,of 3 ratings,$90
FPRX,$18.26,1440274871921,"303,751",50% bullish,of 2 ratings,$35
FKU,$41.6,1440274871948,"86,339",Not yet rated,NULL,N/A
FLML,$21.11,1440274872027,"134,027",50% bullish,of 2 ratings,$30
FLKS,$13.13,1440274872082,"55,627",50% bullish,of 2 ratings,$27
FIVN,$4.11,1440274872110,"185,266",100% bullish,of 1 rating,$8.50
FLXN,$24.39,1440274872271,"86,363",100% bearish,of 1 rating,$40
SKOR,$50.52,1440274872297,"1,000",Not yet rated,NULL,N/A
FLEX,$10.51,1440274872439,"2,454,407",63% bullish,of 8 ratings,$12
FLDM,$12.54,1440274872469,"686,894",67% bearish,of 3 ratings,$21.50
MBSD,NULL,1440274872509,0,Not yet rated,NULL,N/A
FLIR,$28.75,1440274872572,"720,631",100% bearish,of 1 rating,$38.50
FLXS,$30.45,1440274872616,"36,609",100% bearish,of 2 ratings,N/A
FES,$0.92,1440274872642,"4,841",50% bullish,of 2 ratings,$1
FOGO,$18.84,1440274872778,"114,696",50% bullish,of 2 ratings,$25.50
FFIC,$20.38,1440274872810,"69,120",Not yet rated,NULL,$21
FONR,$9.54,1440274872835,"18,526",100% bullish,of 1 rating,N/A
FOMX,$9.79,1440274872868,"135,576",50% bullish,of 2 ratings,$23.50
FORM,$6,1440274872907,"267,226",67% bullish,of 3 ratings,$10.50
FORTY,$32.4,1440274872973,"4,710",Not yet rated,NULL,N/A
FORR,$32.21,1440274873039,"52,356",Not yet rated,NULL,N/A
FTNT,$42.98,1440274873171,"1,928,364",80% bullish,of 10 ratings,$52
FBIO,$2.51,1440274873197,"188,268",83% bullish,of 6 ratings,N/A
FWRD,$46.8,1440274873227,"307,366",100% bearish,of 1 rating,$50
FWP,$25.67,1440274873362,"46,088",100% bearish,of 1 rating,$45
FMI,$21.61,1440274873389,"391,770",100% bearish,of 2 ratings,$27.50
FOSL,$59.15,1440274873518,"1,014,809",50% bullish,of 4 ratings,$80
FORD,$1.04,1440274873546,"120,974",50% bullish,of 2 ratings,N/A
FELE,$28.92,1440274873575,"341,251",50% bullish,of 4 ratings,$33
FXCB,$17.3,1440274873705,"17,445",Not yet rated,NULL,$19
FREE,$0.43,1440274873732,"823,292",92% bullish,of 12 ratings,N/A
FRED,$14.505,1440274873759,"342,264",50% bullish,of 2 ratings,$16.50
FOXF,$15.28,1440274873780,"65,653",100% bearish,of 1 rating,$19
FRAN,$10.24,1440274873930,"689,114",50% bullish,of 4 ratings,$15
FEIM,$11.17,1440274874008,"8,777",100% bearish,of 1 rating,N/A
FRPT,$13,1440274874041,"495,123",67% bearish,of 3 ratings,$23.50
RAIL,$20.87,1440274874068,"125,948",100% bearish,of 1 rating,$24.50
FTR,$5.2,1440274874142,"19,477,135",78% bullish,of 27 ratings,$6.25
FRPH,$30.33,1440274874171,"14,572",100% bearish,of 1 rating,N/A
FTRPR,$102.05,1440274874300,"61,829",100% bearish,of 1 rating,N/A
FSYS,$6.38,1440274874372,"45,792",67% bullish,of 3 ratings,$10
FSBW,$23.34,1440274874450,"2,300",Not yet rated,NULL,N/A
FTD,$29.45,1440274874487,"149,230",100% bearish,of 1 rating,$40
FCEL,$0.7366,1440274874521,"1,658,337",88% bullish,of 40 ratings,$2.65
FULL,$3.14,1440274874580,"56,049",67% bearish,of 3 ratings,$4.25
FULLL,$25.3,1440274874608,"2,099",Not yet rated,NULL,N/A
FTEK,$2.16,1440274874634,"40,018",75% bullish,of 4 ratings,N/A
FLL,$1.58,1440274874682,"14,473",75% bullish,of 4 ratings,$2.825
FULT,$12.4385,1440274874898,"1,361,369",100% bearish,of 1 rating,$13
FSNN,$2.61,1440274874924,"1,800",67% bullish,of 3 ratings,$6
FFHL,NULL,1440274874961,0,50% bullish,of 4 ratings,N/A
FXEN,$0.82,1440274874989,"170,889",75% bullish,of 4 ratings,$1.10
FXENP,$15.9,1440274875010,"2,740",100% bearish,of 1 rating,N/A
WILC,$5.06,1440274875146,"5,946",100% bullish,of 2 ratings,N/A
GK,$70.3,1440274875178,"83,887",Not yet rated,NULL,$78
GAIA,$5.86,1440274875244,"23,978",50% bullish,of 2 ratings,$8.50
GALTU,NULL,1440274875275,0,100% bearish,of 1 rating,N/A
GLPG,$61.54,1440274875307,"27,887",100% bullish,of 1 rating,$75
GALT,$1.99,1440274875345,"104,198",80% bullish,of 5 ratings,N/A
GALE,$1.34,1440274875370,"1,297,229",89% bullish,of 47 ratings,$4
GALTW,NULL,1440274875409,0,100% bullish,of 1 rating,N/A
GLMD,$8.52,1440274875542,"7,887",67% bullish,of 3 ratings,$20.50
GLPI,$31.6262,1440274875679,"495,016",100% bearish,of 1 rating,$37.50
GPIC,$11.09,1440274875712,8,100% bearish,of 1 rating,N/A
GGACR,NULL,1440274875812,0,100% bullish,of 1 rating,N/A
GGAC,NULL,1440274875838,0,100% bearish,of 1 rating,N/A
GGACU,NULL,1440274875863,0,Not yet rated,NULL,N/A
GRMN,$38.26,1440274875893,"1,619,493",50% bullish,of 6 ratings,$48
GNCMA,$16.75,1440274875999,"180,927",100% bearish,of 1 rating,$12
GGACW,$0.12,1440274876027,438,Not yet rated,NULL,N/A
GENC,$9.48,1440274876055,"1,326",100% bearish,of 1 rating,N/A
GARS,$14.82,1440274876134,"25,735",Not yet rated,NULL,$16
GFNCP,NULL,1440274876207,0,Not yet rated,NULL,N/A
GFN,$3.59,1440274876242,"35,382",100% bearish,of 2 ratings,$8
GFNSL,$25.8,1440274876275,"1,200",Not yet rated,NULL,N/A
GNMK,$9.4,1440274876378,"146,170",67% bullish,of 6 ratings,$14
GENE,$2.36,1440274876399,"148,645",100% bullish,of 12 ratings,N/A
GNCA,$12.48,1440274876599,"168,679",100% bearish,of 1 rating,$20
GTWN,NULL,1440274876690,0,Not yet rated,NULL,N/A
THRM,$44.01,1440274876719,"309,602",75% bearish,of 4 ratings,$55.50
GNTX,$15.0882,1440274876746,"1,731,017",Not yet rated,NULL,$20
GHDX,$25.37,1440274876775,"139,056",50% bullish,of 2 ratings,$30
GNVC,$2.24,1440274876806,"34,502",90% bullish,of 10 ratings,$8.50
GERN,$3.08,1440274876877,"2,161,517",88% bullish,of 16 ratings,$5.25
GEOS,$15.3,1440274876907,"116,850",100% bearish,of 3 ratings,$25.50
GEVO,$2.29,1440274877044,"240,735",75% bullish,of 12 ratings,$5
GABC,$29.73,1440274877104,"47,076",Not yet rated,NULL,$31.50
GIGA,$1.42,1440274877191,"46,287",100% bearish,of 1 rating,N/A
ROCK,$17.57,1440274877220,"235,847",80% bullish,of 5 ratings,$24
GIII,$64.77,1440274877250,"271,077",67% bullish,of 3 ratings,$75
GIGM,$0.6,1440274877355,"112,719",100% bullish,of 2 ratings,N/A
GILD,$105.383,1440274877425,"15,611,252",91% bullish,of 87 ratings,$129
GLAD,$8.51,1440274877524,"155,251",50% bullish,of 2 ratings,$8.75
GILT,$4.47,1440274877553,"2,023",50% bullish,of 2 ratings,N/A
GBCI,$26.4218,1440274877632,"334,049",50% bullish,of 2 ratings,$31
GLADO,$25.59,1440274877662,"3,000",Not yet rated,NULL,N/A
GOOD,$15.44,1440274877695,"98,286",Not yet rated,NULL,$19
GOODN,$25.64,1440274877761,426,Not yet rated,NULL,N/A
GOODO,$25.1,1440274877793,"1,266",Not yet rated,NULL,N/A
GOODP,$25.14,1440274877854,"1,250",Not yet rated,NULL,N/A
GAIN,$7.47,1440274877890,"246,309",100% bullish,of 2 ratings,$8.25
GAINO,$25.31,1440274877983,"1,726",Not yet rated,NULL,N/A
GAINP,$25.85,1440274878125,"3,950",Not yet rated,NULL,N/A
LAND,$9.5,1440274878208,"16,439",50% bullish,of 2 ratings,$13.75
GAINN,$25.2379,1440274878282,150,Not yet rated,NULL,N/A
GLBZ,NULL,1440274878310,0,Not yet rated,NULL,N/A
GBT,$45.75,1440274878332,"252,564",100% bearish,of 1 rating,N/A
ENT,$11.73,1440274878368,"196,363",100% bearish,of 1 rating,$18
GDEF,$10.5401,1440274878389,100,Not yet rated,NULL,N/A
GBLI,$26.25,1440274878469,"16,164",Not yet rated,NULL,N/A
QQQC,$19.26,1440274878597,"4,950",100% bearish,of 1 rating,N/A
GSOL,$8.26,1440274878624,"15,789",100% bearish,of 1 rating,N/A
GPACU,$10.1,1440274878660,"2,854",Not yet rated,NULL,N/A
SOCL,$17.18,1440274878687,"100,120",100% bullish,of 2 ratings,N/A
ACTX,$13.25,1440274878752,600,100% bullish,of 1 rating,N/A
ALTY,$14.587,1440274878779,700,Not yet rated,NULL,N/A
SRET,$13.6,1440274878932,"4,194",Not yet rated,NULL,N/A
GAI,$5.27,1440274878990,"3,415",50% bullish,of 2 ratings,N/A
YLCO,$11.75,1440274879061,"1,235",Not yet rated,NULL,N/A
GBIM,$2.26,1440274879086,"43,964",50% bullish,of 2 ratings,N/A
GSM,$13.26,1440274879162,"403,098",50% bullish,of 2 ratings,$24.50
GLBS,$1.06,1440274879344,"10,500",67% bullish,of 3 ratings,N/A
GLRI,$1.1,1440274879369,"80,101",100% bearish,of 1 rating,$6
GLNG,$35.44,1440274879398,"792,592",83% bullish,of 6 ratings,$58
GLYC,$7.26,1440274879423,"7,663",50% bullish,of 2 ratings,$14
GOGO,$15.48,1440274879460,"479,979",80% bullish,of 5 ratings,$25
GLUU,$4.37,1440274879485,"2,317,587",92% bullish,of 26 ratings,$9
GMLP,$19.13,1440274879506,"137,734",50% bullish,of 4 ratings,$32.50
GLDC,$4.13,1440274879542,"3,480",50% bullish,of 2 ratings,N/A
GOGL,$2.92,1440274879741,"540,722",75% bullish,of 4 ratings,$5
GBDC,$16.5151,1440274879791,"145,009",Not yet rated,NULL,$17.75
GDEN,$8.88,1440274879837,"11,961",50% bullish,of 2 ratings,N/A
GOOGL,$647,1440274879995,"2,533,646",88% bullish,of 1079 ratings,$749
GTIM,$6.47,1440274880056,"80,995",Not yet rated,NULL,$11.50
GOOG,$616,1440274880085,"2,256,491",90% bullish,of 68 ratings,$825
GPRO,$48.84,1440274880160,"5,811,963",78% bullish,of 58 ratings,$72
GMAN,$4.4,1440274880187,"71,999",60% bullish,of 5 ratings,$8
GPIAU,NULL,1440274880219,0,Not yet rated,NULL,N/A
LOPE,$37.1955,1440274880266,"420,323",100% bearish,of 2 ratings,$50
GPIAW,NULL,1440274880315,0,Not yet rated,NULL,N/A
GPIA,NULL,1440274880346,0,Not yet rated,NULL,N/A
GRVY,$3.43,1440274880419,"1,202",50% bullish,of 2 ratings,N/A
GLDD,$5.39,1440274880565,"288,709",100% bearish,of 4 ratings,$7.75
GBSN,$1.46,1440274880593,"747,556",100% bearish,of 1 rating,$8.25
GBSNU,$16,1440274880623,"22,548",Not yet rated,NULL,N/A
GSBC,$40.6,1440274880731,"36,220",100% bullish,of 1 rating,$44
GNBC,$12.08,1440274880767,"33,737",100% bearish,of 1 rating,$17
GRBK,$13.35,1440274880795,"154,269",77% bullish,of 13 ratings,N/A
GCBC,NULL,1440274880869,0,100% bullish,of 1 rating,N/A
GPRE,$18.8277,1440274880924,"832,352",67% bullish,of 6 ratings,$28.50
GLRE,$24.86,1440274880955,"262,384",50% bullish,of 2 ratings,$41
GPP,$14.94,1440274881000,"24,630",Not yet rated,NULL,$20.50
GRPN,$4.077,1440274881053,"7,070,465",61% bullish,of 71 ratings,$6.75
GRIF,$30.945,1440274881086,209,100% bearish,of 1 rating,N/A
OMAB,$39.57,1440274881131,"24,030",100% bullish,of 1 rating,$44
GRFS,$30.3,1440274881159,"180,141",50% bullish,of 2 ratings,$35
GGAL,$18.96,1440274881222,"423,209",80% bullish,of 5 ratings,$40
GSIG,$13.11,1440274881365,"71,415",100% bearish,of 2 ratings,N/A
GSVC,$8.56,1440274881546,"118,374",50% bullish,of 2 ratings,$14.50
GSIT,$4.97,1440274881578,"9,824",100% bearish,of 1 rating,N/A
GBNK,$15.76,1440274881652,"43,034",100% bearish,of 1 rating,$18
GTXI,$0.83,1440274881680,"67,416",100% bullish,of 5 ratings,$.75
GFED,$14.94,1440274881705,10,Not yet rated,NULL,$17
GULTU,$0.2905,1440274881734,"102,116",100% bearish,of 1 rating,N/A
GURE,$1.62,1440274881762,"151,052",88% bullish,of 8 ratings,N/A
GUID,$7.29,1440274881812,"187,217",100% bearish,of 3 ratings,$10
GIFI,$11.97,1440274881942,"46,892",100% bearish,of 1 rating,$16
GPOR,$33.8159,1440274882016,"937,085",75% bullish,of 4 ratings,$55
GWPH,$104.03,1440274882046,"200,237",78% bullish,of 9 ratings,$148.50
GYRO,$2.85,1440274882067,"76,416",100% bearish,of 1 rating,N/A
GWGH,$7.35,1440274882148,"1,284",100% bearish,of 1 rating,$15.05
HEES,$16.51,1440274882214,"306,657",67% bearish,of 3 ratings,$31
HLG,$9.64,1440274882342,"5,100",100% bearish,of 1 rating,N/A
HALL,$11.67,1440274882395,"28,021",Not yet rated,NULL,N/A
HNRG,$7.22,1440274882431,"124,047",100% bearish,of 1 rating,$10
HMPR,$1.89,1440274882461,"118,740",100% bullish,of 1 rating,N/A
HALO,$17.33,1440274882487,"1,204,693",67% bullish,of 3 ratings,$22.50
HBK,$13.8,1440274882566,8,50% bullish,of 2 ratings,N/A
HBHC,$26.8668,1440274882723,"451,705",50% bullish,of 2 ratings,$30
HNH,$27.82,1440274882752,"21,502",100% bullish,of 1 rating,N/A
HAFC,$24.565,1440274882776,"117,041",100% bullish,of 2 ratings,$28.50
HNSN,$0.501,1440274882808,"78,898",88% bullish,of 8 ratings,$.40
HBHCL,$24.49,1440274882830,"18,426",Not yet rated,NULL,N/A
HDNG,$9.98,1440274882962,"11,225",50% bullish,of 4 ratings,N/A
HLIT,$5.58,1440274883033,"331,156",100% bearish,of 1 rating,$6.50
HQCL,$8.63,1440274883130,"24,293",67% bullish,of 3 ratings,N/A
HRMNU,NULL,1440274883169,0,Not yet rated,NULL,N/A
HRMN,NULL,1440274883197,0,Not yet rated,NULL,N/A
HRMNW,NULL,1440274883274,0,Not yet rated,NULL,N/A
TINY,$2.45,1440274883301,"20,315",50% bullish,of 2 ratings,$5.26
HART,$0.775,1440274883436,"213,330",100% bearish,of 1 rating,N/A
HCAP,$12.17,1440274883466,"24,008",50% bullish,of 2 ratings,$15
HCAPL,$25.4,1440274883517,"1,773",Not yet rated,NULL,N/A
HA,$23.05,1440274883553,"931,944",67% bullish,of 9 ratings,$27
HCOM,$22.51,1440274883619,"37,331",100% bearish,of 1 rating,$28
HAS,$75.171,1440274883651,"1,049,605",63% bullish,of 8 ratings,$84.50
HWBK,$13.8,1440274883719,674,100% bearish,of 1 rating,N/A
HBIO,$4.39,1440274883745,"81,394",Not yet rated,NULL,$10
HWKN,$36.84,1440274883816,"29,157",Not yet rated,NULL,N/A
HDS,$33.08,1440274883960,"1,295,702",100% bearish,of 2 ratings,$39.50
HAYN,$37.88,1440274883988,"48,863",100% bearish,of 1 rating,$59
HCSG,$33.546,1440274884123,"309,474",50% bullish,of 4 ratings,$35
HIIQ,$4.48,1440274884222,"28,731",50% bullish,of 2 ratings,$7
HTLD,$20.165,1440274884267,"492,188",Not yet rated,NULL,$22.50
HQY,$29.27,1440274884301,"394,569",67% bullish,of 3 ratings,$31
HSTM,$24.87,1440274884331,"220,098",50% bullish,of 2 ratings,$33.75
HWAY,$12.48,1440274884364,"386,123",100% bearish,of 1 rating,$15
HTLF,$36.24,1440274884431,"48,371",100% bullish,of 1 rating,$39.50
HTBX,$5.31,1440274884496,"21,712",50% bullish,of 2 ratings,$15.50
HTWR,$83.28,1440274884538,"239,502",50% bullish,of 2 ratings,$103
HSII,$20.17,1440274884642,"59,389",100% bullish,of 3 ratings,$25
HMNY,$2.2261,1440274884772,"2,878",100% bearish,of 1 rating,N/A
HELE,$87.93,1440274884805,"151,548",67% bearish,of 3 ratings,$100
HMTV,$12.84,1440274884844,"12,852",100% bearish,of 1 rating,$16
HSIC,$138.0834,1440274884899,"512,882",83% bullish,of 6 ratings,$146
HCACU,$10.0043,1440274884936,"2,000",Not yet rated,NULL,N/A
HTBK,$11.04,1440274884970,"93,871",Not yet rated,NULL,$12
HNNA,$24.57,1440274885000,"15,081",Not yet rated,NULL,N/A
HERO,$0.06,1440274885069,"5,839,839",81% bullish,of 16 ratings,$.75
HCCI,$11.65,1440274885199,"27,277",100% bearish,of 1 rating,$16.50
HEOP,$7.68,1440274885233,"27,087",Not yet rated,NULL,$8.50
HFWA,$17.74,1440274885331,"62,742",100% bullish,of 1 rating,$20
MLHR,$28.1966,1440274885357,"238,584",50% bullish,of 2 ratings,$33.50
HRTX,$35.05,1440274885386,"839,423",67% bullish,of 6 ratings,$41
HSKA,$33.2,1440274885519,"28,561",100% bearish,of 1 rating,$38
HIBB,$37.37,1440274885547,"1,128,881",100% bearish,of 1 rating,$48.50
HFFC,$16.27,1440274885576,946,Not yet rated,NULL,N/A
HPJ,$2.25,1440274885677,"130,395",75% bullish,of 4 ratings,$12.43
HIHO,$4,1440274885723,"9,057",Not yet rated,NULL,N/A
HIMX,$6.29,1440274885752,"1,170,901",86% bullish,of 21 ratings,$8.50
HIFS,$118.11,1440274885816,"8,734",Not yet rated,NULL,N/A
HMNF,$11.42,1440274885845,"2,480",Not yet rated,NULL,N/A
HSGX,$5.92,1440274885925,"24,278",100% bearish,of 1 rating,$17
HMSY,$8.8389,1440274885993,"1,363,874",67% bullish,of 3 ratings,$19.35
HOLX,$39.74,1440274886058,"2,134,552",67% bullish,of 3 ratings,$42
HBCP,$24.4,1440274886131,"41,618",Not yet rated,NULL,$29
HOLI,$16.9527,1440274886265,"228,631",50% bullish,of 4 ratings,$27
HOMB,$39.23,1440274886291,"321,450",Not yet rated,NULL,$41
AWAY,$29.3662,1440274886431,"943,583",67% bullish,of 3 ratings,$36
HMST,$21.57,1440274886458,"119,006",100% bullish,of 2 ratings,$27
HMIN,$29.096,1440274886483,"61,111",100% bearish,of 2 ratings,$35
HKTV,$4.68,1440274886513,"7,455",100% bearish,of 1 rating,N/A
HFBL,$21.69,1440274886535,"1,800",Not yet rated,NULL,N/A
HOFT,$24.43,1440274886705,"62,910",100% bearish,of 1 rating,N/A
HTBI,$18.39,1440274886733,"70,970",67% bullish,of 3 ratings,$18.625
CETC,$0.77,1440274886754,"45,584",86% bullish,of 7 ratings,N/A
HFBC,$11.61,1440274886793,"2,835",Not yet rated,NULL,N/A
HZNP,$29.2,1440274886886,"2,449,005",85% bullish,of 20 ratings,$40
HBNC,$24.3,1440274886919,"31,745",100% bullish,of 1 rating,$27
HRZN,$10.59,1440274887019,"54,947",100% bearish,of 1 rating,$14.25
HDP,$25.5,1440274887094,"235,894",67% bearish,of 3 ratings,$30.50
HMHC,$22.4,1440274887192,"923,176",Not yet rated,NULL,$27
HWCC,$7.22,1440274887220,"136,206",100% bearish,of 1 rating,$9
ZINC,$7.25,1440274887253,"624,456",100% bearish,of 1 rating,$17
HTGM,$5.59,1440274887388,"9,721",100% bearish,of 1 rating,$19.50
HBMD,$14.95,1440274887414,502,100% bearish,of 1 rating,N/A
HOVNP,NULL,1440274887457,0,100% bearish,of 1 rating,N/A
HUBG,$39.18,1440274887490,"205,184",100% bearish,of 1 rating,$43
HSNI,$60.9227,1440274887546,"239,269",Not yet rated,NULL,$80
HSON,$2.8,1440274887593,"20,391",100% bearish,of 1 rating,$5
HCBK,$9.5789,1440274887690,"2,422,499",83% bullish,of 6 ratings,$8.61
HDSN,$2.81,1440274887736,"30,286",100% bullish,of 1 rating,$6.25
HBAN,$11.11,1440274887833,"6,980,840",76% bullish,of 17 ratings,$12.29
HURC,$29.88,1440274887881,"26,946",100% bearish,of 1 rating,N/A
HBANP,$1337,1440274888013,12,100% bearish,of 1 rating,N/A
HTCH,$1.58,1440274888085,"60,402",100% bearish,of 1 rating,$3.50
HURN,$73.02,1440274888146,"109,473",50% bullish,of 2 ratings,$80
HDRAR,NULL,1440274888187,0,Not yet rated,NULL,N/A
HDRA,NULL,1440274888219,0,Not yet rated,NULL,N/A
HBP,$3.09,1440274888284,"1,457",100% bullish,of 1 rating,N/A
HDRAU,$10.06,1440274888316,100,Not yet rated,NULL,N/A
HDRAW,NULL,1440274888379,0,Not yet rated,NULL,N/A
HYGS,$7.48,1440274888404,"42,666",50% bullish,of 2 ratings,$13
IACI,$71.15,1440274888550,"768,044",75% bullish,of 4 ratings,$90
IDSY,$3.85,1440274888681,"6,888",100% bearish,of 1 rating,$7
IBKC,$60.3428,1440274888710,"191,218",100% bullish,of 1 rating,$70
IKGH,$1.81,1440274888737,"12,492",75% bullish,of 4 ratings,N/A
IEP,$67.43,1440274888764,"123,610",75% bullish,of 4 ratings,$99
ICAD,$3.54,1440274888792,"22,041",50% bullish,of 2 ratings,$7.25
ICFI,$35.71,1440274888817,"104,061",50% bullish,of 2 ratings,$48.50
ICON,$12.25,1440274888926,"780,798",50% bullish,of 2 ratings,$18.50
ICLR,$77.7434,1440274888998,"297,930",100% bearish,of 3 ratings,$85
ICUI,$115.51,1440274889130,"147,406",Not yet rated,NULL,$122
IDXX,$74.1911,1440274889202,"439,447",100% bearish,of 1 rating,$77
INVE,$4.66,1440274889268,"109,550",75% bullish,of 4 ratings,$4
IPWR,$7.36,1440274889294,"3,392",100% bullish,of 1 rating,$15
IDRA,$2.52,1440274889344,"1,118,091",89% bullish,of 9 ratings,$6.50
IROQ,$16.68,1440274889369,502,100% bullish,of 1 rating,N/A
IRG,$4.73,1440274889442,"29,774",100% bearish,of 1 rating,$4.50
DSKY,$12.1367,1440274889504,"291,194",67% bullish,of 6 ratings,$11.50
IIVI,$17.63,1440274889531,"240,082",100% bearish,of 1 rating,$22
IKAN,$2.73,1440274889694,"14,561",83% bullish,of 6 ratings,$5
RXDX,$12.57,1440274889756,"107,394",100% bullish,of 1 rating,$20
ILMN,$199.29,1440274889782,"1,014,627",80% bullish,of 5 ratings,$240
IKNX,$11.46,1440274889820,722,100% bearish,of 1 rating,N/A
ISNS,$3.82,1440274889846,"67,780",50% bullish,of 2 ratings,N/A
KANG,$15,1440274889911,"344,010",50% bullish,of 2 ratings,$22.55
IMMR,$11.38,1440274889959,"215,531",80% bullish,of 5 ratings,$15.50
ICCC,$8.05,1440274890092,"7,929",100% bullish,of 1 rating,N/A
IMDZ,$15.49,1440274890140,"55,028",100% bearish,of 1 rating,$33
IMGN,$13.07,1440274890192,"1,107,990",75% bullish,of 4 ratings,$17.50
IMNP,$1.38,1440274890225,"103,462",50% bullish,of 2 ratings,$6
IMMU,$1.87,1440274890279,"975,603",86% bullish,of 7 ratings,$2
IPXL,$43.4148,1440274890319,"694,109",67% bullish,of 3 ratings,$46.50
IMMY,$7.49,1440274890352,"6,448",100% bearish,of 1 rating,$11
INCR,$42.36,1440274890381,"1,097,736",50% bullish,of 2 ratings,$53
SAAS,$7.7296,1440274890460,"487,787",50% bullish,of 2 ratings,$15
INCY,$104.2975,1440274890520,"711,350",50% bullish,of 6 ratings,$125.50
IBCP,$14.21,1440274890622,"66,760",100% bullish,of 1 rating,$14.50
INDB,$46.44,1440274890648,"91,428",Not yet rated,NULL,$44
IBTX,$42.68,1440274890727,"39,240",100% bullish,of 2 ratings,$47.25
INFN,$21.08,1440274890799,"2,781,964",71% bullish,of 7 ratings,$28
IDSA,$3.64,1440274890865,174,Not yet rated,NULL,N/A
INFI,$9.44,1440274890901,"820,535",50% bullish,of 4 ratings,$18
III,$4.14,1440274890967,"158,901",57% bullish,of 7 ratings,$6
IMKTA,$52.89,1440274890993,"113,692",100% bearish,of 1 rating,N/A
IPCC,$79.97,1440274891023,"44,593",Not yet rated,NULL,$77.50
IFON,$1.23,1440274891071,"45,196",75% bullish,of 4 ratings,N/A
INWK,$7.33,1440274891124,"164,366",50% bullish,of 2 ratings,$10
INOD,$2.48,1440274891258,"19,784",100% bearish,of 1 rating,N/A
INNL,NULL,1440274891328,0,100% bearish,of 1 rating,$16.50
IPHS,$47.91,1440274891460,"90,391",100% bearish,of 1 rating,$60
ISSC,$2.92,1440274891518,"8,615",67% bearish,of 3 ratings,N/A
IOSP,$46.19,1440274891543,"4,359,888",100% bearish,of 1 rating,N/A
INGN,$49.39,1440274891602,"168,397",100% bearish,of 1 rating,$50.50
ITEK,$13.7368,1440274891735,"780,060",100% bearish,of 3 ratings,$20
INOV,$20.95,1440274891769,"349,429",100% bearish,of 1 rating,$33
NSIT,$25.94,1440274891803,"161,989",50% bullish,of 2 ratings,N/A
INO,$7.07,1440274891867,"991,184",89% bullish,of 18 ratings,$20
ISIG,$2.58,1440274891892,"12,103",100% bearish,of 1 rating,N/A
PODD,$28.7,1440274891925,"377,984",50% bullish,of 2 ratings,$35
IIIN,$18,1440274891953,"160,188",100% bearish,of 2 ratings,N/A
INSM,$24.29,1440274891974,"376,220",71% bullish,of 7 ratings,$31.50
NTEC,$5.94,1440274892104,"22,000",Not yet rated,NULL,N/A
INSY,$32.5,1440274892134,"744,412",75% bullish,of 4 ratings,$48
IDTI,$17.29,1440274892240,"2,463,021",60% bullish,of 5 ratings,$25
IART,$60.71,1440274892265,"233,404",100% bearish,of 1 rating,$71.50
IESC,$7.27,1440274892408,"1,500",100% bearish,of 1 rating,N/A
ISSI,$22.3,1440274892435,"296,636",67% bullish,of 3 ratings,$19.75
IPAR,$27.27,1440274892505,"59,510",67% bullish,of 3 ratings,$38
INTC,$26.7,1440274892532,"36,675,246",82% bullish,of 238 ratings,$36
ICPT,$190.6771,1440274892565,"265,072",70% bullish,of 10 ratings,$359.50
IPCI,$2.12,1440274892593,"35,773",67% bullish,of 6 ratings,$7.75
IQNT,$19.28,1440274892664,"257,467",86% bullish,of 7 ratings,$20
IBKR,$38.66,1440274892689,"576,484",100% bullish,of 1 rating,N/A
ICLDW,$0.9601,1440274892830,"1,250",100% bearish,of 1 rating,N/A
IDCC,$47.38,1440274892872,"294,240",80% bullish,of 5 ratings,$63
ININ,$37,1440274892903,"115,076",67% bearish,of 3 ratings,$57
ICLD,$1.87,1440274892931,"413,066",75% bullish,of 4 ratings,N/A
TILE,$24.33,1440274893012,"583,565",67% bearish,of 3 ratings,$27
IMI,$2.13,1440274893115,"9,131",67% bullish,of 3 ratings,$2.22
IBOC,$26.0269,1440274893245,"200,228",100% bearish,of 1 rating,N/A
ISCA,$31.76,1440274893303,"75,500",100% bearish,of 1 rating,N/A
IIJI,$8.9299,1440274893329,"1,000",50% bullish,of 2 ratings,$11.50
INAP,$8.27,1440274893357,"157,177",75% bullish,of 4 ratings,$11
INPH,$0.3099,1440274893389,"9,140",50% bullish,of 2 ratings,N/A
IGLD,$7.15,1440274893415,"2,377",50% bullish,of 2 ratings,N/A
PTNT,$3.05,1440274893488,"4,282",Not yet rated,NULL,N/A
XENT,$27.72,1440274893558,"196,800",50% bullish,of 2 ratings,$36.50
INTX,$2.44,1440274893693,"40,947",67% bullish,of 3 ratings,N/A
IVAC,$4.89,1440274893721,"16,408",Not yet rated,NULL,$6.625
ISIL,$10.2,1440274893767,"911,504",50% bullish,of 6 ratings,$15
IILG,$20.03,1440274893793,"307,013",100% bearish,of 1 rating,$30.50
INTL,$25.88,1440274893929,"119,017",67% bearish,of 3 ratings,N/A
INTLL,$25.77,1440274893957,"1,100",Not yet rated,NULL,N/A
IIN,$6.38,1440274894042,"6,399",100% bearish,of 1 rating,$12
INVT,$0.2713,1440274894106,"28,221",67% bullish,of 3 ratings,N/A
INTU,$89.98,1440274894144,"5,254,872",86% bullish,of 7 ratings,$110.50
SNAK,$8.47,1440274894174,"286,014",50% bullish,of 2 ratings,$14
ISRG,$506.65,1440274894202,"238,287",67% bullish,of 3 ratings,$600
ITCI,$28.5,1440274894234,"400,140",75% bearish,of 4 ratings,$40
ISTR,$15.85,1440274894306,"2,506",100% bearish,of 1 rating,$18.50
ISBC,$11.8686,1440274894378,"2,158,729",100% bullish,of 1 rating,$13.25
ITIC,$71.35,1440274894407,16,100% bearish,of 2 ratings,N/A
NVIV,$9.83,1440274894508,"458,296",50% bullish,of 4 ratings,$24.50
IPAS,$1.01,1440274894662,"153,876",67% bullish,of 3 ratings,N/A
IVTY,$12.69,1440274894730,"13,088",Not yet rated,NULL,$18
IPCM,$79.5,1440274894757,"605,193",50% bullish,of 2 ratings,$80.125
IPGP,$84.18,1440274894810,"196,618",100% bearish,of 2 ratings,$109.50
DFVL,NULL,1440274894837,0,Not yet rated,NULL,N/A
IRMD,$25.1,1440274894891,"16,337",67% bearish,of 3 ratings,$25
DTUL,NULL,1440274894921,0,Not yet rated,NULL,N/A
IRIX,$7.16,1440274894978,"14,066",100% bearish,of 1 rating,N/A
IRDM,$6.69,1440274895021,"599,667",60% bullish,of 5 ratings,$11.50
IRBT,$29.9,1440274895107,"240,464",67% bullish,of 6 ratings,$37
IRWD,$10.95,1440274895143,"1,059,107",100% bearish,of 1 rating,$13
IRDMB,$266.65,1440274895164,"1,378",67% bearish,of 3 ratings,N/A
COMT,$32.24,1440274895239,"20,256",100% bearish,of 1 rating,N/A
IRCP,$32,1440274895298,651,100% bullish,of 2 ratings,N/A
GNMA,$50.25,1440274895381,"2,022",Not yet rated,NULL,N/A
FCHI,$47.8,1440274895465,"4,334",Not yet rated,NULL,N/A
IFAS,$28.76,1440274895512,"9,892",Not yet rated,NULL,N/A
IFEU,$39.05,1440274895539,"52,081",Not yet rated,NULL,N/A
ACWX,$40.41,1440274895689,"332,696",100% bearish,of 1 rating,N/A
IFGL,$28.84,1440274895715,"124,298",Not yet rated,NULL,N/A
IFNA,$56.26,1440274895780,2,Not yet rated,NULL,N/A
AAXJ,$52.27,1440274895810,"1,955,125",Not yet rated,NULL,N/A
AXJS,NULL,1440274895845,0,Not yet rated,NULL,N/A
ACWI,$55.66,1440274895911,"1,415,661",Not yet rated,NULL,N/A
AAIT,$30.53,1440274895970,"1,424",100% bullish,of 1 rating,N/A
EEME,$38.47,1440274895991,"1,248",100% bearish,of 1 rating,N/A
EMDI,$46.16,1440274896040,300,Not yet rated,NULL,N/A
EEMA,$48.76,1440274896125,"380,775",Not yet rated,NULL,N/A
EGRW,$47,1440274896270,"2,678",Not yet rated,NULL,N/A
EMEY,$24.77,1440274896295,200,Not yet rated,NULL,N/A
EVAL,$36.84,1440274896427,"4,617",Not yet rated,NULL,N/A
EEML,$27.35,1440274896454,700,Not yet rated,NULL,N/A
EUFN,$21.91,1440274896475,"205,824",100% bearish,of 1 rating,N/A
IEUS,$45.52,1440274896508,"8,328",100% bearish,of 1 rating,N/A
UAE,$17.61,1440274896617,"11,802",Not yet rated,NULL,N/A
QAT,$20.45,1440274896683,"23,345",Not yet rated,NULL,N/A
IBB,$340.47,1440274896711,"2,475,808",63% bullish,of 8 ratings,N/A
SOXX,$78.63,1440274896754,"710,879",50% bullish,of 2 ratings,N/A
EMIF,$28.27,1440274896785,"15,998",Not yet rated,NULL,N/A
WOOD,$49.3,1440274896887,"53,527",50% bullish,of 2 ratings,N/A
ICLN,$9.42,1440274896917,"40,619",50% bullish,of 2 ratings,N/A
INDY,$27.85,1440274897016,"903,318",50% bullish,of 2 ratings,N/A
ISHG,$80.2,1440274897203,"83,600",100% bearish,of 1 rating,N/A
ISRL,$128.55,1440274897258,"1,003",100% bearish,of 1 rating,N/A
ISIS,$47.09,1440274897288,"1,346,021",53% bullish,of 15 ratings,$67
IGOV,$92.1372,1440274897318,"25,494",100% bearish,of 1 rating,N/A
ITRN,$24.7,1440274897387,"30,305",50% bullish,of 2 ratings,N/A
ITRI,$31.94,1440274897414,"253,746",Not yet rated,NULL,$37
ITUS,$4.16,1440274897463,"6,967",Not yet rated,NULL,N/A
ISLE,$16.59,1440274897489,"295,431",50% bullish,of 4 ratings,$16
XXIA,$15.37,1440274897622,"314,105",71% bullish,of 7 ratings,$14.625
IXYS,$10.57,1440274897650,"247,242",50% bullish,of 4 ratings,N/A
JBHT,$76.18,1440274897687,"901,669",50% bullish,of 4 ratings,$89.50
MAYS,NULL,1440274897783,0,Not yet rated,NULL,N/A
JJSF,$113.14,1440274897811,"100,391",100% bearish,of 1 rating,N/A
JCOM,$69.56,1440274897838,"218,346",100% bullish,of 2 ratings,$77
JACK,$81.43,1440274898078,"546,557",83% bullish,of 6 ratings,$105
JKHY,$68.27,1440274898115,"285,534",50% bullish,of 2 ratings,$72
JAXB,$12.76,1440274898147,"1,300",100% bullish,of 1 rating,N/A
JASO,$7,1440274898176,"1,435,775",82% bullish,of 17 ratings,$10
JXSB,$24.05,1440274898250,742,Not yet rated,NULL,N/A
JRVR,$26.32,1440274898317,"51,011",Not yet rated,NULL,$32
JAKK,$9.07,1440274898338,"491,312",60% bearish,of 5 ratings,$11
JAGX,$2.5784,1440274898371,"18,491",Not yet rated,NULL,N/A
JMBA,$13.18,1440274898421,"107,503",75% bullish,of 4 ratings,$18
ERW,NULL,1440274898552,0,Not yet rated,NULL,N/A
JASN,$4.81,1440274898584,"34,092",50% bullish,of 2 ratings,$9.50
JAZZ,$170.2996,1440274898647,"486,735",80% bullish,of 15 ratings,$206.50
JASNW,$0.18,1440274898678,"12,833",50% bullish,of 2 ratings,N/A
JD,$25.2,1440274898780,"9,448,374",75% bullish,of 16 ratings,$36
JBLU,$21.8,1440274898835,"7,445,018",94% bullish,of 17 ratings,$27
JCTCF,NULL,1440274898935,0,100% bullish,of 1 rating,N/A
DATE,$6.47,1440274898961,"197,033",75% bullish,of 4 ratings,$9
JTPY,$3.02,1440274899007,"5,165",100% bearish,of 1 rating,N/A
JST,$4,1440274899110,"43,984",75% bullish,of 4 ratings,N/A
WYIGU,$10.0227,1440274899179,100,Not yet rated,NULL,N/A
JIVE,$4.1,1440274899206,"633,964",75% bullish,of 4 ratings,$5
JOEZ,$0.185,1440274899244,"70,020",92% bullish,of 12 ratings,N/A
JOUT,$23.01,1440274899342,"16,294",100% bearish,of 1 rating,$34
JBSS,$48.96,1440274899367,"138,677",67% bearish,of 3 ratings,N/A
