Symbol,Price,Date,Volume,Rating,RatingVoteCount,OneYearEstimate
TFSCW,NULL,1440105002132,0,100% bearish,of 1 rating,N/A
FCCY,$11.47,1440105002158,"1,242",100% bullish,of 1 rating,$13
TFSCR,NULL,1440105002215,0,Not yet rated,NULL,N/A
FCTY,$7.6,1440105002251,"2,500",100% bullish,of 1 rating,$8.50
FLWS,$9.45,1440105002294,"200,268",100% bullish,of 5 ratings,$15
TFSCU,NULL,1440105002348,0,Not yet rated,NULL,N/A
TFSC,$9.73,1440105002378,400,100% bearish,of 1 rating,N/A
PIH,$7.48,1440105002409,"4,464",100% bearish,of 1 rating,N/A
DGLD,$77.3,1440105002485,"14,392",100% bullish,of 1 rating,N/A
TWOU,$34.66,1440105002515,"261,015",50% bullish,of 2 ratings,$39
DSLV,$58.3609,1440105002558,"38,117",100% bearish,of 1 rating,N/A
UGLD,$9.74,1440105002648,"250,966",100% bearish,of 1 rating,N/A
SRCE,$29.99,1440105002688,"19,697",100% bullish,of 3 ratings,$33
VNET,$19.9,1440105002730,"502,789",60% bullish,of 5 ratings,$29.50
JOBS,$25.8608,1440105002822,"290,724",50% bullish,of 4 ratings,$36
USLV,$15.3443,1440105002953,"466,686",86% bullish,of 7 ratings,N/A
SIXD,$1.95,1440105003091,"76,509",Not yet rated,NULL,N/A
EGHT,$8.2,1440105003129,"284,208",82% bullish,of 17 ratings,$11
SHLM,$35.42,1440105003183,"91,830",100% bearish,of 1 rating,$50
AVHI,$13.9,1440105003223,"228,516",100% bearish,of 1 rating,$19
CAFD,$15.5,1440105003249,"184,071",Not yet rated,NULL,$25
AAON,$22.28,1440105003282,"67,734",100% bearish,of 1 rating,$24
ABAX,$47.3,1440105003315,"145,427",100% bearish,of 1 rating,$60
ABGB,$3.91,1440105003403,"98,282",67% bullish,of 3 ratings,$5.50
ABY,$20.39,1440105003432,"239,682",100% bearish,of 2 ratings,$46
ABEO,$5.01,1440105003602,"186,771",67% bullish,of 3 ratings,$15.50
ABEOW,$1.69,1440105003649,"1,600",100% bullish,of 1 rating,N/A
ABMD,$102.19,1440105003697,"341,618",75% bullish,of 4 ratings,$100.50
AXAS,$1.62,1440105003845,"499,513",78% bullish,of 9 ratings,$3.50
ACTG,$8.79,1440105003873,"296,845",67% bullish,of 3 ratings,$18.50
ACAD,$35.99,1440105003943,"839,329",80% bullish,of 20 ratings,$48
ACHC,$76.08,1440105003973,"552,381",50% bullish,of 2 ratings,$92
AXDX,$18.34,1440105004033,"139,237",100% bearish,of 1 rating,N/A
XLRN,$28.5,1440105004072,"92,321",50% bullish,of 2 ratings,$57
ANCX,$18.77,1440105004160,"27,497",Not yet rated,NULL,$19
ACST,$0.3601,1440105004205,"48,800",100% bullish,of 2 ratings,N/A
ARAY,$6.25,1440105004261,"1,160,021",100% bearish,of 1 rating,$10.50
VXDN,$13.65,1440105004336,"3,915",Not yet rated,NULL,N/A
ACRX,$4.12,1440105004467,"289,903",67% bearish,of 6 ratings,$5.50
VXUP,$18.1,1440105004495,"19,530",Not yet rated,NULL,N/A
ACET,$24.94,1440105004645,"77,728",75% bullish,of 4 ratings,$30
AKAO,$7.12,1440105004676,"55,909",75% bullish,of 4 ratings,$15
ACHN,$7.97,1440105004707,"1,487,212",90% bullish,of 21 ratings,$16
ACIW,$22.0973,1440105004780,"349,319",50% bullish,of 2 ratings,$24
ACOR,$29.21,1440105004805,"331,719",67% bearish,of 3 ratings,$38.50
ACNB,$20.15,1440105004835,644,Not yet rated,NULL,N/A
ACTS,$1.35,1440105004862,"39,985",100% bearish,of 1 rating,N/A
ACPW,$1.86,1440105004995,"10,435",100% bullish,of 4 ratings,$3.50
ATVI,$27.85,1440105005023,"3,741,914",68% bullish,of 84 ratings,$31.50
ACUR,$0.63,1440105005160,"19,760",100% bullish,of 5 ratings,$1
ADMS,$19.85,1440105005229,"64,937",100% bearish,of 2 ratings,$36
ACTA,$13.26,1440105005329,"123,470",67% bearish,of 3 ratings,$25
ACXM,$20.3576,1440105005356,"244,729",67% bullish,of 3 ratings,N/A
ADMP,$3.51,1440105005494,"5,787",50% bullish,of 2 ratings,$10
ADAP,$14.77,1440105005594,"56,608",67% bullish,of 3 ratings,$22
ADUS,$29.25,1440105005624,"73,164",100% bearish,of 1 rating,$31
ADMA,$9.27,1440105005658,"3,611",Not yet rated,NULL,$19
ADEP,$6.95,1440105005687,"34,202",50% bullish,of 2 ratings,$10.75
AEY,$2.33,1440105005761,"5,831",100% bearish,of 2 ratings,N/A
ADTN,$15.63,1440105005793,"354,946",67% bullish,of 3 ratings,$17.125
ADBE,$82.69,1440105005929,"1,877,435",65% bullish,of 17 ratings,$90
AMD,$1.6998,1440105005961,"8,552,133",83% bullish,of 102 ratings,$2
ADRO,$20.12,1440105006066,"166,132",80% bullish,of 5 ratings,$45.50
AEIS,$25.26,1440105006093,"184,997",50% bullish,of 2 ratings,$32.50
ADXS,$14.21,1440105006176,"637,556",64% bullish,of 14 ratings,$27
ADXSW,$9.69,1440105006348,"5,442",100% bullish,of 1 rating,N/A
MULT,NULL,1440105006377,0,100% bearish,of 1 rating,N/A
AEGR,$17.7,1440105006480,"350,508",50% bullish,of 6 ratings,$26
YPRO,$23.24,1440105006519,"1,927",100% bearish,of 1 rating,N/A
AEHR,$2.12,1440105006545,"2,436",50% bullish,of 2 ratings,N/A
AMTX,$3.45,1440105006575,"11,999",50% bullish,of 2 ratings,$26.11
AEGN,$18.57,1440105006614,"188,822",100% bearish,of 1 rating,$21
AVAV,$24.52,1440105006717,"123,075",50% bullish,of 4 ratings,$31
AEZS,$0.114,1440105006773,"6,484,715",90% bullish,of 21 ratings,$1.50
AEMD,$6.58,1440105006880,"27,318",Not yet rated,NULL,$27.50
AERI,$15.63,1440105006906,"278,527",75% bullish,of 4 ratings,$31.50
AEPI,$57.15,1440105006936,"16,188",100% bearish,of 1 rating,N/A
AFFX,$9.24,1440105007037,"292,184",80% bullish,of 5 ratings,$12
AFMD,$10.1,1440105007064,"174,033",50% bullish,of 4 ratings,$15
AGEN,$7.1,1440105007102,"848,358",85% bullish,of 13 ratings,$14
AGRX,$8.25,1440105007237,"40,861",100% bearish,of 1 rating,$17.50
AGIO,$84.01,1440105007267,"329,476",88% bullish,of 8 ratings,$114
AGFS,$9.65,1440105007370,"178,933",100% bearish,of 1 rating,N/A
AGFSW,$1.75,1440105007419,"16,445",100% bearish,of 2 ratings,N/A
AGYS,$9.52,1440105007449,"41,819",100% bearish,of 1 rating,N/A
AIMT,$22,1440105007551,"119,511",Not yet rated,NULL,N/A
AIRM,$37.22,1440105007628,"197,002",80% bearish,of 5 ratings,$53
AIRT,$22.6,1440105007683,"2,227",100% bullish,of 1 rating,N/A
ATSG,$9.27,1440105007710,"125,277",67% bullish,of 3 ratings,$13
AMCN,$5,1440105007732,"394,828",83% bullish,of 6 ratings,N/A
AKAM,$69.78,1440105007889,"1,377,711",63% bullish,of 8 ratings,$77
AIXG,$6.03,1440105007923,"15,146",67% bearish,of 3 ratings,$6
AKBA,$6.32,1440105008020,"231,755",100% bearish,of 1 rating,$18
AKRX,$41.515,1440105008049,"593,039",78% bullish,of 9 ratings,$56
AKER,$2.8,1440105008084,"4,927",Not yet rated,NULL,N/A
ALRM,$16.76,1440105008187,"138,968",100% bearish,of 1 rating,$22
ALSK,$2.15,1440105008219,"62,009",78% bullish,of 18 ratings,$2
AMRI,$19.96,1440105008247,"286,313",75% bearish,of 4 ratings,$24
ABDC,$12.79,1440105008319,"11,142",Not yet rated,NULL,$15
ALDX,$7.45,1440105008498,"10,360",100% bearish,of 1 rating,$14.50
ADHD,$8.52,1440105008528,"155,556",50% bullish,of 4 ratings,$18
ALDR,$36.46,1440105008566,"335,052",67% bearish,of 3 ratings,$62
ALXN,$178.5986,1440105008596,"857,971",88% bullish,of 8 ratings,$223
ALXA,$1.11,1440105008624,"17,114",83% bullish,of 6 ratings,$2.125
ALGN,$58.013,1440105008769,"336,353",100% bearish,of 2 ratings,$73
ALCO,$42.35,1440105008821,"6,096",50% bullish,of 2 ratings,N/A
ALIM,$3.28,1440105008855,"81,197",80% bullish,of 5 ratings,$10
ALLB,$23.44,1440105008999,"3,404",Not yet rated,NULL,N/A
ALKS,$62.79,1440105009065,"524,360",67% bullish,of 3 ratings,$75
AIQ,$14.7,1440105009092,"9,719",67% bullish,of 3 ratings,N/A
AFOP,$17.72,1440105009120,"126,744",75% bullish,of 8 ratings,$21
ALGT,$219.92,1440105009175,"103,292",100% bearish,of 1 rating,$235
ARLP,$24.85,1440105009314,"136,434",67% bearish,of 3 ratings,$32
AHPI,$1.44,1440105009459,"3,583",50% bullish,of 2 ratings,N/A
AHGP,$37.06,1440105009486,"45,669",67% bullish,of 3 ratings,N/A
AMOT,$16.26,1440105009515,"48,892",100% bearish,of 1 rating,N/A
ALLT,$5.06,1440105009542,"63,779",75% bullish,of 4 ratings,$6.25
ALQA,$4.5,1440105009574,"46,431",75% bullish,of 4 ratings,$8.50
MDRX,$13.7683,1440105009677,"1,496,403",60% bullish,of 5 ratings,$16
AFAM,$47.06,1440105009710,"67,048",50% bullish,of 2 ratings,$44
ALNY,$101.81,1440105009806,"588,015",67% bullish,of 3 ratings,$148.50
SMCP,NULL,1440105009906,0,Not yet rated,NULL,N/A
ALTR,$48.65,1440105009989,"1,657,268",80% bearish,of 5 ratings,$54
ATEC,$0.575,1440105010040,"48,935",100% bullish,of 1 rating,$2
AOSL,$7.2,1440105010168,"72,844",67% bullish,of 3 ratings,$9
AIMC,$25.49,1440105010196,"39,158",100% bearish,of 1 rating,$28.50
ASPS,$29.3,1440105010227,"89,242",67% bullish,of 3 ratings,$46.50
AMAG,$61.71,1440105010324,"245,427",100% bullish,of 2 ratings,$77.50
AMRN,$2.03,1440105010353,"1,485,129",85% bullish,of 39 ratings,$8
AYA,$22.07,1440105010421,"23,491",100% bearish,of 1 rating,$40
AMZN,$515.77,1440105010485,"2,411,076",81% bullish,of 263 ratings,$646
AMRK,$10.61,1440105010513,100,50% bullish,of 2 ratings,$14
AMBC,$15.77,1440105010735,"216,230",100% bearish,of 1 rating,$16.50
AMBA,$96.25,1440105010768,"1,695,567",83% bullish,of 12 ratings,$102.50
EPAX,$2.66,1440105010797,"30,375",100% bearish,of 1 rating,N/A
AMBCW,$7.24,1440105010823,"2,675",100% bearish,of 1 rating,N/A
DOX,$59,1440105010873,"198,092",100% bullish,of 2 ratings,$60
AMDA,$0.5,1440105011031,"1,019,707",90% bullish,of 10 ratings,$1
AMCX,$69.6416,1440105011082,"689,933",67% bullish,of 3 ratings,$85.50
AMED,$40.72,1440105011109,"336,597",100% bearish,of 1 rating,$42
ASBI,$22.5,1440105011184,614,Not yet rated,NULL,N/A
UHAL,$372.8799,1440105011243,"11,834",100% bullish,of 2 ratings,$393.50
ATAX,$5.24,1440105011276,"106,162",100% bullish,of 1 rating,$6.50
AAL,$41.95,1440105011329,"5,397,203",93% bullish,of 87 ratings,$57
AMOV,$18.25,1440105011376,"6,984",100% bearish,of 1 rating,N/A
AGNC,$19.97,1440105011513,"3,321,429",75% bullish,of 28 ratings,$22
AGNCP,$25.38,1440105011571,"35,299",Not yet rated,NULL,N/A
AGNCB,$24.21,1440105011618,"49,167",Not yet rated,NULL,N/A
MTGE,$15.95,1440105011671,"211,716",75% bullish,of 4 ratings,$19.50
MTGEP,NULL,1440105011775,0,Not yet rated,NULL,N/A
ACSF,$12.63,1440105011823,"14,789",100% bearish,of 1 rating,$15
ACAS,$14.0527,1440105011908,"1,134,296",60% bullish,of 5 ratings,$16.75
AMIC,$10.06,1440105012014,2,Not yet rated,NULL,N/A
AETI,NULL,1440105012042,0,67% bearish,of 3 ratings,N/A
ANCI,$1.61,1440105012068,"4,300",100% bearish,of 1 rating,N/A
AMNB,$22.85,1440105012096,"14,166",Not yet rated,NULL,$25.50
ANAT,$101.8896,1440105012270,"12,866",100% bullish,of 1 rating,N/A
APEI,$21.66,1440105012311,"63,998",100% bearish,of 1 rating,$25.50
ARII,$38.57,1440105012337,"163,280",67% bearish,of 3 ratings,$45
AMRB,$9.97,1440105012481,"2,251",Not yet rated,NULL,$11
ASEI,$39.06,1440105012564,"53,121",100% bearish,of 1 rating,$52.50
AMSWA,$9.04,1440105012626,"32,924",100% bearish,of 2 ratings,$10.75
AMSC,$3.61,1440105012658,"45,124",50% bullish,of 4 ratings,N/A
AMWD,$60.31,1440105012758,"233,503",50% bullish,of 2 ratings,$58
CRMT,$41.68,1440105012789,"30,311",100% bearish,of 1 rating,$49
ABCB,$27.7,1440105012858,"76,434",Not yet rated,NULL,$31
AMSF,$50.31,1440105012885,"53,948",Not yet rated,NULL,$57.50
ASRV,$3.22,1440105013020,"1,805",100% bullish,of 2 ratings,N/A
ATLO,$23.63,1440105013049,"7,700",Not yet rated,NULL,N/A
ASRVP,$27.97,1440105013153,350,Not yet rated,NULL,N/A
FOLD,$15.06,1440105013184,"757,486",56% bullish,of 9 ratings,$21
AMKR,$4.21,1440105013325,"767,821",100% bearish,of 2 ratings,$5
AMGN,$160.39,1440105013354,"2,504,422",89% bullish,of 19 ratings,$185
AMPH,$13.88,1440105013376,"161,836",50% bullish,of 2 ratings,$20
AMSG,$81.33,1440105013406,"247,519",100% bearish,of 1 rating,$85.50
ASYS,$5.35,1440105013565,"46,803",67% bullish,of 3 ratings,$12
AMSGP,$156.6576,1440105013610,"20,000",Not yet rated,NULL,N/A
AFSI,$63.1374,1440105013697,"559,648",60% bullish,of 5 ratings,$72
AMRS,$1.62,1440105013766,"77,955",70% bullish,of 10 ratings,N/A
ANAC,$128.83,1440105013826,"410,345",80% bullish,of 5 ratings,$180.50
ANAD,$0.3789,1440105013904,"173,773",100% bullish,of 2 ratings,$.50
ALOG,$84.68,1440105014007,"90,565",100% bearish,of 2 ratings,$100.50
ANCB,$22.4,1440105014045,100,Not yet rated,NULL,$23
ADI,$53.82,1440105014139,"3,664,767",67% bullish,of 3 ratings,$69
AMCF,$0.299,1440105014167,"1,726",100% bullish,of 7 ratings,N/A
ABCW,$39.86,1440105014197,"11,990",67% bullish,of 3 ratings,N/A
ANGI,$4.42,1440105014296,"434,229",64% bullish,of 11 ratings,$5.50
ANIP,$50.37,1440105014337,"168,134",89% bullish,of 19 ratings,$66
ANGO,$14.59,1440105014366,"54,415",67% bullish,of 3 ratings,$19
ANIK,$34.9,1440105014509,"67,603",60% bullish,of 5 ratings,$51.25
ANSS,$93.2288,1440105014642,"240,495",100% bearish,of 1 rating,$100
ANTH,$7.8,1440105014822,"810,022",80% bullish,of 10 ratings,$13
ATRS,$1.8,1440105014848,"377,562",92% bullish,of 12 ratings,$4.50
APIC,$6.92,1440105014870,"244,493",100% bearish,of 1 rating,$19
ATNY,$2.34,1440105014901,"6,298",50% bullish,of 2 ratings,$3.75
ABAC,$0.78,1440105014923,"8,650",100% bearish,of 1 rating,N/A
AINV,$6.5267,1440105015197,"1,256,347",50% bullish,of 4 ratings,$8
APOG,$51.65,1440105015226,"108,334",100% bullish,of 1 rating,$62
APOL,$11.1987,1440105015278,"905,253",87% bearish,of 68 ratings,$14
APPF,$17.18,1440105015361,"32,349",50% bullish,of 2 ratings,$22
AAPL,$112.41,1440105015410,"41,683,286",86% bullish,of 2335 ratings,$150
ARCI,$1.26,1440105015758,500,Not yet rated,NULL,N/A
APDN,$3.24,1440105015789,"34,956",Not yet rated,NULL,$9
AMAT,$15.92,1440105015811,"7,745,400",82% bullish,of 11 ratings,$23
APDNW,$1.21,1440105015846,"4,844",Not yet rated,NULL,N/A
AGTC,$14.98,1440105015875,"113,147",50% bullish,of 2 ratings,$33
AMCC,$5.09,1440105015902,"719,979",80% bullish,of 5 ratings,$8
APTO,$4.93,1440105015956,"6,270",Not yet rated,NULL,$17
AQMS,$4.88,1440105016292,"21,440",Not yet rated,NULL,N/A
AREX,$2.31,1440105016370,"488,872",100% bearish,of 1 rating,$3
AAOI,$20.33,1440105016396,"232,440",50% bullish,of 4 ratings,$26
APRI,$1.44,1440105016432,"478,083",83% bullish,of 6 ratings,$4.86
AUMA,NULL,1440105016453,0,Not yet rated,NULL,N/A
AQXP,$17.05,1440105016488,"474,395",50% bullish,of 2 ratings,$2
AUMAU,$9.91,1440105016528,"4,292",Not yet rated,NULL,N/A
ABUS,$7.28,1440105016946,"313,158",86% bullish,of 14 ratings,$23
AUMAW,NULL,1440105016974,0,Not yet rated,NULL,N/A
ARDM,$7.09,1440105016996,"4,888",100% bullish,of 1 rating,$26
PETX,$16.87,1440105017127,"236,601",100% bearish,of 2 ratings,$26
ARCW,$3.64,1440105017153,"15,222",100% bearish,of 2 ratings,$10.50
ABIO,$0.9,1440105017283,"135,160",50% bullish,of 2 ratings,$3.75
ARCB,$30.41,1440105017311,"153,133",50% bullish,of 2 ratings,$39.50
RKDA,$5.58,1440105017400,"10,904",100% bearish,of 2 ratings,$10
ACAT,$27.82,1440105017443,"130,723",100% bearish,of 3 ratings,$33
ARNA,$2.81,1440105017473,"2,077,749",90% bullish,of 77 ratings,$5.50
ACGL,$72.0356,1440105017580,"238,160",50% bullish,of 2 ratings,$72
ARCC,$15.71,1440105017631,"907,596",67% bearish,of 3 ratings,$17.875
ARDX,$17.29,1440105017954,"69,640",50% bullish,of 2 ratings,$24.50
AGII,$58.41,1440105018233,"114,944",Not yet rated,NULL,$59.50
AGIIL,$25.48,1440105018335,"2,946",Not yet rated,NULL,N/A
ARGS,$5.32,1440105018581,"98,695",50% bullish,of 2 ratings,$19.50
ARIS,$3.46,1440105019052,"3,865",Not yet rated,NULL,$4.50
ARWA,NULL,1440105019082,0,Not yet rated,NULL,N/A
ARMH,$41.33,1440105019105,"1,118,524",54% bearish,of 13 ratings,$61
ARIA,$6.66,1440105019126,"2,431,855",87% bullish,of 46 ratings,$9
ARKR,$25.33,1440105019168,5,50% bullish,of 2 ratings,N/A
ARWAR,NULL,1440105019189,0,Not yet rated,NULL,N/A
ARTX,$1.47,1440105019211,"160,131",88% bullish,of 16 ratings,$4.50
ARWAU,NULL,1440105019257,0,100% bullish,of 1 rating,N/A
ARWAW,NULL,1440105019477,0,Not yet rated,NULL,N/A
ARRY,$5.28,1440105019580,"856,366",100% bullish,of 7 ratings,$10
ARQL,$1.66,1440105019606,"163,310",75% bullish,of 4 ratings,$5
DWAT,$10.18,1440105019636,"1,500",100% bearish,of 1 rating,N/A
ARRS,$26.9168,1440105019663,"707,780",50% bullish,of 2 ratings,$38
AROW,$26.92,1440105019685,"14,309",Not yet rated,NULL,N/A
ARWR,$5.55,1440105019716,"560,526",75% bullish,of 4 ratings,$10.50
ARTNA,$22.55,1440105020154,"30,029",100% bearish,of 1 rating,$29
ARTW,$4.41,1440105020180,600,75% bearish,of 4 ratings,N/A
ASNA,$11.4286,1440105020247,"2,097,129",50% bullish,of 2 ratings,$18
ASBB,$23.81,1440105020276,323,Not yet rated,NULL,N/A
ASND,$17.81,1440105020381,"36,430",100% bullish,of 1 rating,$30
ASTI,$0.1569,1440105020425,"1,831,650",83% bullish,of 6 ratings,$3
APWC,$1.8,1440105020458,"1,760",100% bearish,of 1 rating,N/A
ASCMA,$27.4,1440105020480,"70,011",100% bearish,of 1 rating,$45
ASML,$87.44,1440105020558,"894,519",67% bullish,of 3 ratings,$127
ASMI,$35.81,1440105020617,"1,500",50% bullish,of 2 ratings,N/A
AZPN,$38.45,1440105020750,"630,048",50% bullish,of 2 ratings,$42
ASMB,$12.68,1440105020776,"65,845",67% bullish,of 3 ratings,N/A
ASTE,$36.19,1440105021029,"43,170",100% bearish,of 1 rating,$48
ASFI,$8.97,1440105021057,"9,511",100% bullish,of 1 rating,N/A
ALOT,$13.71,1440105021083,"5,576",100% bearish,of 1 rating,N/A
ATRO,$53.94,1440105021267,"135,950",100% bearish,of 2 ratings,$80
ATHX,$1.17,1440105021759,"168,902",89% bullish,of 9 ratings,$5
ASTC,$2.25,1440105021788,"22,734",100% bullish,of 5 ratings,N/A
ASUR,$5.63,1440105021814,"8,378",100% bearish,of 1 rating,$8
AAPC,$10.2,1440105021836,340,Not yet rated,NULL,N/A
ATRA,$42.8,1440105021858,"107,603",50% bullish,of 2 ratings,$68
ATAI,$2.96,1440105021924,"18,151",100% bearish,of 1 rating,N/A
ATHN,$136.4434,1440105021997,"126,420",67% bearish,of 3 ratings,$153
AFCB,NULL,1440105022025,0,Not yet rated,NULL,N/A
ACFC,$6.23,1440105022179,"60,243",Not yet rated,NULL,$6.50
ATLC,$3.92,1440105022210,"1,156",67% bullish,of 3 ratings,N/A
AFH,$16.98,1440105022234,"20,042",Not yet rated,NULL,$21.50
ATNI,$72.9,1440105022256,"40,571",100% bearish,of 1 rating,$69.50
AAME,$3.53,1440105022295,"1,143",Not yet rated,NULL,N/A
ATML,$7.1991,1440105022458,"3,929,607",78% bullish,of 9 ratings,$9.50
AAWW,$41.88,1440105022488,"334,354",50% bullish,of 2 ratings,$65
ATOS,$0.89,1440105022588,"104,977",100% bullish,of 7 ratings,$7
ATRI,$394.45,1440105022719,"1,832",Not yet rated,NULL,N/A
ATRC,$26.55,1440105022745,"78,218",100% bullish,of 1 rating,$30
LIFE,$14.49,1440105022878,"25,012",86% bullish,of 7 ratings,$43
ATTU,$14.03,1440105022906,"58,471",100% bearish,of 1 rating,$20.50
ATRM,$2.89,1440105022928,790,50% bullish,of 2 ratings,N/A
AUBN,$27.02,1440105022963,156,Not yet rated,NULL,N/A
AUDC,$3.2,1440105023062,"55,171",80% bullish,of 5 ratings,$5
ADAT,$0.11,1440105023164,"51,141",100% bullish,of 2 ratings,N/A
EARS,$4.98,1440105023192,"35,445",100% bearish,of 2 ratings,$11.50
AUPH,$3.2,1440105023222,"7,550",100% bearish,of 1 rating,$8
ADSK,$53.1,1440105023355,"1,548,306",83% bullish,of 6 ratings,$69.50
ABTL,$18.28,1440105023381,"80,155",100% bullish,of 4 ratings,$20.25
ADP,$82.71,1440105023407,"1,639,724",100% bearish,of 1 rating,$88
AAVL,$10.26,1440105023633,"425,927",100% bearish,of 1 rating,$20
AVGO,$115.03,1440105023665,"2,463,536",88% bullish,of 8 ratings,$160
AVNU,$12.53,1440105023916,"10,122",Not yet rated,NULL,$14
AVEO,$1.4,1440105023991,"813,707",75% bullish,of 8 ratings,$3
AVID,$7.94,1440105024052,"195,397",100% bearish,of 1 rating,$20
AWRE,$3.17,1440105024082,"11,066",67% bullish,of 3 ratings,N/A
CAR,$44.51,1440105024105,"1,643,426",80% bullish,of 5 ratings,$60
AVNW,$1.14,1440105024135,"43,940",50% bullish,of 2 ratings,$2.20
ACLS,$3.35,1440105024265,"794,412",67% bullish,of 6 ratings,$4.75
AXPW,$1.5,1440105024431,"50,202",83% bullish,of 6 ratings,N/A
AVGR,$14.99,1440105024463,"23,521",100% bearish,of 1 rating,$20
AXGN,$3.89,1440105024529,"26,848",Not yet rated,NULL,$5
AXPWW,NULL,1440105024557,0,Not yet rated,NULL,N/A
AXTI,$2.13,1440105024588,"24,482",50% bullish,of 2 ratings,$2.75
BCOM,$19.98,1440105024687,374,100% bearish,of 1 rating,N/A
RILY,$10,1440105024770,"3,546",Not yet rated,NULL,N/A
BIDU,$157.4,1440105024873,"2,901,960",81% bullish,of 88 ratings,$215
BEAV,$49.3841,1440105024908,"610,606",67% bearish,of 3 ratings,$59
BOSC,$2.2516,1440105024963,"3,614",50% bullish,of 2 ratings,N/A
BCPC,$59,1440105025003,"91,702",100% bearish,of 1 rating,$75
BWINA,NULL,1440105025040,0,Not yet rated,NULL,N/A
BWINB,$22.84,1440105025105,"11,211",Not yet rated,NULL,N/A
BLDP,$1.31,1440105025190,"246,725",91% bullish,of 22 ratings,$2.50
BANF,$61.12,1440105025260,"6,780",Not yet rated,NULL,$68
BKMU,$7.14,1440105025359,"83,121",Not yet rated,NULL,$8
BANFP,$27.05,1440105025425,500,Not yet rated,NULL,N/A
BOCH,$5.82,1440105025571,"15,750",Not yet rated,NULL,$6.50
BMRC,$48.51,1440105025618,"7,799",Not yet rated,NULL,$52
BKSC,$15.63,1440105025644,816,Not yet rated,NULL,N/A
BOTJ,NULL,1440105025671,0,Not yet rated,NULL,N/A
OZRK,$41.2251,1440105025706,"310,030",67% bullish,of 3 ratings,$49.50
BFIN,$11.98,1440105025803,"19,817",Not yet rated,NULL,$13
BANR,$45.5,1440105025834,"48,940",100% bullish,of 3 ratings,$50
BWFG,$18.25,1440105025862,"2,664",100% bearish,of 1 rating,N/A
BHAC,NULL,1440105026057,0,Not yet rated,NULL,N/A
TAPR,$29.86,1440105026086,"1,470",100% bearish,of 1 rating,N/A
BZUN,$6.04,1440105026108,"544,939",50% bullish,of 2 ratings,$13.85
BHACR,NULL,1440105026137,0,Not yet rated,NULL,N/A
BHACU,$10.19,1440105026342,400,Not yet rated,NULL,N/A
BHACW,NULL,1440105026426,0,Not yet rated,NULL,N/A
BSET,$29.92,1440105026477,"50,167",100% bearish,of 1 rating,$35
BYBK,$5.07,1440105026511,200,100% bearish,of 1 rating,N/A
BYLK,$12.96,1440105026533,"6,078",Not yet rated,NULL,$14
BBSI,$33.87,1440105026571,"97,684",67% bearish,of 3 ratings,$62.50
BBCN,$15.11,1440105026608,"212,910",100% bearish,of 1 rating,$16
BV,$5.15,1440105026664,"327,922",67% bullish,of 6 ratings,$9
BSF,$8.77,1440105026990,"18,198",Not yet rated,NULL,N/A
BDCV,$4.99,1440105027062,"10,955",100% bearish,of 1 rating,$10.19
BCBP,$11.56,1440105027096,"17,896",Not yet rated,NULL,N/A
BECN,$36.15,1440105027118,"235,573",50% bullish,of 2 ratings,$40
BELFA,$16.8,1440105027155,946,100% bearish,of 1 rating,N/A
BEBE,$1.82,1440105027192,"82,265",75% bullish,of 4 ratings,$3.075
BBGI,$4.8499,1440105027253,100,100% bearish,of 1 rating,N/A
BBBY,$62.77,1440105027279,"1,456,929",71% bullish,of 7 ratings,$75
BNCL,$12.79,1440105027576,"327,431",100% bullish,of 3 ratings,$12.50
BLCM,$17.46,1440105027606,"129,183",50% bullish,of 4 ratings,$40
BNTC,$8.39,1440105027632,"96,350",100% bullish,of 1 rating,N/A
BLPH,$5.51,1440105027667,"31,424",100% bearish,of 1 rating,$12.50
BNFT,$37.71,1440105027691,"61,899",67% bullish,of 3 ratings,$46
BELFB,$18.85,1440105027713,"24,884",100% bearish,of 1 rating,N/A
BGMD,$0.88,1440105027751,"240,215",100% bullish,of 10 ratings,N/A
BGFV,$11.06,1440105027998,"112,701",57% bullish,of 7 ratings,$12
BGCP,$9.15,1440105028034,"690,562",88% bullish,of 8 ratings,$14
ORPN,$5.24,1440105028064,"5,460",100% bullish,of 1 rating,$28.50
BASI,$1.28,1440105028092,"27,651",Not yet rated,NULL,N/A
BIND,$4.59,1440105028165,"44,597",67% bullish,of 3 ratings,$13.50
BCDA,NULL,1440105028263,0,Not yet rated,NULL,N/A
BIOC,$2,1440105028291,"556,280",83% bullish,of 6 ratings,$3.85
BCRX,$11.47,1440105028342,"816,650",63% bullish,of 8 ratings,$18
BIIB,$309.8628,1440105028440,"1,081,828",88% bullish,of 16 ratings,$400
BIOD,$0.68,1440105028499,"132,827",80% bullish,of 5 ratings,$4
BIOL,$1.48,1440105028525,"51,756",Not yet rated,NULL,N/A
BLRX,$1.47,1440105028599,"181,384",100% bullish,of 12 ratings,$5
BLFS,$2.06,1440105028627,"21,689",100% bearish,of 1 rating,$4.75
BMRN,$128.5,1440105028851,"682,214",80% bullish,of 5 ratings,$160
BDSI,$6.36,1440105028924,"705,690",88% bullish,of 8 ratings,$17
BVXVW,$0.704,1440105028995,"5,100",100% bearish,of 1 rating,N/A
BIOS,$1.8,1440105029021,"1,242,147",71% bullish,of 7 ratings,$4
BRLI,NULL,1440105029050,0,83% bullish,of 6 ratings,N/A
BPTH,$1.13,1440105029077,"30,734",100% bullish,of 2 ratings,$5
BVXV,$4,1440105029099,"9,650",Not yet rated,NULL,N/A
BBP,$32.45,1440105029234,"53,269",Not yet rated,NULL,N/A
BBC,$30.44,1440105029305,"26,649",Not yet rated,NULL,N/A
BSTC,$50.28,1440105029390,"81,584",100% bearish,of 1 rating,$76
BEAT,$13.1,1440105029522,"358,381",67% bearish,of 3 ratings,$15
BOTA,$2.25,1440105029548,"55,867",88% bullish,of 8 ratings,N/A
BSPM,$0.69,1440105029576,"13,028",50% bullish,of 2 ratings,N/A
TECH,$103.6876,1440105029598,"127,022",100% bullish,of 1 rating,$117
BITI,$18.7,1440105029730,"32,925",100% bullish,of 1 rating,$28
BJRI,$45.74,1440105029757,"140,613",50% bullish,of 2 ratings,$55
BDMS,NULL,1440105029894,0,100% bearish,of 1 rating,N/A
BBOX,$15.38,1440105030116,"40,214",100% bearish,of 1 rating,N/A
HAWK,$43.63,1440105030145,"363,191",90% bullish,of 10 ratings,$49
BLKB,$59.01,1440105030219,"128,733",100% bearish,of 2 ratings,$66
BBRY,$7.3,1440105030278,"4,061,354",61% bullish,of 330 ratings,$9
BDE,$7.56,1440105030304,"132,364",50% bullish,of 2 ratings,$9
BKCC,$9.291,1440105030330,"100,090",100% bullish,of 2 ratings,$10
ADRA,$27.84,1440105030518,"10,707",Not yet rated,NULL,N/A
ADRD,$22.95,1440105030556,"2,887",100% bearish,of 1 rating,N/A
ADRU,$22.5308,1440105030653,208,100% bearish,of 1 rating,N/A
BCOR,$13.4,1440105030688,"226,412",57% bullish,of 7 ratings,$15
ADRE,$30.25,1440105030718,"8,624",Not yet rated,NULL,N/A
BUFF,$27.3,1440105030741,"191,565",83% bullish,of 12 ratings,$31.50
BLMN,$20.81,1440105030773,"774,990",83% bullish,of 6 ratings,$27.50
BLBD,$11.99,1440105030804,"10,950",Not yet rated,NULL,N/A
BHBK,$14.16,1440105030962,"53,358",100% bullish,of 1 rating,$14.50
BBLU,$0.9,1440105030988,"86,794",100% bullish,of 2 ratings,$4.43
BLUE,$121.25,1440105031190,"532,940",71% bullish,of 7 ratings,$217.50
NILE,$34.38,1440105031220,"56,369",50% bullish,of 2 ratings,$34
BKEP,$6.81,1440105031275,"41,888",100% bearish,of 1 rating,$8.50
BKEPP,$7.75,1440105031324,"11,500",100% bearish,of 1 rating,N/A
BNCN,$21.37,1440105031350,"49,752",Not yet rated,NULL,$23
BOBE,$44.76,1440105031418,"87,033",75% bullish,of 4 ratings,$57
BPMC,$25.81,1440105031449,"72,840",50% bullish,of 2 ratings,$47.50
BOFI,$128.4,1440105031480,"157,056",100% bullish,of 6 ratings,$144
WIFI,$8.19,1440105031585,"317,838",50% bullish,of 2 ratings,$13.50
BOJA,$20.88,1440105031620,"188,016",100% bullish,of 1 rating,$30
BONA,$11.96,1440105031718,"209,159",75% bullish,of 4 ratings,$8.50
BOKF,$62.8674,1440105031746,"133,028",100% bearish,of 1 rating,$71
BAMM,$3.2,1440105031910,"9,292",60% bullish,of 5 ratings,N/A
BNSO,$1.42,1440105031966,"3,952",100% bearish,of 1 rating,N/A
BPFH,$12.24,1440105032069,"333,148",100% bearish,of 1 rating,$14
BPFHP,NULL,1440105032096,0,100% bearish,of 1 rating,N/A
BCLI,$3.05,1440105032229,"62,643",80% bullish,of 5 ratings,$12
BDBD,$8.46,1440105032260,"591,445",60% bullish,of 5 ratings,$10
EPAY,$25.91,1440105032282,"107,344",100% bearish,of 2 ratings,$30
BPFHW,$5.55,1440105032321,100,100% bearish,of 1 rating,N/A
BBEP,$2.26,1440105032343,"1,678,838",69% bullish,of 13 ratings,$5.625
BBRG,$12.99,1440105032419,"57,604",67% bullish,of 3 ratings,$14.50
BBEPP,$13.41,1440105032500,"36,250",100% bearish,of 1 rating,N/A
BDGE,$27.15,1440105032631,"19,854",Not yet rated,NULL,$31.75
BRID,NULL,1440105032657,0,100% bearish,of 1 rating,N/A
BLIN,$1.32,1440105032705,"28,994",50% bullish,of 2 ratings,$2.20
BCOV,$5.25,1440105032860,"124,726",67% bullish,of 3 ratings,$10.20
BSFT,$31.43,1440105032893,"138,625",57% bullish,of 7 ratings,$40.50
BRCM,$49.45,1440105032923,"4,743,972",75% bullish,of 12 ratings,$56
BVSN,$5.83,1440105032961,"7,683",60% bearish,of 5 ratings,N/A
BWEN,$3.31,1440105033056,"56,569",100% bullish,of 3 ratings,$8
BYFC,$1.36,1440105033087,"14,010",50% bullish,of 2 ratings,N/A
BRCD,$10.25,1440105033112,"5,040,320",92% bullish,of 13 ratings,$12.50
BRKL,$10.87,1440105033143,"199,601",100% bearish,of 1 rating,$10.75
BRKR,$19.7396,1440105033313,"526,245",100% bearish,of 2 ratings,$22
BRKS,$10.36,1440105033342,"149,115",67% bullish,of 3 ratings,$15.25
BMTC,$29.39,1440105033410,"27,401",Not yet rated,NULL,$34
BLMT,$20.9,1440105033471,"9,874",Not yet rated,NULL,N/A
BSQR,$6.37,1440105033690,"103,818",67% bullish,of 3 ratings,N/A
BUR,$1.96,1440105033759,"1,016",100% bearish,of 1 rating,$8
CFFI,$35.6,1440105033791,108,100% bearish,of 1 rating,N/A
BLDR,$14.9,1440105033820,"966,617",50% bullish,of 2 ratings,$22
BWLD,$193.6568,1440105033851,"236,211",82% bullish,of 11 ratings,$205
CA,$28.3,1440105033872,"1,887,540",50% bullish,of 4 ratings,$33
CHRW,$69.2117,1440105033908,"1,083,253",Not yet rated,NULL,$72
CCMP,$44.4,1440105033952,"69,294",50% bullish,of 2 ratings,$59
CDNS,$20.4675,1440105034180,"1,385,956",75% bullish,of 4 ratings,$22.50
CZR,$6.87,1440105034227,"580,064",60% bearish,of 5 ratings,$10.50
CACQ,$7.1,1440105034253,"49,068",100% bearish,of 1 rating,$12.25
CSTE,$44.17,1440105034310,"702,726",100% bearish,of 1 rating,$65
CDZI,$7.37,1440105034335,"16,893",100% bearish,of 1 rating,N/A
CLBS,$1.35,1440105034537,"122,256",79% bullish,of 14 ratings,$4
PRSS,$4.49,1440105034566,"5,265",80% bullish,of 5 ratings,$4.50
CLMS,$11.56,1440105034588,"35,053",Not yet rated,NULL,$10.50
CHI,$10.95,1440105034628,"140,137",100% bearish,of 1 rating,N/A
CCD,$20.35,1440105034731,"68,819",Not yet rated,NULL,N/A
CHY,$11.86,1440105034794,"258,399",Not yet rated,NULL,N/A
CFGE,NULL,1440105034859,0,Not yet rated,NULL,N/A
CHW,$7.79,1440105034886,"254,081",100% bearish,of 1 rating,N/A
CSQ,$10.18,1440105034946,"337,475",Not yet rated,NULL,N/A
CGO,$12.38,1440105034972,"24,993",100% bearish,of 1 rating,N/A
CAMP,$15.88,1440105035016,"304,194",88% bullish,of 8 ratings,$25
CFNB,$13.4,1440105035307,898,100% bearish,of 1 rating,N/A
CALA,$5.05,1440105035347,"261,241",100% bullish,of 3 ratings,$19.50
CVGW,$54.59,1440105035385,"114,162",50% bullish,of 2 ratings,$58.50
CALM,$49.99,1440105035415,"342,285",80% bullish,of 5 ratings,$65
CALD,$15.86,1440105035436,"192,215",100% bearish,of 1 rating,$20.50
CLMT,$26,1440105035468,"151,448",75% bullish,of 8 ratings,$31
ABCD,$4.67,1440105035497,"82,949",83% bullish,of 6 ratings,N/A
CAMBU,NULL,1440105035749,0,100% bearish,of 1 rating,N/A
CAMT,$2.79,1440105035797,"26,180",73% bullish,of 11 ratings,$4
CAMBW,NULL,1440105035823,0,Not yet rated,NULL,N/A
CAMB,$9.95,1440105035854,600,Not yet rated,NULL,N/A
CSIQ,$18.83,1440105035876,"3,065,418",86% bullish,of 28 ratings,$45
CAC,$40,1440105035955,"11,032",Not yet rated,NULL,N/A
CGIX,$9.72,1440105036129,"27,302",67% bullish,of 3 ratings,$14.375
CPHC,$10.45,1440105036161,206,100% bearish,of 1 rating,N/A
CCBG,$15.01,1440105036200,"13,763",Not yet rated,NULL,$17.25
CPLA,$48.88,1440105036259,"73,333",50% bullish,of 2 ratings,$65
CBNJ,$10.81,1440105036292,"4,824",100% bullish,of 1 rating,N/A
CPLP,$7.02,1440105036338,"514,758",71% bullish,of 7 ratings,$11
CBF,$29.87,1440105036367,"78,087",Not yet rated,NULL,$32
CSWC,$48.18,1440105036422,"13,099",Not yet rated,NULL,N/A
CPTA,$14.42,1440105036678,"58,292",Not yet rated,NULL,$18.50
CFFN,$11.99,1440105036703,"382,060",Not yet rated,NULL,$12.75
CAPN,$2.27,1440105036758,"156,435",100% bullish,of 1 rating,$10.85
CAPNW,$0.76,1440105036853,"3,500",Not yet rated,NULL,N/A
CPST,$0.3864,1440105036878,"574,489",95% bullish,of 22 ratings,$1
CARA,$21.04,1440105036917,"236,443",50% bullish,of 4 ratings,$25
CAPR,$3.86,1440105036943,"26,740",Not yet rated,NULL,$12
CRDC,$0.4,1440105037080,"27,158",100% bullish,of 1 rating,$1.25
CBYL,$6.67,1440105037131,"31,659",100% bearish,of 1 rating,$20
CFNL,$22.61,1440105037181,"85,513",Not yet rated,NULL,$24
CARB,$11.29,1440105037208,"67,006",75% bullish,of 4 ratings,$12
CSII,$23.95,1440105037354,"223,196",100% bearish,of 2 ratings,$42.125
CRME,$9.44,1440105037383,"19,316",89% bullish,of 9 ratings,$11.25
CATM,$35.13,1440105037405,"396,423",100% bearish,of 1 rating,$44
CDNA,$6.4,1440105037436,"7,418",100% bearish,of 1 rating,$9
CKEC,$22.01,1440105037791,"225,528",50% bullish,of 2 ratings,$35.915
CECO,$3.61,1440105037819,"215,378",67% bearish,of 3 ratings,$6
CLBH,$12.75,1440105037852,"4,079",Not yet rated,NULL,$16.50
CRZO,$32.3161,1440105037880,"579,785",67% bearish,of 3 ratings,$57
CTRE,$12.08,1440105037902,"406,757",50% bullish,of 2 ratings,N/A
TAST,$12.23,1440105037950,"191,765",Not yet rated,NULL,$14.25
CART,$5.45,1440105037981,"2,456",100% bearish,of 1 rating,N/A
CRTN,$2.59,1440105038099,"3,506",100% bearish,of 1 rating,N/A
CACB,$5.43,1440105038282,"62,451",Not yet rated,NULL,$5.50
CASM,$1.09,1440105038311,"39,478",100% bullish,of 1 rating,$3.50
CARV,$5.74,1440105038333,817,50% bullish,of 2 ratings,N/A
CSCD,$14,1440105038365,"91,153",100% bullish,of 2 ratings,$17
CARO,$15.35,1440105038387,"11,570",100% bearish,of 1 rating,$19
CWST,$6.25,1440105038519,"124,810",50% bullish,of 2 ratings,$7
CASY,$106.4972,1440105038545,"186,381",50% bullish,of 2 ratings,$99.50
CASI,$1.48,1440105038618,"8,290",100% bullish,of 1 rating,$3.50
CPRX,$3.44,1440105038760,"828,704",71% bullish,of 7 ratings,$7
CASS,$49.17,1440105038788,"16,603",100% bearish,of 1 rating,N/A
CATB,$11.87,1440105038811,"14,026",100% bearish,of 1 rating,$28
CATY,$30.5163,1440105038943,"271,942",100% bearish,of 1 rating,$33.50
CAVM,$66.98,1440105039462,"491,533",67% bearish,of 3 ratings,$72
CATYW,NULL,1440105039497,0,100% bearish,of 1 rating,N/A
CNLM,$9.9,1440105039538,"3,200",Not yet rated,NULL,N/A
CVCO,$72.68,1440105039596,"19,183",100% bearish,of 1 rating,N/A
CNLMU,$10.4,1440105039628,133,100% bullish,of 1 rating,N/A
CBFV,$20.49,1440105039656,"4,323",Not yet rated,NULL,N/A
CNLMR,NULL,1440105039679,0,Not yet rated,NULL,N/A
CNLMW,NULL,1440105039711,0,Not yet rated,NULL,N/A
CBOE,$63.0224,1440105039945,"255,060",Not yet rated,NULL,$60
CDW,$38.9685,1440105039972,"547,653",75% bullish,of 4 ratings,$44
CDK,$48.7442,1440105039999,"422,964",67% bearish,of 3 ratings,$50
CPXX,$2.18,1440105040144,"123,225",100% bullish,of 2 ratings,$7
CELG,$125,1440105040190,"3,834,554",92% bullish,of 13 ratings,$155.50
CECE,$9.7,1440105040249,"93,277",50% bullish,of 2 ratings,$16
CELGZ,$1.75,1440105040423,"45,789",80% bullish,of 5 ratings,N/A
CLRBW,NULL,1440105040454,0,Not yet rated,NULL,N/A
CLDN,$1.06,1440105040484,"179,946",71% bullish,of 7 ratings,$3
CLDX,$13.51,1440105040522,"1,611,120",89% bullish,of 9 ratings,$36
CLRB,$3,1440105040554,"2,175",100% bearish,of 1 rating,N/A
CLLS,$30.69,1440105040620,"88,142",75% bullish,of 4 ratings,$51.50
CBMG,$21.54,1440105040780,"93,773",50% bullish,of 2 ratings,N/A
CLSN,$2.02,1440105040810,"100,293",80% bullish,of 10 ratings,$7.50
CLTX,$3.2,1440105040914,"9,996,284",100% bullish,of 2 ratings,N/A
CEMP,$34.66,1440105041021,"771,953",71% bullish,of 7 ratings,$52
CYAD,$52.67,1440105041047,"1,425",100% bullish,of 1 rating,$87.50
CETX,$2.42,1440105041103,"11,349",Not yet rated,NULL,$5.60
CSFL,$14.01,1440105041134,"105,756",Not yet rated,NULL,$15
CENT,$12,1440105041203,"27,252",Not yet rated,NULL,$10
CETV,$2,1440105041233,"107,832",67% bullish,of 3 ratings,$2.80
CFBK,$1.372,1440105041307,100,Not yet rated,NULL,N/A
CENTA,$12.58,1440105041437,"98,904",Not yet rated,NULL,N/A
CVCY,$11.03,1440105041468,100,Not yet rated,NULL,$12
CENX,$5.23,1440105041497,"1,540,850",67% bullish,of 6 ratings,$9
CNBKA,$40.75,1440105041570,"2,096",100% bullish,of 1 rating,N/A
CNTY,$6.16,1440105041630,"9,410",80% bullish,of 5 ratings,$7.75
CPHD,$47.34,1440105041704,"316,134",50% bullish,of 2 ratings,$66.50
CERE,$1.221,1440105041856,"313,038",88% bullish,of 8 ratings,N/A
CRNT,$1.42,1440105041886,"101,527",50% bullish,of 2 ratings,$2
CERN,$63.2624,1440105041949,"1,178,568",67% bullish,of 3 ratings,$79
CERU,$3.36,1440105041984,"14,863",75% bullish,of 4 ratings,$15
CERS,$4.8,1440105042013,"390,317",75% bullish,of 4 ratings,$7
KOOL,$0.72,1440105042170,"8,527",100% bullish,of 5 ratings,$7
CEVA,$18.6,1440105042204,"68,073",100% bearish,of 1 rating,$25
HOTR,$1.3,1440105042348,"183,716",100% bullish,of 2 ratings,$5
CYOU,$20.05,1440105042374,"256,822",50% bullish,of 6 ratings,$24
HOTRW,$0.14,1440105042408,"6,599",Not yet rated,NULL,N/A
CTHR,$1.18,1440105042430,"126,406",50% bullish,of 2 ratings,$2.50
GTLS,$22.59,1440105042460,"219,052",50% bullish,of 4 ratings,$40
CHTR,$182.74,1440105042737,"762,687",100% bearish,of 2 ratings,$196
CHEKW,NULL,1440105042838,0,Not yet rated,NULL,N/A
CHKP,$79.89,1440105042865,"729,666",50% bullish,of 4 ratings,$92
CHFN,$12.45,1440105042891,"20,947",Not yet rated,NULL,$14
CHEK,$3.08,1440105042937,57,Not yet rated,NULL,$7.75
CEMI,$4.38,1440105042966,"10,258",50% bullish,of 2 ratings,$7.50
CCXI,$6.745,1440105043182,"74,158",67% bullish,of 3 ratings,$14
CHMG,$26.5,1440105043288,"4,212",Not yet rated,NULL,$30
CHKE,$26.15,1440105043346,"13,175",100% bearish,of 1 rating,$32.50
CBNK,$16.34,1440105043384,720,100% bearish,of 1 rating,N/A
PLCE,$59.64,1440105043413,"224,773",100% bearish,of 1 rating,$71
CHMA,$25.2,1440105043444,"78,673",Not yet rated,NULL,$40
CHFC,$31.95,1440105043475,"56,570",100% bearish,of 1 rating,$36
CMRX,$46.91,1440105043510,"215,604",50% bullish,of 2 ratings,$57
CADC,NULL,1440105043607,0,78% bullish,of 9 ratings,N/A
CHEV,$14.6,1440105043706,728,Not yet rated,NULL,N/A
CALI,$0.91,1440105044046,"7,892",67% bullish,of 3 ratings,N/A
CCCL,$0.87,1440105044081,"7,562",100% bullish,of 6 ratings,N/A
CBAK,$2,1440105044102,"59,141",67% bullish,of 9 ratings,N/A
CAAS,$6.65,1440105044136,"18,437",93% bullish,of 14 ratings,$11.50
CBPO,$102.9333,1440105044157,"282,139",75% bullish,of 8 ratings,$140.50
HGSH,$1.89,1440105044179,"3,159",67% bullish,of 3 ratings,N/A
CHOP,$1.25,1440105044215,"8,718",50% bullish,of 2 ratings,N/A
CCCR,$0.8,1440105044383,"17,857",67% bearish,of 3 ratings,N/A
HTHT,$25.62,1440105044515,"46,642",50% bullish,of 2 ratings,$28
JRJC,$4.11,1440105044548,"46,180",82% bullish,of 11 ratings,N/A
CNIT,$1.56,1440105044570,"118,016",67% bullish,of 6 ratings,N/A
CHLN,$1.93,1440105044592,"19,360",67% bullish,of 3 ratings,N/A
CJJD,$2.01,1440105044614,"13,163",100% bullish,of 1 rating,N/A
CHNR,$2.01,1440105044654,"1,300",100% bearish,of 1 rating,N/A
CNTF,$0.89,1440105044934,"181,262",Not yet rated,NULL,N/A
CSUN,$1.44,1440105044988,"12,419",80% bullish,of 5 ratings,N/A
CPGI,$6.75,1440105045039,440,Not yet rated,NULL,N/A
CXDC,$6.28,1440105045065,"45,411",67% bullish,of 3 ratings,N/A
CNYD,NULL,1440105045092,0,67% bullish,of 3 ratings,N/A
CREG,$0.78,1440105045113,"12,427",100% bullish,of 3 ratings,N/A
CNET,$0.84,1440105045282,"54,128",50% bullish,of 2 ratings,N/A
CCIH,$8.51,1440105045310,"142,907",67% bullish,of 6 ratings,$12.65
CHSCL,$27.1,1440105045387,"29,317",Not yet rated,NULL,N/A
IMOS,$15.3995,1440105045444,"160,755",60% bullish,of 5 ratings,$21.50
CHSCM,$26.05,1440105045472,"32,462",Not yet rated,NULL,N/A
CHSCN,$27.22,1440105045553,"5,048",Not yet rated,NULL,N/A
CHSCO,$28.4,1440105045601,"3,399",Not yet rated,NULL,N/A
CHSCP,$30.32,1440105045631,"4,543",Not yet rated,NULL,N/A
CHDN,$133.62,1440105045731,"59,507",Not yet rated,NULL,$165
CHUY,$31.78,1440105045782,"164,449",50% bullish,of 2 ratings,$34
CMCT,$15.03,1440105046267,700,100% bearish,of 1 rating,N/A
CIFC,$7.01,1440105046299,"3,804",Not yet rated,NULL,N/A
CMPR,$67.65,1440105046333,"315,785",50% bullish,of 2 ratings,$72.50
CDTX,$14.09,1440105046364,"30,418",Not yet rated,NULL,$22
CIDM,$0.65,1440105046391,"56,222",50% bullish,of 2 ratings,$2.10
CTAS,$86.5896,1440105046420,"364,258",100% bearish,of 1 rating,$91
CINF,$55.5633,1440105046447,"458,818",50% bullish,of 4 ratings,$50.50
CRUS,$28,1440105046469,"963,207",75% bullish,of 12 ratings,$44.50
CSCO,$27.05,1440105046667,"23,805,639",84% bullish,of 208 ratings,$32
CTRN,$28.24,1440105046700,"171,968",100% bearish,of 1 rating,$30.50
CPHR,$6.6,1440105046732,"7,165",100% bearish,of 1 rating,$16
CZNC,$19.78,1440105046801,"22,384",Not yet rated,NULL,N/A
CZFC,$12.75,1440105046833,784,Not yet rated,NULL,N/A
CZWI,$9.02,1440105046861,9,Not yet rated,NULL,N/A
CIZN,NULL,1440105047004,0,Not yet rated,NULL,N/A
CTXS,$75.86,1440105047092,"791,482",86% bullish,of 7 ratings,$80
CHCO,$47.54,1440105047189,"45,942",Not yet rated,NULL,$46
CIVBP,NULL,1440105047217,0,Not yet rated,NULL,N/A
CIVB,$10.27,1440105047238,"4,473",Not yet rated,NULL,$11
CDTI,$1.555,1440105047371,"110,874",75% bullish,of 4 ratings,$3.20
CLNE,$4.17,1440105047405,"812,650",80% bullish,of 15 ratings,$9
CLNT,$1.89,1440105047427,"10,592",75% bullish,of 8 ratings,N/A
CLFD,$17.26,1440105047460,"65,087",67% bullish,of 3 ratings,$18
CLRO,$12.02,1440105047590,"7,383",50% bullish,of 2 ratings,$14.25
CSBK,$13.67,1440105047622,"58,710",Not yet rated,NULL,N/A
CBLI,$4.05,1440105047725,"54,625",60% bullish,of 5 ratings,N/A
CLIR,$5.12,1440105047751,"23,147",100% bullish,of 3 ratings,N/A
CMFN,$11.5,1440105047956,"12,037",100% bearish,of 1 rating,$15.50
CLVS,$73.23,1440105047983,"386,921",60% bullish,of 5 ratings,$101.50
CME,$96.0485,1440105048060,"1,224,788",67% bullish,of 3 ratings,$102
CCNE,$17.19,1440105048127,"14,046",50% bullish,of 2 ratings,$21.50
CWAY,$11.3,1440105048158,"5,624",Not yet rated,NULL,N/A
CNV,$4.62,1440105048189,"76,940",50% bullish,of 2 ratings,$7.15
CISG,$8.38,1440105048216,"120,394",100% bullish,of 5 ratings,$10
COBZ,$12.97,1440105048291,"89,863",100% bullish,of 1 rating,$14
CDXS,$3.88,1440105048466,"53,637",64% bullish,of 11 ratings,$6
COKE,$158.62,1440105048535,"25,680",79% bullish,of 19 ratings,N/A
CDRB,$12.3,1440105048568,"7,831",67% bullish,of 3 ratings,N/A
CVLY,$20.55,1440105048590,124,Not yet rated,NULL,N/A
JVA,$4.66,1440105048667,"20,687",83% bullish,of 6 ratings,$7
CCOI,$28.62,1440105048693,"286,668",50% bullish,of 4 ratings,$35
CGNX,$36.2656,1440105048872,"461,320",50% bullish,of 2 ratings,$47
CGNT,$1.65,1440105048901,"14,086",100% bullish,of 2 ratings,$2
CTSH,$65.7,1440105048931,"2,872,116",90% bullish,of 10 ratings,$74.50
CHRS,$29.51,1440105049035,"124,539",67% bearish,of 3 ratings,$37
COHR,$57.2,1440105049072,"77,194",50% bullish,of 2 ratings,$72
CLCT,$18.91,1440105049142,"10,975",100% bearish,of 1 rating,N/A
CLRX,$0.481,1440105049172,"26,277",50% bullish,of 2 ratings,N/A
COHU,$9.67,1440105049194,"96,394",100% bearish,of 1 rating,$14.25
COLL,$15.29,1440105049441,"52,811",100% bearish,of 1 rating,$26
CIGI,$46.46,1440105049474,"8,982",100% bearish,of 1 rating,$52
CBAN,$8.78,1440105049514,"1,505",Not yet rated,NULL,N/A
CLCD,$7.52,1440105049586,"7,950",100% bearish,of 1 rating,$20.50
COLB,$31.56,1440105049646,"226,836",Not yet rated,NULL,$36
COLM,$64.6,1440105049719,"114,433",100% bearish,of 1 rating,$71
CBMX,$1.14,1440105049777,"8,880",83% bullish,of 6 ratings,$3.15
CMCO,$19.72,1440105049803,"195,006",60% bullish,of 5 ratings,$28
CMCSA,$58.352,1440105049867,"12,030,859",66% bullish,of 35 ratings,$69.50
CMCSK,$59.12,1440105049973,"2,558,741",Not yet rated,NULL,$84
CBSH,$46.155,1440105050219,"300,684",50% bullish,of 2 ratings,$46
CBSHP,$25.24,1440105050261,"28,434",100% bearish,of 1 rating,N/A
CSAL,$21.7674,1440105050289,"475,135",75% bullish,of 4 ratings,$30
CUBN,$13.8,1440105050314,300,Not yet rated,NULL,N/A
CVGI,$4.61,1440105050369,"82,132",50% bullish,of 2 ratings,$6
COMM,$30.8281,1440105050474,"680,083",67% bearish,of 3 ratings,$35
CYHHZ,$0.0117,1440105050675,"23,533",100% bullish,of 1 rating,N/A
CTBI,$34.84,1440105050708,"28,760",Not yet rated,NULL,$36
ESXB,$5.1,1440105050730,"36,604",Not yet rated,NULL,N/A
JCS,$9.13,1440105050771,"7,362",67% bullish,of 3 ratings,N/A
CVLT,$36.5656,1440105050793,"251,995",75% bullish,of 4 ratings,$44.50
CWBC,$6.75,1440105050826,"1,128",Not yet rated,NULL,N/A
COB,$10.5,1440105050863,"12,779",100% bullish,of 1 rating,$11.75
CIZ,$34.0899,1440105050955,"5,360",100% bearish,of 1 rating,N/A
CIL,$34.44,1440105051159,"1,500",Not yet rated,NULL,N/A
CID,$34.7,1440105051184,"10,800",Not yet rated,NULL,N/A
CSF,$37.32,1440105051406,"83,791",100% bearish,of 1 rating,N/A
CFO,$36.78,1440105051456,"13,164",100% bearish,of 1 rating,N/A
CFA,$36.66,1440105051498,500,100% bearish,of 1 rating,N/A
CSA,NULL,1440105051524,0,Not yet rated,NULL,N/A
CDC,$35.99,1440105051550,"5,688",Not yet rated,NULL,N/A
CDL,$35.08,1440105051698,"1,800",Not yet rated,NULL,N/A
CSB,$34.01,1440105051727,"3,520",Not yet rated,NULL,N/A
CPSI,$45.36,1440105051830,"36,423",100% bearish,of 1 rating,$45.50
CGEN,$5.14,1440105051933,"184,185",50% bullish,of 2 ratings,$11
CHCI,$0.6,1440105051962,"12,603",50% bullish,of 2 ratings,N/A
CTG,$6.68,1440105051995,"14,630",100% bearish,of 1 rating,$8.50
SCOR,$59.7,1440105052044,"488,461",100% bearish,of 1 rating,$66
CMTL,$26.68,1440105052097,"39,605",100% bearish,of 2 ratings,$37
CNSI,$18.72,1440105052267,"51,440",100% bearish,of 2 ratings,$29
CNAT,$4.18,1440105052325,"58,563",83% bullish,of 6 ratings,$13
CXRX,$75.52,1440105052406,"9,144",Not yet rated,NULL,$90
CCUR,$5.14,1440105052434,"13,063",75% bullish,of 4 ratings,N/A
CNCE,$15.12,1440105052460,"170,293",75% bullish,of 4 ratings,$22
CDOR,$1.425,1440105052605,"5,212",100% bullish,of 1 rating,N/A
CDORO,NULL,1440105052631,0,100% bearish,of 1 rating,N/A
CFMS,$21.87,1440105052695,"107,886",Not yet rated,NULL,$27
CDORP,$7.1195,1440105052770,"2,036",100% bearish,of 1 rating,N/A
CNFR,$10.4,1440105052848,"21,276",Not yet rated,NULL,N/A
CNMD,$55.72,1440105052878,"57,322",Not yet rated,NULL,$59
CTWS,$34.3,1440105052899,"20,340",100% bearish,of 1 rating,$44
CNOB,$19.91,1440105052935,"70,206",100% bullish,of 1 rating,$23.50
CNSL,$19.9,1440105053139,"182,546",100% bearish,of 1 rating,$23
CONN,$31.22,1440105053277,"267,413",67% bullish,of 3 ratings,$48.50
CNXR,$6.18,1440105053299,"36,453",100% bearish,of 1 rating,$12
CWCO,$11.02,1440105053337,"50,244",67% bullish,of 3 ratings,$14.50
CFRX,$4.96,1440105053365,"35,626",Not yet rated,NULL,$14
CTCT,$23.77,1440105053396,"235,506",67% bullish,of 3 ratings,$37
CPSS,$5.54,1440105053443,"35,624",100% bullish,of 1 rating,$10
CFRXW,$1.9287,1440105053498,900,100% bearish,of 1 rating,N/A
CFRXZ,$0.54,1440105053729,500,Not yet rated,NULL,N/A
CTRV,$3.93,1440105053757,"34,975",Not yet rated,NULL,$6.40
CORT,$4.74,1440105053799,"199,811",67% bullish,of 3 ratings,$12
CTRL,$7.78,1440105053826,"154,139",50% bullish,of 2 ratings,$11
CPRT,$35.3158,1440105053852,"188,735",67% bearish,of 3 ratings,$40
CRBP,$2.04,1440105053889,"1,506,854",100% bullish,of 2 ratings,$6.25
BVA,NULL,1440105054021,0,50% bullish,of 2 ratings,N/A
CORE,$62.5,1440105054218,"73,046",100% bearish,of 1 rating,$72
CORI,$11.02,1440105054385,"39,528",100% bearish,of 1 rating,$18
CSOD,$37.4,1440105054517,"414,615",50% bullish,of 2 ratings,$42
ICBK,$18.301,1440105054549,507,Not yet rated,NULL,$21
CRVL,$32.45,1440105054583,"11,177",100% bearish,of 1 rating,N/A
COSI,$1.13,1440105054610,"201,450",100% bullish,of 1 rating,N/A
COST,$143.765,1440105054654,"1,250,872",83% bullish,of 24 ratings,$154.50
CPAH,$0.4673,1440105054686,"1,750",50% bullish,of 2 ratings,N/A
CSGP,$188.1,1440105054708,"83,355",50% bullish,of 2 ratings,$235
COVS,$2.63,1440105054838,"119,635",67% bullish,of 3 ratings,N/A
COWNL,$27.4,1440105054896,"4,400",Not yet rated,NULL,N/A
CVTI,$23.58,1440105054928,"89,892",67% bearish,of 3 ratings,$39
CPSH,$2.3,1440105055027,"4,400",Not yet rated,NULL,N/A
COWN,$5.18,1440105055161,"600,598",75% bullish,of 4 ratings,$7
CBRL,$146.4524,1440105055188,"156,289",50% bullish,of 2 ratings,$155
CRAI,$22.19,1440105055214,"22,088",Not yet rated,NULL,$36
CRAY,$21.13,1440105055374,"196,734",83% bullish,of 6 ratings,$38.50
BREW,$7.69,1440105055413,"41,930",67% bullish,of 6 ratings,$15
CACC,$191.6717,1440105055542,"86,334",50% bullish,of 2 ratings,$158.50
GLDI,$11.07,1440105055577,"98,464",100% bearish,of 1 rating,N/A
CRESY,$10.92,1440105055607,"85,327",100% bearish,of 1 rating,$19
CREE,$25.36,1440105055629,"966,686",65% bullish,of 17 ratings,$28.50
CRTO,$43.67,1440105055665,"587,307",67% bullish,of 6 ratings,$64
SLVO,$10.5,1440105055694,"6,017",100% bearish,of 1 rating,N/A
CCRN,$14.7,1440105055827,"170,594",100% bearish,of 1 rating,$14.25
CROX,$14.37,1440105055911,"640,439",63% bullish,of 8 ratings,$16.50
CRWS,$8.05,1440105056099,705,Not yet rated,NULL,$10
CRDS,$1.01,1440105056125,"61,072",50% bullish,of 4 ratings,$4.50
CRWN,$4.52,1440105056195,"141,333",75% bullish,of 4 ratings,N/A
CYRX,$3.07,1440105056259,"11,923",Not yet rated,NULL,$9
CSGS,$31.44,1440105056295,"91,130",Not yet rated,NULL,$40
CTCM,$1.73,1440105056391,"224,496",80% bearish,of 5 ratings,$3.90
CYRXW,$0.93,1440105056423,"15,900",Not yet rated,NULL,N/A
CCLP,$14.5696,1440105056456,"32,187",67% bearish,of 3 ratings,$21
CSPI,$6.17,1440105056523,"1,569",67% bullish,of 3 ratings,N/A
CTIC,$1.61,1440105056555,"1,253,588",84% bullish,of 76 ratings,$5.75
CTIB,$3.54,1440105056714,"2,483",100% bearish,of 1 rating,N/A
CUNB,$21.92,1440105056766,"17,596",Not yet rated,NULL,$24.50
CTRP,$64.61,1440105056792,"2,497,691",75% bullish,of 8 ratings,$92
CUI,$5.2831,1440105056846,"67,786",50% bullish,of 2 ratings,$10
CPIX,$5.67,1440105056978,"13,064",Not yet rated,NULL,N/A
CRIS,$2.52,1440105057105,"245,111",100% bullish,of 8 ratings,$6
CUTR,$14.15,1440105057139,"31,292",67% bearish,of 3 ratings,$18
CYBR,$54.75,1440105057209,"1,882,619",86% bullish,of 7 ratings,$66
CMLS,$1.15,1440105057236,"878,623",50% bullish,of 4 ratings,$6
CVV,$11.67,1440105057265,"44,990",100% bullish,of 5 ratings,N/A
CVBF,$16.74,1440105057295,"440,458",Not yet rated,NULL,$18
CYAN,$7.12,1440105057404,"21,345",100% bearish,of 1 rating,N/A
CYBE,$5.92,1440105057579,"11,974",100% bearish,of 1 rating,N/A
CYBX,$64.74,1440105057605,"1,059,557",50% bullish,of 4 ratings,$70
CYCC,$0.57,1440105057632,"36,712",73% bullish,of 11 ratings,N/A
CYCCP,NULL,1440105057769,0,100% bearish,of 1 rating,N/A
CBAY,$2.71,1440105057835,"62,973",100% bullish,of 1 rating,$4
CYNO,$32.51,1440105057913,"167,917",67% bearish,of 3 ratings,$45.50
CY,$9.4389,1440105057942,"4,988,813",80% bullish,of 10 ratings,$15.50
CYNA,$16.18,1440105057976,"22,884",100% bullish,of 1 rating,$31.50
CONE,$33.3,1440105057998,"390,995",67% bearish,of 3 ratings,$35
CYTK,$6.39,1440105058081,"207,724",71% bullish,of 14 ratings,$13.50
CYTX,$0.3826,1440105058215,"590,896",83% bullish,of 12 ratings,$5.50
CTSO,$7.02,1440105058247,"54,995",Not yet rated,NULL,$15.625
DAEG,$0.3301,1440105058347,"16,273",100% bearish,of 1 rating,N/A
CYTR,$2.2,1440105058380,"384,869",67% bullish,of 6 ratings,$10
CYRN,$1.67,1440105058407,"72,800",67% bullish,of 3 ratings,$4
TVIZ,$13.88,1440105058488,600,100% bearish,of 1 rating,N/A
TVIX,$7.05,1440105058633,"10,392,502",81% bullish,of 16 ratings,N/A
ZIV,$47.64,1440105058680,"80,517",Not yet rated,NULL,N/A
DJCO,$202,1440105058778,"1,645",Not yet rated,NULL,N/A
DARA,$0.89,1440105058807,"19,622",83% bullish,of 6 ratings,$1.50
DAKT,$11.71,1440105058838,"168,774",50% bullish,of 2 ratings,$14
XIV,$42.197,1440105058859,"14,410,504",75% bearish,of 4 ratings,N/A
DRAM,$1.44,1440105058893,"7,166",78% bullish,of 9 ratings,N/A
DTLK,$5.35,1440105059079,"91,666",100% bearish,of 1 rating,$9
DAIO,$2.63,1440105059133,"22,414",Not yet rated,NULL,N/A
DWCH,$5.15,1440105059164,"38,439",75% bullish,of 4 ratings,$8.25
DTEA,$12.96,1440105059235,"97,594",100% bearish,of 2 ratings,$24
DWSN,$4.22,1440105059261,"12,029",67% bullish,of 3 ratings,$6
PLAY,$34.81,1440105059391,"196,917",100% bullish,of 5 ratings,$42
TRAK,$62.96,1440105059519,"1,075,128",50% bullish,of 2 ratings,$62.50
DBVT,$40.9791,1440105059551,"53,511",100% bearish,of 1 rating,$53
DHRM,$1.79,1440105059586,"8,613",Not yet rated,NULL,N/A
TACOW,$4.01,1440105059617,"8,233",100% bullish,of 1 rating,N/A
DFRG,$14.72,1440105059643,"86,691",100% bearish,of 1 rating,$20
TACO,$13.2412,1440105059676,"127,051",100% bullish,of 3 ratings,$20
DCTH,$0.5015,1440105059705,"232,299",78% bullish,of 9 ratings,N/A
DGAS,$20.23,1440105059840,"9,992",67% bearish,of 3 ratings,N/A
DELT,$2.7,1440105059979,"11,747",Not yet rated,NULL,N/A
DELTW,NULL,1440105060008,0,Not yet rated,NULL,N/A
XRAY,$55.27,1440105060381,"376,760",100% bullish,of 1 rating,$58
DSCI,$6.4,1440105060407,"36,888",50% bullish,of 2 ratings,$16
DENN,$12.03,1440105060439,"366,909",100% bullish,of 3 ratings,$15
DEPO,$29.82,1440105060473,"723,152",60% bullish,of 5 ratings,$29
DSWL,NULL,1440105060501,0,100% bullish,of 1 rating,N/A
DXM,$0.3088,1440105060523,"129,135",50% bullish,of 2 ratings,N/A
DEST,$11.96,1440105060557,"41,077",50% bullish,of 2 ratings,N/A
DERM,$24.05,1440105060585,"75,144",100% bearish,of 1 rating,$33.50
DXCM,$90.31,1440105060734,"595,151",57% bullish,of 7 ratings,$98
DXLG,$4.59,1440105060879,"40,296",100% bearish,of 1 rating,$8
DMND,$30.68,1440105060951,"202,359",75% bullish,of 12 ratings,$32
DHXM,NULL,1440105061011,0,Not yet rated,NULL,N/A
FANG,$70.2216,1440105061143,"587,489",50% bullish,of 2 ratings,$86
DHIL,$190.43,1440105061171,"3,409",Not yet rated,NULL,N/A
DRNA,$10,1440105061199,"121,271",67% bearish,of 3 ratings,$25
DCIX,$1.75,1440105061229,"37,391",50% bullish,of 4 ratings,$3.50
DRAD,$3.91,1440105061330,"14,527",100% bullish,of 1 rating,$5.25
DGII,$9.99,1440105061370,"61,325",100% bearish,of 1 rating,$10
DGLY,$7.26,1440105061424,"133,161",50% bullish,of 6 ratings,$20
DMRC,$35.27,1440105061458,"78,056",100% bearish,of 1 rating,$44
DCOM,$16.91,1440105061587,"78,113",100% bearish,of 2 ratings,$16.50
APPS,$2.29,1440105061618,"119,151",100% bearish,of 1 rating,$10.25
DIOD,$19.4,1440105061640,"192,513",75% bearish,of 4 ratings,$24
DPRX,$12.25,1440105061669,"90,004",100% bullish,of 2 ratings,$27.75
DISCB,$30.53,1440105062012,75,100% bearish,of 1 rating,$35
DISCA,$27.3167,1440105062044,"4,421,785",67% bullish,of 3 ratings,$34
DISCK,$26.2668,1440105062068,"4,365,217",100% bearish,of 1 rating,$32
DSCO,$0.44,1440105062102,"196,060",83% bullish,of 6 ratings,$2.75
DLHC,$2.53,1440105062127,"1,422",100% bearish,of 1 rating,N/A
DVCR,$11.2,1440105062163,"7,167",100% bullish,of 1 rating,N/A
DISH,$63.27,1440105062185,"1,257,719",69% bullish,of 13 ratings,$73
BAGR,$3.06,1440105062211,"8,767",100% bearish,of 1 rating,$6
DNBF,$26.99,1440105062478,"1,460",Not yet rated,NULL,$27.50
DGICA,$14.32,1440105062506,"9,288",100% bearish,of 1 rating,$17
DLTR,$79.36,1440105062556,"1,508,298",82% bullish,of 11 ratings,$88
DGICB,NULL,1440105062581,0,100% bearish,of 1 rating,N/A
DMLP,$13.97,1440105062641,"158,758",100% bearish,of 1 rating,N/A
DORM,$50.36,1440105062787,"153,594",100% bearish,of 1 rating,$56
HILL,$9.68,1440105062831,"5,414,103",60% bearish,of 5 ratings,$9
DRWIW,$0.068,1440105062916,400,Not yet rated,NULL,N/A
DSKX,$3.18,1440105062952,"143,353",100% bullish,of 1 rating,N/A
DRWI,$0.25,1440105062982,"431,713",60% bullish,of 5 ratings,$.45
DSPG,$8.66,1440105063011,"67,092",100% bearish,of 1 rating,$13.50
DRYS,$0.3589,1440105063043,"2,838,037",77% bullish,of 31 ratings,$.60
DWA,$18.1678,1440105063073,"637,215",63% bullish,of 8 ratings,$26
CADTR,NULL,1440105063230,0,Not yet rated,NULL,N/A
CADT,NULL,1440105063256,0,Not yet rated,NULL,N/A
CADTU,NULL,1440105063401,0,Not yet rated,NULL,N/A
DTSI,$26.68,1440105063592,"63,963",100% bearish,of 2 ratings,$39.50
CADTW,NULL,1440105063623,0,Not yet rated,NULL,N/A
DNKN,$50.024,1440105063662,"1,265,438",67% bullish,of 15 ratings,$56.50
DRRX,$2.01,1440105063727,"304,944",50% bullish,of 6 ratings,$3
DYAX,$21.96,1440105063756,"489,694",89% bullish,of 9 ratings,$30
BOOM,$10.19,1440105063780,"44,266",67% bullish,of 3 ratings,$12
DXPE,$28.36,1440105063815,"147,739",50% bullish,of 2 ratings,N/A
DYNT,$2.96,1440105063917,"10,842",75% bullish,of 4 ratings,N/A
DVAX,$27.28,1440105063961,"310,526",70% bullish,of 10 ratings,$40
DYSL,$1.57,1440105063987,"406,978",100% bullish,of 2 ratings,N/A
EBMT,$11.46,1440105064140,"1,318",Not yet rated,NULL,$13.50
ETFC,$26.4568,1440105064181,"1,675,705",57% bullish,of 14 ratings,$33
EGBN,$43.13,1440105064227,"57,335",Not yet rated,NULL,$48
EGLE,$6.36,1440105064318,"26,497",60% bullish,of 5 ratings,N/A
ELNK,$8.57,1440105064426,"545,256",60% bullish,of 5 ratings,$9.50
EGRX,$64.87,1440105064448,"241,523",67% bullish,of 3 ratings,$97
EWBC,$42.3949,1440105064480,"1,142,705",100% bearish,of 1 rating,$50
EROC,$1.13,1440105064536,"406,815",50% bullish,of 2 ratings,$3
EML,$16.82,1440105064607,"56,060",Not yet rated,NULL,N/A
EACQU,$10.2,1440105064669,945,Not yet rated,NULL,N/A
EBAY,$26.52,1440105064707,"9,793,490",81% bullish,of 117 ratings,$48
EBIX,$29.1,1440105064752,"311,086",69% bullish,of 13 ratings,$40
ECHO,$25.35,1440105064910,"380,677",67% bearish,of 3 ratings,$35.50
EVBS,$6.45,1440105064938,"1,970",Not yet rated,NULL,$7
ELON,$0.54,1440105064964,"72,572",50% bullish,of 2 ratings,N/A
ECTE,$1.53,1440105064993,"11,700",75% bullish,of 4 ratings,N/A
EEI,$11.27,1440105065163,"8,434",67% bearish,of 3 ratings,N/A
SATS,$45.4408,1440105065206,"88,882",50% bullish,of 2 ratings,$60
ECACU,$10.09,1440105065232,"13,600",Not yet rated,NULL,N/A
ESES,$3.4,1440105065381,"9,262",100% bearish,of 1 rating,$7
EDGW,$7.11,1440105065404,"11,900",100% bearish,of 1 rating,N/A
EDUC,$4.73,1440105065461,"6,158",100% bearish,of 1 rating,N/A
EDAP,$3.45,1440105065487,"46,008",60% bullish,of 5 ratings,$4.50
EFUT,$4.3,1440105065619,"4,035",Not yet rated,NULL,N/A
EGAN,$3.49,1440105065719,"315,325",50% bullish,of 2 ratings,$6.25
LOCO,$12.48,1440105065751,"1,609,042",69% bullish,of 13 ratings,$20
EGLT,$11.37,1440105065779,"162,920",50% bullish,of 2 ratings,$21
ERI,$9.36,1440105065850,"86,748",100% bearish,of 1 rating,$10
EMITF,$1.3,1440105065911,"14,134",75% bullish,of 4 ratings,N/A
ELRC,$10.23,1440105065980,"27,369",100% bearish,of 1 rating,N/A
EHTH,$13.96,1440105066007,"91,133",50% bullish,of 4 ratings,$16.50
ESLT,$81.3,1440105066040,"4,851",100% bullish,of 2 ratings,N/A
EA,$67.71,1440105066212,"2,981,468",77% bullish,of 35 ratings,$80
ESIO,$4.6,1440105066277,"68,376",50% bullish,of 2 ratings,$10
EFII,$44.29,1440105066350,"150,282",80% bullish,of 5 ratings,$55
ELEC,NULL,1440105066551,0,Not yet rated,NULL,N/A
ELECW,NULL,1440105066600,0,Not yet rated,NULL,N/A
ELSE,$4.09,1440105066628,487,60% bullish,of 5 ratings,N/A
EBIO,$3.16,1440105066655,"592,202",100% bearish,of 2 ratings,$8.35
ELECU,NULL,1440105066681,0,Not yet rated,NULL,N/A
RDEN,$10.46,1440105066809,"117,020",100% bearish,of 4 ratings,$15
CAPX,NULL,1440105066864,0,Not yet rated,NULL,N/A
ESBK,$19.48,1440105066935,"3,100",Not yet rated,NULL,N/A
LONG,$17.09,1440105067036,"26,510",67% bullish,of 3 ratings,$15.75
EMCF,NULL,1440105067077,0,100% bearish,of 1 rating,N/A
ELTK,$1.12,1440105067115,"33,348",67% bearish,of 3 ratings,N/A
EMKR,$6.99,1440105067172,"90,614",75% bullish,of 4 ratings,$8.50
EMCI,$23.44,1440105067198,"15,998",Not yet rated,NULL,N/A
EMMS,$1.3,1440105067341,"40,242",67% bullish,of 6 ratings,N/A
EMMSP,$3.38,1440105067476,300,100% bearish,of 1 rating,N/A
NYNY,$4.01,1440105067510,"42,347",50% bullish,of 2 ratings,N/A
ERS,$2.84,1440105067546,"1,551",Not yet rated,NULL,N/A
ENTA,$39.25,1440105067608,"167,453",50% bullish,of 2 ratings,$42
WIRE,$32.64,1440105067637,"56,631",100% bearish,of 1 rating,$37
ECPG,$38.76,1440105067664,"129,619",100% bullish,of 2 ratings,$52
ENDP,$80.8103,1440105067711,"1,469,906",50% bullish,of 6 ratings,$104
ECYT,$4.98,1440105067814,"258,115",83% bullish,of 6 ratings,$12
ELGX,$13.06,1440105067847,"562,142",75% bullish,of 4 ratings,$17
EIGI,$15.49,1440105067979,"482,156",67% bearish,of 3 ratings,$20
EFOI,$17.25,1440105068055,"611,410",50% bullish,of 2 ratings,$20.50
ERII,$2.84,1440105068080,"54,493",80% bullish,of 5 ratings,$2.50
WATT,$7.06,1440105068137,"73,164",50% bullish,of 2 ratings,$13
ENOC,$8.05,1440105068323,"202,614",75% bullish,of 4 ratings,$18
ENG,$1.02,1440105068345,"22,928",100% bullish,of 3 ratings,N/A
EXXI,$1.51,1440105068379,"1,088,540",86% bullish,of 7 ratings,$3.50
ESGR,$151.75,1440105068409,"37,948",100% bearish,of 1 rating,$185
ENPH,$4.51,1440105068437,"477,754",75% bullish,of 4 ratings,$11
ENFC,$18.17,1440105068517,"3,116",Not yet rated,NULL,N/A
ENTG,$13.82,1440105068688,"286,394",100% bearish,of 1 rating,$18
ETRM,$0.2459,1440105068718,"337,995",69% bearish,of 35 ratings,$1.625
ENTL,$21.72,1440105068740,"70,481",Not yet rated,NULL,$28
EBTC,$20.41,1440105068762,"5,710",Not yet rated,NULL,N/A
EGT,$2.03,1440105068895,"6,825",100% bullish,of 1 rating,N/A
EFSC,$24.55,1440105068921,"31,174",Not yet rated,NULL,$27
ENVI,$1.78,1440105069052,"5,888",67% bullish,of 3 ratings,N/A
ENZN,$1.07,1440105069081,"307,206",100% bullish,of 9 ratings,N/A
EPIQ,$13.82,1440105069116,"69,039",100% bearish,of 1 rating,$18
ENZY,$8.95,1440105069210,"11,550",67% bullish,of 3 ratings,$9.50
EPZM,$15.75,1440105069238,"261,354",60% bullish,of 5 ratings,$34
EPRS,$4.77,1440105069266,"100,131",82% bullish,of 11 ratings,$15
PLUS,$79.97,1440105069396,"174,413",50% bullish,of 2 ratings,$88
EQFN,$8.39,1440105069476,"2,618",Not yet rated,NULL,N/A
EAC,$3.7,1440105069535,"19,830",100% bearish,of 1 rating,$8
EQIX,$279.9264,1440105069564,"270,771",67% bullish,of 3 ratings,$312.50
ERIE,$86.5027,1440105069664,"17,842",Not yet rated,NULL,$73
ERIC,$9.84,1440105069692,"1,104,718",63% bullish,of 8 ratings,$13.30
ESCRP,NULL,1440105069872,0,100% bearish,of 1 rating,N/A
ESCA,$18.29,1440105069899,"14,908",100% bearish,of 1 rating,$22
ESCR,$0.18,1440105069932,"54,238",50% bullish,of 2 ratings,N/A
ESMC,$1.34,1440105069968,137,Not yet rated,NULL,N/A
ESSA,$12.86,1440105070069,"4,519",100% bearish,of 1 rating,N/A
EPIX,NULL,1440105070095,0,Not yet rated,NULL,N/A
ESPR,$52.96,1440105070117,"1,409,620",67% bearish,of 9 ratings,$123
ETSY,$14.25,1440105070273,"532,337",80% bullish,of 5 ratings,$16
ESSX,$0.5498,1440105070304,"47,963",50% bullish,of 2 ratings,N/A
ESND,$35.48,1440105070401,"81,179",50% bullish,of 2 ratings,$40
ESEA,$6.12,1440105070502,"2,347",100% bullish,of 1 rating,$15
EEFT,$66.89,1440105070528,"167,555",100% bearish,of 1 rating,$67.50
EVEP,$7.6,1440105070556,"243,157",50% bullish,of 2 ratings,$15
CLWT,NULL,1440105070586,0,100% bearish,of 1 rating,N/A
EVK,$3.7,1440105070684,"2,512",75% bearish,of 4 ratings,N/A
EVLV,$2.17,1440105070730,"120,851",60% bullish,of 5 ratings,$6.50
EXA,$10.68,1440105070858,"10,052",100% bearish,of 1 rating,$13
EVOL,$6.07,1440105070950,"18,343",75% bullish,of 4 ratings,$10
EVOK,$4.25,1440105070985,"199,106",100% bearish,of 1 rating,$13.75
EXAS,$21.16,1440105071015,"754,166",78% bullish,of 9 ratings,$31
EXAC,$18.6,1440105071090,"24,056",100% bearish,of 1 rating,$22.50
EXEL,$5.4,1440105071158,"3,356,565",81% bullish,of 16 ratings,$6
EXFO,$2.84,1440105071184,"3,100",67% bearish,of 3 ratings,$3.95
EXLS,$37.36,1440105071366,"91,475",100% bullish,of 1 rating,$41
EXPD,$49.4941,1440105071497,"1,720,185",80% bullish,of 5 ratings,$50.50
ESRX,$88.1194,1440105071529,"2,752,196",67% bearish,of 6 ratings,$101
EXPE,$118.6858,1440105071552,"645,904",64% bullish,of 11 ratings,$130
EXLP,$18.9217,1440105071585,"83,485",100% bearish,of 1 rating,$27
EYEGW,NULL,1440105071627,0,Not yet rated,NULL,N/A
EXTR,$2.86,1440105071717,"622,858",80% bullish,of 5 ratings,$3
EXPO,$42.87,1440105071797,"47,407",100% bearish,of 1 rating,$45.50
EYEG,$4.11,1440105071859,"24,085",Not yet rated,NULL,N/A
EZPW,$6.05,1440105071931,"171,879",50% bullish,of 4 ratings,$7.50
FB,$90.297,1440105072062,"26,605,721",73% bullish,of 1065 ratings,$111
EZCH,$21.3,1440105072089,"64,148",75% bullish,of 8 ratings,$19.50
FCS,$13.2684,1440105072223,"968,251",67% bearish,of 3 ratings,$17
FFIV,$126.56,1440105072276,"740,716",63% bullish,of 8 ratings,$132
FWM,$2.28,1440105072328,"111,703",100% bearish,of 2 ratings,$3.20
FRP,$16.71,1440105072367,"63,475",100% bearish,of 1 rating,$18
FALC,$1.62,1440105072422,"26,117",63% bearish,of 8 ratings,N/A
DAVE,$13.96,1440105072453,"26,636",100% bearish,of 1 rating,$15.50
FFKT,$26.64,1440105072557,"11,838",Not yet rated,NULL,$29
FARM,$22.44,1440105072590,"13,284",100% bearish,of 1 rating,$35
FMNB,$8.05,1440105072690,"5,384",Not yet rated,NULL,N/A
FARO,$39.08,1440105072717,"82,089",50% bullish,of 2 ratings,$48
FAST,$39.3753,1440105072746,"1,348,656",80% bullish,of 5 ratings,$46
FATE,$5.82,1440105072783,"153,364",50% bullish,of 2 ratings,$11
FBSS,$15.451,1440105072913,163,Not yet rated,NULL,N/A
FBRC,$22.58,1440105073107,"10,533",100% bearish,of 1 rating,$29
FDML,$9.04,1440105073135,"202,479",50% bullish,of 4 ratings,$14
FNHC,$22.24,1440105073160,"56,253",100% bearish,of 1 rating,$35
FHCO,$1.4,1440105073319,"16,735",50% bullish,of 4 ratings,N/A
FGEN,$23.85,1440105073351,"230,336",100% bearish,of 1 rating,$39
FCSC,$5.71,1440105073377,"175,583",100% bearish,of 1 rating,$8.125
FEIC,$79.4805,1440105073406,"292,019",50% bullish,of 2 ratings,$95.50
FENX,$9.72,1440105073433,"157,342",100% bullish,of 1 rating,$14.25
ONEQ,$192.27,1440105073533,"23,082",100% bullish,of 1 rating,N/A
LION,$19.37,1440105073668,"55,996",100% bullish,of 1 rating,$20
FDUS,$14.87,1440105073756,"24,270",100% bullish,of 1 rating,$18
FRGI,$53.21,1440105073812,"126,042",50% bullish,of 2 ratings,$70
FSCFL,$24.8,1440105073839,"9,505",Not yet rated,NULL,N/A
FSC,$6.58,1440105073861,"821,342",75% bullish,of 4 ratings,$8
FSAM,$8.85,1440105073893,"7,534",100% bearish,of 1 rating,$11
FITB,$20.4575,1440105074037,"4,305,346",54% bullish,of 13 ratings,$22
FITBI,$27.71,1440105074128,"66,474",Not yet rated,NULL,N/A
FNGN,$33.42,1440105074172,"364,207",67% bullish,of 3 ratings,$47
FSFR,$9.05,1440105074200,"83,553",100% bearish,of 1 rating,$11.50
FNSR,$15.59,1440105074273,"1,087,670",71% bullish,of 7 ratings,$24.50
FNJN,$1.72,1440105074304,"14,525",100% bearish,of 1 rating,$5
FISI,$24.74,1440105074331,"47,724",100% bullish,of 2 ratings,$24.50
FNTCU,NULL,1440105074525,0,Not yet rated,NULL,N/A
FNTC,$9.82,1440105074553,200,Not yet rated,NULL,N/A
FNTCW,NULL,1440105074763,0,Not yet rated,NULL,N/A
FEYE,$39.6,1440105074796,"3,989,079",87% bullish,of 15 ratings,$55.50
FNLC,$18.47,1440105074818,"12,636",100% bullish,of 1 rating,N/A
FBNC,$16.76,1440105074849,"25,768",100% bullish,of 1 rating,$20
BUSE,$6.35,1440105074893,"81,508",Not yet rated,NULL,$6.875
FRBA,$5.99,1440105074979,548,Not yet rated,NULL,$8
FBIZ,$43.81,1440105075026,"12,208",100% bearish,of 2 ratings,$52
FCVA,$4.71,1440105075129,"1,780",Not yet rated,NULL,N/A
FCAP,$26.74,1440105075188,"1,730",Not yet rated,NULL,N/A
FCFS,$38.23,1440105075329,"89,850",100% bearish,of 2 ratings,$48
FCNCA,$241.86,1440105075358,"8,528",Not yet rated,NULL,N/A
FCLF,$9.21,1440105075385,14,Not yet rated,NULL,N/A
FCCO,$12,1440105075416,"5,554",Not yet rated,NULL,$13.25
FCBC,$17.62,1440105075518,"17,926",Not yet rated,NULL,$18
FCFP,$6.824,1440105075601,"1,500",Not yet rated,NULL,N/A
FBNK,$16.5,1440105075736,"22,336",100% bearish,of 1 rating,$17.50
FDEF,$37.48,1440105075763,"48,287",Not yet rated,NULL,$38
FFBC,$18.94,1440105075927,"134,812",67% bearish,of 3 ratings,$20.25
FFNM,$6.26,1440105075958,"1,500",Not yet rated,NULL,N/A
FFBCW,NULL,1440105076021,0,100% bearish,of 1 rating,N/A
FFIN,$31.12,1440105076052,"196,299",50% bullish,of 2 ratings,$31.75
THFF,$33.09,1440105076074,"12,643",Not yet rated,NULL,$35
FFNW,$12.38,1440105076302,"65,920",Not yet rated,NULL,$14
FFWM,$21.4,1440105076330,"15,147",Not yet rated,NULL,$24
INBK,$32.17,1440105076359,"10,446",50% bullish,of 2 ratings,$37
FRME,$25.29,1440105076491,"143,735",Not yet rated,NULL,$26.50
FIBK,$27.16,1440105076519,"53,632",Not yet rated,NULL,$32
FMBH,$22.35,1440105076549,300,Not yet rated,NULL,N/A
FMBI,$17.88,1440105076648,"215,096",Not yet rated,NULL,$20
FNBC,$34.65,1440105076839,"75,402",Not yet rated,NULL,$41.50
FNFG,$9.44,1440105076885,"1,387,013",80% bullish,of 5 ratings,$9
FNWB,$12.06,1440105076922,"10,056",Not yet rated,NULL,N/A
FSGI,$2.47,1440105076956,"7,979",Not yet rated,NULL,N/A
FSLR,$47.88,1440105076977,"1,276,219",74% bullish,of 39 ratings,$65
FSFG,$31.12,1440105077009,200,Not yet rated,NULL,N/A
FSBK,$7.87,1440105077140,"4,797",100% bullish,of 1 rating,N/A
BICK,$20.17,1440105077209,500,100% bullish,of 1 rating,N/A
FBZ,NULL,1440105077366,0,Not yet rated,NULL,N/A
FCAN,$24.98,1440105077418,"4,035",Not yet rated,NULL,N/A
FTCS,$37.69,1440105077466,"34,704",Not yet rated,NULL,N/A
FCA,$20.8501,1440105077494,"6,450",Not yet rated,NULL,N/A
IFV,$18.05,1440105077681,"1,544,160",100% bearish,of 1 rating,N/A
FV,$23.83,1440105077707,"1,714,940",Not yet rated,NULL,N/A
FEUZ,$31.41,1440105077737,"1,033",Not yet rated,NULL,N/A
FEMB,$42.01,1440105077762,200,Not yet rated,NULL,N/A
TDIV,$25.11,1440105077909,"140,254",100% bearish,of 1 rating,N/A
MDIV,$19.6,1440105077937,"144,745",Not yet rated,NULL,N/A
FTSM,$59.93,1440105077980,"14,239",100% bearish,of 1 rating,N/A
FGM,$35.6,1440105078007,"26,448",Not yet rated,NULL,N/A
FTGC,$22.52,1440105078084,"70,217",Not yet rated,NULL,N/A
FTHI,$20.08,1440105078227,"5,692",Not yet rated,NULL,N/A
HYLS,$49.7,1440105078555,"31,564",100% bearish,of 1 rating,N/A
FPXI,$27.86,1440105078592,"5,469",Not yet rated,NULL,N/A
FHK,$33.85,1440105078617,"73,717",Not yet rated,NULL,N/A
YDIV,$16.82,1440105078642,"6,339",Not yet rated,NULL,N/A
SKYY,$29.59,1440105078673,"44,866",100% bullish,of 1 rating,N/A
PLTM,$6.67,1440105078703,"5,232",100% bearish,of 1 rating,N/A
CU,$13.03,1440105078725,"7,710",100% bearish,of 1 rating,N/A
FJP,$47.93,1440105078886,"72,023",Not yet rated,NULL,N/A
FTLB,$19.8422,1440105078976,300,100% bearish,of 1 rating,N/A
LMBS,$50.48,1440105079046,"9,704",Not yet rated,NULL,N/A
FMB,$51.15,1440105079075,"4,919",Not yet rated,NULL,N/A
QABA,$38.195,1440105079102,"32,518",100% bearish,of 1 rating,N/A
CIBR,$18.55,1440105079237,"102,881",Not yet rated,NULL,N/A
GRID,$33.6,1440105079574,"1,757",100% bearish,of 1 rating,N/A
FONE,$35.26,1440105079615,"1,949",Not yet rated,NULL,N/A
CARZ,$35.7,1440105079641,"4,262",100% bearish,of 1 rating,N/A
QQXT,$41.52,1440105079668,"7,664",Not yet rated,NULL,N/A
QCLN,$15.08,1440105079692,"21,363",Not yet rated,NULL,N/A
QQEW,$42.63,1440105079724,"124,537",Not yet rated,NULL,N/A
RDVY,$21.9399,1440105079746,"2,352",Not yet rated,NULL,N/A
AIRR,$16.43,1440105079938,"6,709",100% bearish,of 1 rating,N/A
FKO,NULL,1440105080035,0,Not yet rated,NULL,N/A
QINC,$21.1,1440105080056,408,Not yet rated,NULL,N/A
FTSL,$48.98,1440105080095,"33,367",100% bearish,of 1 rating,N/A
QTEC,$40.54,1440105080116,"120,207",Not yet rated,NULL,N/A
FDIV,$48.18,1440105080191,439,100% bearish,of 1 rating,N/A
FSZ,$39.6,1440105080246,"26,370",Not yet rated,NULL,N/A
TUSA,$25.5,1440105080473,186,Not yet rated,NULL,N/A
FKU,$42.78,1440105080500,"29,452",Not yet rated,NULL,N/A
FUNC,$8.26,1440105080550,"5,526",Not yet rated,NULL,N/A
FTW,$30.705,1440105080635,646,Not yet rated,NULL,N/A
SVVC,$10.54,1440105080661,"12,277",100% bullish,of 1 rating,$26
FMER,$17.8279,1440105080709,"829,568",50% bullish,of 2 ratings,$20
FSV,$32.28,1440105080801,"8,121",Not yet rated,NULL,$33.60
FISV,$88.42,1440105080840,"753,536",100% bearish,of 3 ratings,$90
FPRX,$17.96,1440105080876,"302,415",50% bullish,of 2 ratings,$35
FIVN,$4.1,1440105081015,"309,909",100% bullish,of 1 rating,$8.50
FIVE,$36.02,1440105081041,"209,732",75% bearish,of 4 ratings,$44
FLML,$21.0982,1440105081204,"171,930",50% bullish,of 2 ratings,$30
SKOR,$50.5,1440105081278,300,Not yet rated,NULL,N/A
FLXN,$24.08,1440105081310,"80,746",100% bearish,of 1 rating,$40
FLKS,$13.81,1440105081339,"56,655",50% bullish,of 2 ratings,$27
MBSD,$24.932,1440105081408,805,Not yet rated,NULL,N/A
FLXS,$32.205,1440105081509,"38,291",100% bearish,of 2 ratings,N/A
FLEX,$10.8191,1440105081541,"1,634,404",63% bullish,of 8 ratings,$12
FFIC,$20.25,1440105081605,"37,126",Not yet rated,NULL,$21
FLIR,$29.5964,1440105081640,"578,364",100% bearish,of 1 rating,$38.50
FLDM,$12.52,1440105081668,"450,716",67% bearish,of 3 ratings,$21.50
FONR,$9.76,1440105081843,"23,996",100% bullish,of 1 rating,N/A
FOMX,$9.82,1440105081874,"344,356",50% bullish,of 2 ratings,$23.50
FOGO,$18.83,1440105081928,"99,390",50% bullish,of 2 ratings,$25.50
FES,$0.92,1440105082009,"1,286",50% bullish,of 2 ratings,$1
FORM,$6.04,1440105082059,"186,304",67% bullish,of 3 ratings,$10.50
FORTY,$31.81,1440105082188,247,Not yet rated,NULL,N/A
FTNT,$44.6046,1440105082220,"1,357,926",80% bullish,of 10 ratings,$52
FWRD,$47.07,1440105082286,"249,603",100% bearish,of 1 rating,$50
FORR,$32.33,1440105082314,"25,038",Not yet rated,NULL,N/A
FBIO,$2.77,1440105082378,"101,628",83% bullish,of 6 ratings,N/A
FWP,$25.18,1440105082445,"13,443",100% bearish,of 1 rating,$45
FOSL,$60.5927,1440105082474,"675,701",50% bullish,of 4 ratings,$70
FORD,$1.01,1440105082504,"214,000",50% bullish,of 2 ratings,N/A
FMI,$20.02,1440105082603,"191,431",100% bearish,of 2 ratings,$27.50
FXCB,$17.1,1440105082671,"49,277",Not yet rated,NULL,$19
FOXF,$15.27,1440105082867,"38,116",100% bearish,of 1 rating,$19
FELE,$29.19,1440105082935,"191,115",50% bullish,of 4 ratings,$33
FRED,$14.48,1440105082968,"141,529",50% bullish,of 2 ratings,$16.50
FRAN,$10.21,1440105082997,"397,869",50% bullish,of 4 ratings,$15
FREE,$0.506,1440105083071,"2,225,821",92% bullish,of 12 ratings,N/A
RAIL,$20.38,1440105083097,"64,968",100% bearish,of 1 rating,$24.50
FEIM,$11.13,1440105083178,"4,935",100% bearish,of 1 rating,N/A
FTR,$5.2594,1440105083235,"12,881,236",78% bullish,of 27 ratings,$6.25
FRPT,$13.32,1440105083261,"258,261",67% bearish,of 3 ratings,$23.50
FRPH,$31.11,1440105083569,"3,009",100% bearish,of 1 rating,N/A
FTD,$29.74,1440105083599,"70,568",100% bearish,of 1 rating,$40
FTRPR,$103.83,1440105083636,"107,538",100% bearish,of 1 rating,N/A
FSYS,$6.46,1440105083658,"40,555",67% bullish,of 3 ratings,$10
FSBW,$23.24,1440105083680,115,Not yet rated,NULL,N/A
FTEK,$2.21,1440105083730,"26,203",75% bullish,of 4 ratings,N/A
FCEL,$0.78,1440105083756,"832,508",88% bullish,of 40 ratings,$2.65
FULL,$3.17,1440105084004,"20,379",67% bearish,of 3 ratings,$4.25
FULT,$12.5385,1440105084038,"747,543",100% bearish,of 1 rating,$13
FFHL,NULL,1440105084072,0,50% bullish,of 4 ratings,N/A
FULLL,$25.31,1440105084135,"3,250",Not yet rated,NULL,N/A
FSNN,$2.51,1440105084162,"2,400",67% bullish,of 3 ratings,$6
FLL,$1.5,1440105084193,"126,992",75% bullish,of 4 ratings,$2.825
FXEN,$0.98,1440105084222,"63,000",75% bullish,of 4 ratings,$1.10
FXENP,$16.2788,1440105084438,"1,100",100% bearish,of 1 rating,N/A
GK,$71.15,1440105084530,"47,215",Not yet rated,NULL,$78
GAIA,$5.88,1440105084713,"13,656",50% bullish,of 2 ratings,$8.50
GLPG,$64.05,1440105084740,"25,156",100% bullish,of 1 rating,$75
WILC,$5.1,1440105084767,"5,570",100% bullish,of 2 ratings,N/A
GALTU,NULL,1440105084821,0,100% bearish,of 1 rating,N/A
GALT,$1.97,1440105084902,"89,070",80% bullish,of 5 ratings,N/A
GLMD,$8.5,1440105084931,"4,179",67% bullish,of 3 ratings,$20.50
GALE,$1.36,1440105084958,"1,011,085",89% bullish,of 47 ratings,$4
GALTW,$0.65,1440105085094,300,100% bullish,of 1 rating,N/A
GLPI,$32.4635,1440105085129,"342,535",100% bearish,of 1 rating,$37.50
GPIC,$10.8,1440105085161,714,100% bearish,of 1 rating,N/A
GGAC,$9.82,1440105085226,200,100% bearish,of 1 rating,N/A
GRMN,$38.9953,1440105085261,"641,838",50% bullish,of 6 ratings,$48
GGACU,NULL,1440105085321,0,Not yet rated,NULL,N/A
GGACR,NULL,1440105085348,0,100% bullish,of 1 rating,N/A
GGACW,$0.12,1440105085545,510,Not yet rated,NULL,N/A
GARS,$14.78,1440105085641,"14,787",Not yet rated,NULL,$16
GENC,$9.51,1440105085672,725,100% bearish,of 1 rating,N/A
GNCMA,$16.56,1440105085699,"119,546",100% bearish,of 1 rating,$12
GFNCP,$95,1440105085720,400,Not yet rated,NULL,N/A
GFN,$3.77,1440105085755,"21,901",100% bearish,of 2 ratings,$8
GFNSL,$25.5,1440105085778,"3,100",Not yet rated,NULL,N/A
GENE,$2.57,1440105085807,"175,619",100% bullish,of 12 ratings,N/A
GNMK,$9.02,1440105086295,"174,311",67% bullish,of 6 ratings,$14
GHDX,$24.84,1440105086479,"183,062",50% bullish,of 2 ratings,$30
GNCA,$12.14,1440105086515,"158,084",100% bearish,of 1 rating,$20
GNTX,$15.2582,1440105086537,"1,174,708",Not yet rated,NULL,$20
THRM,$44.79,1440105086572,"200,987",75% bearish,of 4 ratings,$55.50
GEOS,$14.95,1440105086612,"121,745",100% bearish,of 3 ratings,$25.50
GTWN,$18.57,1440105086642,2,Not yet rated,NULL,N/A
GNVC,$2.4,1440105086664,"4,629",90% bullish,of 10 ratings,$8.50
GABC,$29.19,1440105086694,"17,674",Not yet rated,NULL,$31.50
GEVO,$2.29,1440105086840,"283,989",75% bullish,of 12 ratings,$5
GERN,$2.98,1440105086898,"1,358,991",88% bullish,of 16 ratings,$5.25
ROCK,$17.94,1440105086930,"58,275",80% bullish,of 5 ratings,$24
GIGM,$0.62,1440105086963,"45,987",100% bullish,of 2 ratings,N/A
GIII,$67.19,1440105087030,"128,971",67% bullish,of 3 ratings,$75
GIGA,$1.49,1440105087059,"211,152",100% bearish,of 1 rating,N/A
GILT,$4.49,1440105087135,"11,206",50% bullish,of 2 ratings,N/A
GLAD,$8.37,1440105087311,"58,676",50% bullish,of 2 ratings,$8.75
GILD,$112.347,1440105087337,"5,886,846",91% bullish,of 86 ratings,$129
GBCI,$26.55,1440105087487,"250,906",50% bullish,of 2 ratings,$31
GLADO,$25.45,1440105087515,"2,866",Not yet rated,NULL,N/A
GOODP,NULL,1440105087536,0,Not yet rated,NULL,N/A
GOODO,$25.02,1440105087578,350,Not yet rated,NULL,N/A
GOOD,$15.6,1440105087606,"30,161",Not yet rated,NULL,$19
GOODN,$25.65,1440105087673,500,Not yet rated,NULL,N/A
GAIN,$7.64,1440105087705,"135,117",100% bullish,of 2 ratings,$8.25
GAINO,$25.7499,1440105087809,200,Not yet rated,NULL,N/A
GAINN,$25.36,1440105087917,"61,611",Not yet rated,NULL,N/A
GAINP,$25.98,1440105087949,"2,422",Not yet rated,NULL,N/A
LAND,$9.57,1440105087982,"13,313",50% bullish,of 2 ratings,$13.75
GLBZ,NULL,1440105088081,0,Not yet rated,NULL,N/A
GBT,$44.99,1440105088109,"124,108",100% bearish,of 1 rating,N/A
GDEF,NULL,1440105088239,0,Not yet rated,NULL,N/A
ENT,$11.52,1440105088314,"417,876",100% bearish,of 1 rating,$18
GBLI,$26.12,1440105088370,"12,769",Not yet rated,NULL,N/A
GPACU,$10.1,1440105088420,"1,650",Not yet rated,NULL,N/A
GSOL,$8.31,1440105088450,"12,884",100% bearish,of 1 rating,N/A
QQQC,$20.02,1440105088515,"8,973",100% bearish,of 1 rating,N/A
ACTX,$13.74,1440105088551,"4,351",100% bullish,of 1 rating,N/A
SOCL,$17.79,1440105088681,"50,191",100% bullish,of 2 ratings,N/A
ALTY,NULL,1440105088861,0,Not yet rated,NULL,N/A
SRET,$13.8,1440105088891,"1,901",Not yet rated,NULL,N/A
GAI,$5.4,1440105088917,"1,962",50% bullish,of 2 ratings,N/A
YLCO,$12,1440105088946,700,Not yet rated,NULL,N/A
GSM,$13.44,1440105089029,"296,210",50% bullish,of 2 ratings,$24.50
GLBS,$1.14,1440105089172,"7,026",67% bullish,of 3 ratings,N/A
GBIM,$2.24,1440105089205,"15,779",50% bullish,of 2 ratings,N/A
GLRI,$1.14,1440105089274,"5,485",100% bearish,of 1 rating,$6
GOGO,$15.83,1440105089305,"689,672",80% bullish,of 5 ratings,$25
GLUU,$4.54,1440105089346,"2,363,478",92% bullish,of 26 ratings,$9
GLYC,$7.26,1440105089373,"3,362",50% bullish,of 2 ratings,$14
GMLP,$19.43,1440105089439,"170,590",50% bullish,of 4 ratings,$32.50
GLNG,$36.8,1440105089522,"476,407",83% bullish,of 6 ratings,$58
GDEN,$8.65,1440105089660,"7,495",50% bullish,of 2 ratings,N/A
GLDC,$4.05,1440105089692,624,50% bullish,of 2 ratings,N/A
GOOG,$646.97,1440105089763,"1,316,269",89% bullish,of 65 ratings,$825
GOGL,$3.2,1440105089794,"312,040",75% bullish,of 4 ratings,$5
GOOGL,$679.48,1440105089862,"1,276,970",88% bullish,of 1079 ratings,$749
GBDC,$16.48,1440105089890,"48,813",Not yet rated,NULL,$17.75
GTIM,$6.12,1440105089923,"92,239",Not yet rated,NULL,$11.50
GPRO,$50.58,1440105090029,"5,917,495",78% bullish,of 58 ratings,$72
GPIA,NULL,1440105090130,0,Not yet rated,NULL,N/A
GMAN,$4.42,1440105090192,"49,810",60% bullish,of 5 ratings,$8
GPIAW,NULL,1440105090265,0,Not yet rated,NULL,N/A
GPIAU,$10,1440105090291,"10,100",Not yet rated,NULL,N/A
LOPE,$36.97,1440105090423,"266,204",100% bearish,of 2 ratings,$50
GRVY,$3.47,1440105090462,"1,240",50% bullish,of 2 ratings,N/A
GBSN,$2.0676,1440105090488,"115,082",100% bearish,of 1 rating,$8.25
GBSNU,$17.06,1440105090620,"3,901",Not yet rated,NULL,N/A
GRBK,$13.47,1440105090658,"195,126",77% bullish,of 13 ratings,N/A
GLDD,$5.4,1440105090688,"188,410",100% bearish,of 4 ratings,$7.75
GSBC,$40.32,1440105090714,"29,380",100% bullish,of 1 rating,$44
GNBC,$12.22,1440105090741,"22,303",100% bearish,of 1 rating,$17
GPP,$14.75,1440105090894,"53,303",Not yet rated,NULL,$20.50
GCBC,NULL,1440105090933,0,100% bullish,of 1 rating,N/A
GPRE,$19.5377,1440105090985,"577,642",67% bullish,of 6 ratings,$28.50
GLRE,$25.67,1440105091081,"133,981",100% bullish,of 1 rating,$41
GRIF,$30.44,1440105091110,7,100% bearish,of 1 rating,N/A
GRFS,$30.73,1440105091257,"101,754",50% bullish,of 2 ratings,$35
GGAL,$18.98,1440105091288,"205,771",80% bullish,of 5 ratings,$40
GRPN,$4.07,1440105091345,"5,239,876",61% bullish,of 71 ratings,$6.75
GSIG,$13.1,1440105091375,"35,709",100% bearish,of 2 ratings,N/A
OMAB,$40.18,1440105091403,"22,411",100% bullish,of 1 rating,$44
GTXI,$0.91,1440105091538,"58,763",100% bullish,of 5 ratings,$.75
GSVC,$9.1,1440105091571,"43,766",50% bullish,of 2 ratings,$14.50
GSIT,$4.81,1440105091670,"6,814",100% bearish,of 1 rating,N/A
GUID,$7.67,1440105091850,"126,345",100% bearish,of 3 ratings,$10
GFED,$14.84,1440105091927,"1,027",Not yet rated,NULL,$17
GULTU,$0.31,1440105092007,"4,016,655",100% bearish,of 1 rating,N/A
GIFI,$12.13,1440105092089,"40,944",100% bearish,of 1 rating,$16
GBNK,$15.8,1440105092137,"30,175",100% bearish,of 1 rating,$18
GURE,$1.75,1440105092169,"58,288",88% bullish,of 8 ratings,N/A
GPOR,$33.7559,1440105092330,"829,133",75% bullish,of 4 ratings,$55
GWPH,$102.98,1440105092361,"319,297",78% bullish,of 9 ratings,$148.50
GWGH,$7.38,1440105092465,550,100% bearish,of 1 rating,$15.05
GYRO,$2.9,1440105092495,"24,426",100% bearish,of 1 rating,N/A
HLG,$9.7,1440105092523,"2,200",100% bearish,of 1 rating,N/A
HEES,$16.34,1440105092545,"259,260",67% bearish,of 3 ratings,$31
HNRG,$7.18,1440105092677,"144,854",100% bearish,of 1 rating,$10
HALO,$17.197,1440105092717,"1,028,439",67% bullish,of 3 ratings,$22.50
HBK,$13.71,1440105092894,"2,158",50% bullish,of 2 ratings,N/A
HMPR,$1.89,1440105092926,"217,979",100% bullish,of 1 rating,N/A
HBHC,$27.1567,1440105092953,"268,975",50% bullish,of 2 ratings,$30
HALL,$11.48,1440105093009,"16,882",Not yet rated,NULL,N/A
HBHCL,$24.6,1440105093031,"19,538",Not yet rated,NULL,N/A
HNH,$28.44,1440105093089,"10,319",100% bullish,of 1 rating,N/A
HAFC,$24.77,1440105093173,"74,354",100% bullish,of 2 ratings,$28.50
HQCL,$9.32,1440105093283,"19,256",67% bullish,of 3 ratings,N/A
HNSN,$0.51,1440105093324,"39,987",88% bullish,of 8 ratings,$.40
HDNG,$10.18,1440105093413,"6,941",50% bullish,of 4 ratings,N/A
HRMN,NULL,1440105093456,0,Not yet rated,NULL,N/A
HLIT,$5.66,1440105093482,"195,878",100% bearish,of 1 rating,$6.50
HRMNW,NULL,1440105093508,0,Not yet rated,NULL,N/A
HRMNU,NULL,1440105093534,0,Not yet rated,NULL,N/A
HART,$0.65,1440105093744,"111,211",100% bearish,of 1 rating,N/A
TINY,$2.42,1440105093843,"37,566",50% bullish,of 2 ratings,$5.26
HBIO,$4.26,1440105093889,"43,307",Not yet rated,NULL,$10
HCAPL,$25.42,1440105093939,"1,514",Not yet rated,NULL,N/A
HA,$24.58,1440105093964,"467,940",67% bullish,of 9 ratings,$27
HCAP,$12.15,1440105093992,"6,268",50% bullish,of 2 ratings,$15
HAS,$77.8507,1440105094014,"513,500",63% bullish,of 8 ratings,$84.50
HWKN,$36.31,1440105094144,"14,672",Not yet rated,NULL,N/A
HCOM,$22.62,1440105094178,"17,388",100% bearish,of 1 rating,$28
HDS,$33.75,1440105094275,"965,657",100% bearish,of 2 ratings,$39.50
HIIQ,$4.58,1440105094315,"41,847",50% bullish,of 2 ratings,$7
HWBK,$13.57,1440105094341,652,100% bearish,of 1 rating,N/A
HAYN,$38.36,1440105094407,"47,519",100% bearish,of 1 rating,$59
HCSG,$33.8,1440105094432,"138,955",50% bullish,of 4 ratings,$35
HQY,$30.67,1440105094566,"206,220",67% bullish,of 3 ratings,$31
HSTM,$24.91,1440105094593,"107,180",50% bullish,of 2 ratings,$33.75
HWAY,$12.39,1440105094721,"220,530",100% bearish,of 1 rating,$15
HTWR,$84.43,1440105094855,"166,793",50% bullish,of 2 ratings,$103
HTBX,$5.34,1440105094887,"24,362",50% bullish,of 2 ratings,$15.50
HTLF,$36.18,1440105094917,"36,806",100% bullish,of 1 rating,$39.50
HTLD,$20.3,1440105094944,"322,151",Not yet rated,NULL,$22.50
HELE,$89.25,1440105094972,"150,137",67% bearish,of 3 ratings,$100
HSII,$20.23,1440105094999,"61,570",100% bullish,of 3 ratings,$25
HMTV,$12.73,1440105095188,"11,435",100% bearish,of 1 rating,$16
HMNY,$2.2739,1440105095223,"2,100",100% bearish,of 1 rating,N/A
HCACU,$10.02,1440105095325,400,Not yet rated,NULL,N/A
HSIC,$144.13,1440105095353,"261,494",83% bullish,of 6 ratings,$146
HNNA,$23.04,1440105095384,"10,548",Not yet rated,NULL,N/A
HERO,$0.0683,1440105095405,"1,040,833",81% bullish,of 16 ratings,$.75
HTBK,$10.68,1440105095435,"51,353",Not yet rated,NULL,$12
HFWA,$17.78,1440105095661,"30,026",100% bullish,of 1 rating,$20
MLHR,$28.4666,1440105095697,"184,126",50% bullish,of 2 ratings,$33.50
HEOP,$7.76,1440105095742,"18,102",Not yet rated,NULL,$8.50
HCCI,$11.76,1440105095771,"15,454",100% bearish,of 1 rating,$16.50
HFFC,$16.2,1440105095905,"2,830",Not yet rated,NULL,N/A
HRTX,$33.01,1440105095933,"414,827",67% bullish,of 6 ratings,$41
HSKA,$33.5,1440105095955,"28,055",100% bearish,of 1 rating,$38
HIBB,$39.06,1440105095988,"218,291",100% bearish,of 1 rating,$48.50
HIHO,$4.1,1440105096122,"11,775",Not yet rated,NULL,N/A
HIMX,$6.539,1440105096188,"1,802,263",86% bullish,of 21 ratings,$8.50
HPJ,$2.64,1440105096261,"16,249",75% bullish,of 4 ratings,$12.43
HIFS,$118.9,1440105096337,"17,622",Not yet rated,NULL,N/A
HMNF,$11.18,1440105096364,318,Not yet rated,NULL,N/A
HMSY,$9.24,1440105096396,"976,155",67% bullish,of 3 ratings,$19.35
HSGX,$6.17,1440105096505,"4,080",100% bearish,of 1 rating,$17
HOLI,$17.3924,1440105096589,"339,003",50% bullish,of 4 ratings,$27
HBCP,$24.34,1440105096669,"3,245",Not yet rated,NULL,$29
HOLX,$40.8651,1440105096746,"1,062,578",67% bullish,of 3 ratings,$42
AWAY,$29.98,1440105096782,"626,546",67% bullish,of 3 ratings,$36
HOMB,$39.44,1440105096804,"98,657",Not yet rated,NULL,$41
HFBL,$22,1440105096836,"13,261",Not yet rated,NULL,N/A
HMIN,$29.36,1440105096888,"77,258",100% bearish,of 2 ratings,$35
HMST,$21.07,1440105097047,"72,999",100% bullish,of 2 ratings,$27
HTBI,$18.38,1440105097211,"52,395",67% bullish,of 3 ratings,$18.625
HKTV,$4.98,1440105097238,"15,710",100% bearish,of 1 rating,N/A
HFBC,$11.55,1440105097370,"3,834",Not yet rated,NULL,N/A
CETC,$0.81,1440105097398,"82,741",86% bullish,of 7 ratings,N/A
HZNP,$29.63,1440105097433,"1,361,516",85% bullish,of 20 ratings,$40
HRZN,$10.9,1440105097462,"44,306",100% bearish,of 1 rating,$14.25
HOFT,$24.28,1440105097528,"28,416",100% bearish,of 1 rating,N/A
HBNC,$24.32,1440105097554,"28,049",100% bullish,of 1 rating,$27
ZINC,$7.39,1440105097588,"655,982",100% bearish,of 1 rating,$17
HMHC,$22.32,1440105097716,"428,140",Not yet rated,NULL,$27
HDP,$25.49,1440105097751,"275,441",67% bearish,of 3 ratings,$30.50
HWCC,$7.25,1440105097808,"80,728",100% bearish,of 1 rating,$9
HOVNP,NULL,1440105097857,0,100% bearish,of 1 rating,N/A
HSNI,$61.5626,1440105097992,"177,608",Not yet rated,NULL,$80
HBMD,NULL,1440105098018,0,100% bearish,of 1 rating,N/A
HTGM,$5.64,1440105098078,"11,123",100% bearish,of 1 rating,$19.50
HCBK,$9.8388,1440105098207,"1,442,394",83% bullish,of 6 ratings,$8.61
HUBG,$39.66,1440105098238,"169,696",100% bearish,of 1 rating,$43
HSON,$2.81,1440105098308,"15,842",100% bearish,of 1 rating,$5
HDSN,$2.86,1440105098340,"62,184",100% bullish,of 1 rating,$6.25
HBANP,$1358,1440105098366,114,100% bearish,of 1 rating,N/A
HBAN,$11.3186,1440105098434,"4,405,814",76% bullish,of 17 ratings,$12.50
HURN,$74.18,1440105098535,"75,749",50% bullish,of 2 ratings,$80
HURC,$30.03,1440105098563,"15,021",100% bearish,of 1 rating,N/A
HTCH,$1.61,1440105098618,"35,606",100% bearish,of 1 rating,$3.50
HBP,$3.2,1440105098793,"4,378",100% bullish,of 1 rating,N/A
HDRA,$9.69,1440105098827,200,Not yet rated,NULL,N/A
HDRAR,$0.3701,1440105098897,"1,700",Not yet rated,NULL,N/A
HDRAU,$10.11,1440105098925,"6,550",Not yet rated,NULL,N/A
HDRAW,NULL,1440105098953,0,Not yet rated,NULL,N/A
IDSY,$3.8,1440105098998,"15,242",100% bearish,of 1 rating,$7
HYGS,$7.54,1440105099086,"28,232",50% bullish,of 2 ratings,$13
IACI,$72.215,1440105099136,"640,774",75% bullish,of 4 ratings,$90
IKGH,$1.74,1440105099166,"6,100",75% bullish,of 4 ratings,N/A
IBKC,$61.26,1440105099303,"114,747",100% bullish,of 1 rating,$70
ICAD,$3.53,1440105099558,"28,635",50% bullish,of 2 ratings,$7.25
IEP,$68.8,1440105099612,"137,984",75% bullish,of 4 ratings,$99
ICON,$12.7,1440105099637,"926,807",50% bullish,of 2 ratings,$18.50
ICFI,$36.28,1440105099664,"65,941",50% bullish,of 2 ratings,$48.50
ICLR,$79.5437,1440105099690,"286,389",100% bearish,of 3 ratings,$85
ICUI,$117.64,1440105099716,"110,983",Not yet rated,NULL,$122
IDRA,$2.43,1440105099891,"1,775,120",89% bullish,of 9 ratings,$6.50
INVE,$4.61,1440105100021,"58,527",75% bullish,of 4 ratings,$4
IDXX,$75.8209,1440105100080,"331,801",100% bearish,of 1 rating,$77
DSKY,$12.0911,1440105100111,"410,316",67% bullish,of 6 ratings,$11.50
IPWR,$7.5,1440105100133,"10,840",100% bullish,of 1 rating,$15
IROQ,$16.5101,1440105100174,400,100% bullish,of 1 rating,N/A
RXDX,$12.24,1440105100206,"124,632",100% bullish,of 1 rating,$20
IRG,$4.79,1440105100270,"27,844",100% bearish,of 1 rating,$4.50
IIVI,$17.82,1440105100304,"196,720",100% bearish,of 1 rating,$22
KANG,$15.49,1440105100527,"366,562",50% bullish,of 2 ratings,$22.55
IKAN,$2.73,1440105100742,"42,030",83% bullish,of 6 ratings,$5
ICCC,$8.32,1440105100772,"10,659",100% bullish,of 1 rating,N/A
ILMN,$200.43,1440105100798,"605,831",80% bullish,of 5 ratings,$240
ISNS,$3.99,1440105100820,"79,779",50% bullish,of 2 ratings,N/A
IKNX,NULL,1440105100854,0,100% bearish,of 1 rating,N/A
IMDZ,$15.38,1440105100876,"96,468",100% bearish,of 1 rating,$33
IMMR,$11.28,1440105100910,"200,468",80% bullish,of 5 ratings,$15.50
IMMU,$1.76,1440105101103,"583,704",86% bullish,of 7 ratings,$2
IMNP,$1.45,1440105101129,"97,376",50% bullish,of 2 ratings,$6
IMMY,$7.3,1440105101159,"15,112",100% bearish,of 1 rating,$11
IMGN,$12.47,1440105101190,"752,031",75% bullish,of 4 ratings,$17.50
INCR,$43.21,1440105101212,"242,615",50% bullish,of 2 ratings,$53
IPXL,$43.89,1440105101293,"560,547",67% bullish,of 3 ratings,$46.50
INDB,$46.91,1440105101588,"53,576",Not yet rated,NULL,$44
INCY,$107.52,1440105101620,"844,762",50% bullish,of 6 ratings,$125.50
SAAS,$7.51,1440105101642,"319,953",50% bullish,of 2 ratings,$15
IBTX,$43.19,1440105101664,"33,246",100% bullish,of 2 ratings,$47.25
IDSA,$3.68,1440105101710,"5,427",Not yet rated,NULL,N/A
INFN,$21.53,1440105101801,"2,419,730",71% bullish,of 7 ratings,$28
IBCP,$14.31,1440105101830,"45,363",100% bullish,of 1 rating,$14.50
INFI,$8.9,1440105101852,"674,441",50% bullish,of 4 ratings,$18
IPCC,$80.92,1440105101989,"28,203",Not yet rated,NULL,$77.50
III,$4.19,1440105102022,"137,583",57% bullish,of 7 ratings,$6
IMKTA,$53.66,1440105102049,"60,927",100% bearish,of 1 rating,N/A
IFON,$1.23,1440105102207,"156,403",75% bullish,of 4 ratings,N/A
INWK,$7.47,1440105102430,"96,590",50% bullish,of 2 ratings,$10
INNL,$11.5,1440105102464,972,100% bearish,of 1 rating,$16.50
INOD,$2.51,1440105102493,"30,037",100% bearish,of 1 rating,N/A
IOSP,$46.19,1440105102522,"89,000",100% bearish,of 1 rating,N/A
IPHS,$48.75,1440105102556,"52,426",100% bearish,of 1 rating,$60
ISSC,$2.87,1440105102586,"9,124",67% bearish,of 3 ratings,N/A
ITEK,$14.11,1440105102657,"407,656",100% bearish,of 3 ratings,$20
INGN,$49.42,1440105102679,"118,012",100% bearish,of 1 rating,$50.50
INO,$7.03,1440105102831,"1,132,029",89% bullish,of 18 ratings,$20
NSIT,$26.23,1440105102913,"92,850",50% bullish,of 2 ratings,N/A
INOV,$21.1553,1440105102962,"278,495",100% bearish,of 1 rating,$33
ISIG,$2.56,1440105102991,"16,198",100% bearish,of 1 rating,N/A
PODD,$29.2,1440105103167,"477,868",50% bullish,of 2 ratings,$35
INSM,$25.26,1440105103218,"277,400",71% bullish,of 7 ratings,$31.50
NTEC,$6,1440105103251,"16,497",Not yet rated,NULL,N/A
IIIN,$17.61,1440105103275,"53,772",100% bearish,of 2 ratings,N/A
INSY,$32.67,1440105103300,"666,083",75% bullish,of 4 ratings,$48
IART,$60.85,1440105103333,"196,997",100% bearish,of 1 rating,$71.50
IDTI,$17.6479,1440105103526,"2,358,291",60% bullish,of 5 ratings,$25
ISSI,$22.35,1440105103579,"407,523",67% bullish,of 3 ratings,$19.75
IESC,$7.29,1440105103658,"2,586",100% bearish,of 1 rating,N/A
INTC,$27.54,1440105103711,"21,472,316",82% bullish,of 238 ratings,$36
IPCI,$2.16,1440105103737,"33,971",67% bullish,of 6 ratings,$7.75
IQNT,$19.24,1440105103791,"440,465",86% bullish,of 7 ratings,$20
IPAR,$27.85,1440105103881,"49,189",67% bullish,of 3 ratings,$38
IBKR,$40.212,1440105104017,"420,731",100% bullish,of 1 rating,N/A
ICPT,$193.5,1440105104061,"265,647",70% bullish,of 10 ratings,$359.50
ICLD,$1.84,1440105104094,"217,859",75% bullish,of 4 ratings,N/A
ININ,$39.53,1440105104116,"86,557",67% bearish,of 3 ratings,$57
IDCC,$48.3742,1440105104197,"177,879",80% bullish,of 5 ratings,$63
TILE,$24.57,1440105104249,"456,430",67% bearish,of 3 ratings,$27
ICLDW,NULL,1440105104279,0,100% bearish,of 1 rating,N/A
INAP,$8.52,1440105104389,"131,899",75% bullish,of 4 ratings,$11
IMI,$1.97,1440105104439,"4,590",67% bullish,of 3 ratings,$2.22
IBOC,$26.1969,1440105104472,"162,190",100% bearish,of 1 rating,N/A
ISCA,$31.9762,1440105104630,"61,356",100% bearish,of 1 rating,N/A
PTNT,$3,1440105104708,830,Not yet rated,NULL,N/A
IGLD,$7.37,1440105104767,"3,912",50% bullish,of 2 ratings,N/A
IIJI,$9.13,1440105104805,"1,128",50% bullish,of 2 ratings,$11.50
XENT,$28.11,1440105104833,"165,842",50% bullish,of 2 ratings,$36.50
INPH,$0.31,1440105104869,"13,418",50% bullish,of 2 ratings,N/A
ISIL,$10.3388,1440105104968,"628,573",50% bullish,of 6 ratings,$15
IILG,$20.78,1440105104997,"98,347",100% bearish,of 1 rating,$30.50
INTX,$2.49,1440105105025,"7,466",67% bullish,of 3 ratings,N/A
IVAC,$4.89,1440105105195,"14,360",Not yet rated,NULL,$6.625
ITCI,$28.45,1440105105270,"292,988",75% bearish,of 4 ratings,$40
INTL,$26.74,1440105105300,"52,565",67% bearish,of 3 ratings,N/A
INTLL,$26.06,1440105105326,700,Not yet rated,NULL,N/A
IIN,$6.43,1440105105663,534,100% bearish,of 1 rating,$12
ISRG,$514.1583,1440105105693,"128,914",67% bullish,of 3 ratings,$600
INVT,$0.27,1440105105715,"139,753",67% bullish,of 3 ratings,N/A
INTU,$99.05,1440105105737,"976,562",100% bullish,of 7 ratings,$110.50
SNAK,$8.63,1440105105779,"92,959",50% bullish,of 2 ratings,$14
ITIC,$71.15,1440105105872,408,100% bearish,of 2 ratings,N/A
ISTR,$15.59,1440105105906,"2,032",100% bearish,of 1 rating,$18.50
ISBC,$11.95,1440105105932,"1,873,931",100% bullish,of 1 rating,$13.25
NVIV,$10.9,1440105106004,"231,327",50% bullish,of 4 ratings,$24.50
DTUL,NULL,1440105106099,0,Not yet rated,NULL,N/A
IVTY,$13.23,1440105106202,"24,597",Not yet rated,NULL,$18
IPAS,$1.06,1440105106265,"16,932",67% bullish,of 3 ratings,N/A
DFVL,NULL,1440105106354,0,Not yet rated,NULL,N/A
IPGP,$87.5895,1440105106489,"257,866",100% bearish,of 2 ratings,$109.50
IPCM,$79.07,1440105106547,"234,655",50% bullish,of 2 ratings,$80.125
IRIX,$7.15,1440105106578,"16,634",100% bearish,of 1 rating,N/A
IRDMB,$267.24,1440105106647,140,67% bearish,of 3 ratings,N/A
IRBT,$29.91,1440105106673,"164,346",67% bullish,of 6 ratings,$37
IRMD,$25.32,1440105106702,"19,514",67% bearish,of 3 ratings,$25
IRWD,$10.94,1440105106836,"1,011,749",100% bearish,of 1 rating,$13
IRDM,$6.68,1440105106864,"475,901",60% bullish,of 5 ratings,$11.50
IRCP,$33.1,1440105106934,"1,057",100% bullish,of 2 ratings,N/A
COMT,$32.76,1440105106963,"15,668",100% bearish,of 1 rating,N/A
GNMA,$50.13,1440105106991,"3,279",Not yet rated,NULL,N/A
FCHI,$47.9,1440105107137,805,Not yet rated,NULL,N/A
IFAS,$28.62,1440105107211,"1,200",Not yet rated,NULL,N/A
IFEU,$39.38,1440105107369,"5,350",Not yet rated,NULL,N/A
IFGL,$29.46,1440105107416,"66,032",Not yet rated,NULL,N/A
IFNA,$55.64,1440105107447,"5,600",Not yet rated,NULL,N/A
ACWX,$41.5,1440105107469,"602,690",100% bearish,of 1 rating,N/A
ACWI,$57.03,1440105107514,"655,716",Not yet rated,NULL,N/A
AAXJ,$53.83,1440105107546,"1,172,995",Not yet rated,NULL,N/A
AXJS,NULL,1440105107645,0,Not yet rated,NULL,N/A
AAIT,$30.79,1440105107673,309,100% bullish,of 1 rating,N/A
EMDI,$44.2402,1440105107859,860,Not yet rated,NULL,N/A
EEME,$38.43,1440105108001,"1,123",100% bearish,of 1 rating,N/A
EEMA,$50.95,1440105108026,"17,344",Not yet rated,NULL,N/A
EEML,$28.25,1440105108219,"1,420",Not yet rated,NULL,N/A
EMEY,$24.77,1440105108251,710,Not yet rated,NULL,N/A
EGRW,$46.62,1440105108279,"5,312",Not yet rated,NULL,N/A
EUFN,$22.4,1440105108301,"188,824",100% bearish,of 1 rating,N/A
EVAL,$36.192,1440105108350,"4,344",Not yet rated,NULL,N/A
IEUS,$46.1,1440105108486,"4,578",100% bearish,of 1 rating,N/A
IBB,$350.787,1440105108573,"1,181,585",63% bullish,of 8 ratings,N/A
EMIF,$29.15,1440105108660,"23,320",Not yet rated,NULL,N/A
UAE,$18.16,1440105108688,"5,950",Not yet rated,NULL,N/A
QAT,NULL,1440105108716,0,Not yet rated,NULL,N/A
SOXX,$80.74,1440105108747,"496,464",50% bullish,of 2 ratings,N/A
ICLN,$9.69,1440105108852,"28,543",50% bullish,of 2 ratings,N/A
WOOD,$50.17,1440105109030,"10,721",50% bullish,of 2 ratings,N/A
INDY,$28.97,1440105109067,"292,624",100% bullish,of 1 rating,N/A
IGOV,$91.2106,1440105109129,"19,841",100% bearish,of 1 rating,N/A
ISLE,$17.12,1440105109160,"219,811",50% bullish,of 4 ratings,$16
ISHG,$79.41,1440105109189,"2,139",100% bearish,of 1 rating,N/A
ISIS,$46.58,1440105109221,"948,073",53% bullish,of 15 ratings,$67
ISRL,$132.3,1440105109248,504,100% bearish,of 1 rating,N/A
ITRI,$32.26,1440105109322,"203,647",Not yet rated,NULL,$37
ITRN,$24.8,1440105109502,"7,134",50% bullish,of 2 ratings,N/A
ITUS,$4.4,1440105109574,"5,200",Not yet rated,NULL,N/A
IXYS,$10.64,1440105109638,"198,170",50% bullish,of 4 ratings,N/A
XXIA,$15.55,1440105109667,"293,623",71% bullish,of 7 ratings,$14.625
JJSF,$116.5,1440105109721,"31,351",100% bearish,of 1 rating,N/A
JBHT,$78.0606,1440105109753,"575,562",50% bullish,of 4 ratings,$89.50
MAYS,$59,1440105109851,200,Not yet rated,NULL,N/A
JKHY,$70.1316,1440105109996,"165,702",50% bullish,of 2 ratings,$72
JASO,$7.66,1440105110031,"768,291",82% bullish,of 17 ratings,$10
JXSB,NULL,1440105110059,0,Not yet rated,NULL,N/A
JCOM,$71.09,1440105110133,"128,711",100% bullish,of 2 ratings,$77
JACK,$83.9099,1440105110197,"502,999",83% bullish,of 6 ratings,$105
JAXB,$12.77,1440105110355,"22,371",100% bullish,of 1 rating,N/A
JAGX,$2.9,1440105110382,"8,067",Not yet rated,NULL,N/A
JAKK,$9.46,1440105110404,"589,688",60% bearish,of 5 ratings,$10.50
ERW,NULL,1440105110775,0,Not yet rated,NULL,N/A
JMBA,$13.27,1440105110808,"108,740",75% bullish,of 4 ratings,$18
JASNW,$0.25,1440105110908,"5,000",50% bullish,of 2 ratings,N/A
JRVR,$26.41,1440105110938,"23,557",Not yet rated,NULL,$32
JAZZ,$181.7,1440105110981,"285,541",80% bullish,of 15 ratings,$206.50
JASN,$4.98,1440105111007,"33,798",50% bullish,of 2 ratings,$9.50
JBLU,$22.9301,1440105111040,"4,153,801",94% bullish,of 16 ratings,$27
JTPY,$3,1440105111136,"6,429",100% bearish,of 1 rating,N/A
JD,$24.9,1440105111169,"6,026,614",75% bullish,of 16 ratings,$36
JST,$4.15,1440105111307,"37,299",75% bullish,of 4 ratings,N/A
JCTCF,NULL,1440105111335,0,100% bullish,of 1 rating,N/A
DATE,$6.47,1440105111357,"210,796",75% bullish,of 4 ratings,$9
JIVE,$4.05,1440105111496,"553,056",75% bullish,of 4 ratings,$5
JOEZ,$0.18,1440105111525,"141,435",92% bullish,of 12 ratings,N/A
JBSS,$48.21,1440105111655,"25,118",67% bearish,of 3 ratings,N/A
WYIGU,$10.05,1440105111684,"1,000",Not yet rated,NULL,N/A
JNP,$9.79,1440105111787,"13,491",100% bullish,of 3 ratings,$15
JUNO,$38.99,1440105111826,"906,341",73% bullish,of 11 ratings,$71.50
JOUT,$24.17,1440105111878,"6,673",100% bearish,of 1 rating,$34
KALU,$83.1,1440105112010,"99,263",67% bearish,of 3 ratings,$91
