Symbol,Price,Date,Volume,Rating,RatingVoteCount,OneYearEstimate
TFSCR,NULL,1440263402885,0,Not yet rated,NULL,N/A
TFSCW,NULL,1440263402918,0,100% bearish,of 1 rating,N/A
FLWS,$9.36,1440263402945,"220,692",100% bullish,of 5 ratings,$15
TFSCU,NULL,1440263402979,0,Not yet rated,NULL,N/A
SRCE,$30.03,1440263403013,"55,334",100% bullish,of 3 ratings,$33
VNET,$19.27,1440263403039,"733,790",60% bullish,of 5 ratings,$29.50
PIH,$7.2,1440263403074,"15,400",100% bearish,of 1 rating,N/A
FCCY,$11.6,1440263403104,354,100% bullish,of 1 rating,$13
DGLD,$76.08,1440263403210,"21,135",100% bullish,of 1 rating,N/A
DSLV,$61.29,1440263403254,"22,007",100% bearish,of 1 rating,N/A
USLV,$14.59,1440263403343,"218,982",86% bullish,of 7 ratings,N/A
UGLD,$9.99,1440263403377,"253,649",100% bearish,of 1 rating,N/A
TWOU,$34.02,1440263403399,"673,961",50% bullish,of 2 ratings,$39
FCTY,$7.63,1440263403431,300,100% bullish,of 1 rating,$8.50
TFSC,NULL,1440263403473,0,100% bearish,of 1 rating,N/A
JOBS,$25.35,1440263403571,"172,084",50% bullish,of 4 ratings,$36
SIXD,$1.47,1440263403725,"250,988",Not yet rated,NULL,N/A
CAFD,$15.52,1440263403755,"330,925",Not yet rated,NULL,$25
EGHT,$8.215,1440263403827,"436,691",82% bullish,of 17 ratings,$11
SHLM,$34.05,1440263403856,"123,800",100% bearish,of 1 rating,$50
ABAX,$47.54,1440263403987,"139,615",100% bearish,of 1 rating,$60
AAON,$21.67,1440263404029,"166,594",100% bearish,of 1 rating,$24
ABY,$20,1440263404079,"1,100,886",100% bearish,of 2 ratings,$46
ABGB,$4.09,1440263404112,"34,916",67% bullish,of 3 ratings,$5.50
AVHI,$13.95,1440263404140,"37,920",100% bearish,of 1 rating,$19
ABEO,$4.83,1440263404162,"140,862",67% bullish,of 3 ratings,$15.50
ABEOW,$1.76,1440263404209,"2,525",100% bullish,of 1 rating,N/A
ACTG,$8.87,1440263404306,"323,174",67% bullish,of 3 ratings,$18.50
AXAS,$1.56,1440263404406,"860,487",78% bullish,of 9 ratings,$3.50
ABMD,$97.08,1440263404437,"831,796",75% bullish,of 4 ratings,$100.50
ACAD,$38.13,1440263404512,"928,540",80% bullish,of 20 ratings,$48
ACHC,$73.6762,1440263404538,"815,815",50% bullish,of 2 ratings,$92
ACST,$0.361,1440263404617,"71,223",100% bullish,of 2 ratings,N/A
AXDX,$17.93,1440263404727,"220,988",100% bearish,of 1 rating,N/A
VXDN,$5.5,1440263404794,"50,671",100% bearish,of 1 rating,N/A
ARAY,$6.53,1440263404856,"3,387,732",100% bearish,of 1 rating,$10.50
XLRN,$28.36,1440263404884,"111,031",50% bullish,of 2 ratings,$57
ANCX,$18.76,1440263404937,"31,836",Not yet rated,NULL,$19
ACRX,$4.05,1440263405013,"360,315",67% bearish,of 6 ratings,$5.50
VXUP,$27,1440263405073,"49,956",Not yet rated,NULL,N/A
AKAO,$6.9457,1440263405148,"55,800",75% bullish,of 4 ratings,$15
ACET,$24.41,1440263405169,"127,207",75% bullish,of 4 ratings,$30
ACHN,$7.75,1440263405201,"1,754,841",90% bullish,of 21 ratings,$16
ACIW,$21.89,1440263405245,"571,274",50% bullish,of 2 ratings,$24
ACNB,$20.33,1440263405443,"1,376",Not yet rated,NULL,N/A
ACTS,$1.3,1440263405476,"51,585",100% bearish,of 1 rating,N/A
ATVI,$27.2167,1440263405505,"5,132,751",68% bullish,of 84 ratings,$31.50
ACPW,$1.856,1440263405530,"65,399",100% bullish,of 4 ratings,$3.50
ACOR,$29.75,1440263405555,"642,828",67% bearish,of 3 ratings,$38.50
ACTA,$13.89,1440263405586,"113,227",67% bearish,of 3 ratings,$25
ACUR,$0.6182,1440263405862,"65,134",100% bullish,of 5 ratings,$1
ACXM,$20.1276,1440263405893,"350,940",67% bullish,of 3 ratings,N/A
ADMS,$20.07,1440263405915,"78,833",100% bearish,of 2 ratings,$36
ADAP,$12.53,1440263405947,"216,853",67% bullish,of 3 ratings,$22
ADMP,$3.65,1440263405995,"21,417",50% bullish,of 2 ratings,$10
ADUS,$29.83,1440263406051,"59,827",100% bearish,of 1 rating,$31
ADEP,$6.75,1440263406123,"33,889",50% bullish,of 2 ratings,$10.75
AEY,$2.29,1440263406197,"39,023",100% bearish,of 2 ratings,N/A
ADTN,$15.59,1440263406223,"349,681",67% bullish,of 3 ratings,$17.125
ADMA,$9.3,1440263406251,"3,500",Not yet rated,NULL,$19
ADRO,$19.44,1440263406280,"252,323",80% bullish,of 5 ratings,$45.50
ADBE,$78.87,1440263406415,"4,323,734",65% bullish,of 17 ratings,$90
AMD,$1.76,1440263406464,"7,935,981",83% bullish,of 103 ratings,$2
AEIS,$25.055,1440263406494,"198,884",50% bullish,of 2 ratings,$32.50
ADXS,$14.5,1440263406520,"919,015",64% bullish,of 14 ratings,$27
ADXSW,$10.15,1440263406595,"5,206",100% bullish,of 1 rating,N/A
MULT,NULL,1440263406730,0,100% bearish,of 1 rating,N/A
YPRO,$23.29,1440263406768,"4,120",100% bearish,of 1 rating,N/A
AEGR,$18.26,1440263406807,"394,681",50% bullish,of 6 ratings,$26
AMTX,$3.09,1440263406874,"17,253",50% bullish,of 2 ratings,$26.11
AEHR,$2.24,1440263406901,"7,972",50% bullish,of 2 ratings,N/A
AEPI,$57.13,1440263406928,"21,960",100% bearish,of 1 rating,N/A
AEGN,$18.24,1440263407058,"212,917",100% bearish,of 1 rating,$21
AERI,$15.92,1440263407086,"361,223",75% bullish,of 4 ratings,$31.50
AVAV,$24.38,1440263407107,"143,405",50% bullish,of 4 ratings,$31
AEZS,$0.1005,1440263407242,"5,371,374",90% bullish,of 21 ratings,$1.50
AEMD,$7.22,1440263407273,"187,619",Not yet rated,NULL,$27.50
AFMD,$9.78,1440263407376,"174,087",50% bullish,of 4 ratings,$15
AGEN,$7.04,1440263407406,"940,432",85% bullish,of 13 ratings,$14
AFFX,$9.4,1440263407455,"587,032",80% bullish,of 5 ratings,$12
AGYS,$9.63,1440263407483,"33,010",100% bearish,of 1 rating,N/A
AGIO,$85.65,1440263407511,"509,530",88% bullish,of 8 ratings,$114
AGRX,$8.17,1440263407672,"49,951",100% bearish,of 1 rating,$17.50
AGFSW,$1.79,1440263407749,"28,997",100% bearish,of 2 ratings,N/A
AIMT,$21.1,1440263407806,"120,787",Not yet rated,NULL,N/A
AIRM,$36.55,1440263407833,"309,312",80% bearish,of 5 ratings,$53
AIRT,$22.94,1440263407854,51,100% bullish,of 1 rating,N/A
AGFS,$9.8121,1440263407883,"73,206",100% bearish,of 1 rating,N/A
AKBA,$6.65,1440263408156,"184,781",100% bearish,of 1 rating,$18
AKAM,$68.463,1440263408185,"1,585,448",63% bullish,of 8 ratings,$77
AIXG,$5.98,1440263408216,"34,571",67% bearish,of 3 ratings,$5.25
AMCN,$4.9,1440263408246,"424,894",83% bullish,of 6 ratings,N/A
AKER,$2.62,1440263408273,"93,096",Not yet rated,NULL,N/A
AKRX,$40.2552,1440263408316,"930,040",78% bullish,of 9 ratings,$56
ATSG,$9.1,1440263408410,"264,911",67% bullish,of 3 ratings,$13
ALSK,$2.11,1440263408576,"112,029",78% bullish,of 18 ratings,$2
ALRM,$16.46,1440263408636,"358,434",100% bearish,of 1 rating,$22
ABDC,$12.7,1440263408707,"21,785",Not yet rated,NULL,$15
AMRI,$19.73,1440263408734,"245,268",75% bearish,of 4 ratings,$24
ADHD,$8.31,1440263408869,"220,062",50% bullish,of 4 ratings,$18
ALXA,$1.07,1440263408906,"26,737",83% bullish,of 6 ratings,$2.125
ALXN,$173.81,1440263409002,"1,548,456",88% bullish,of 8 ratings,$223
ALDR,$36.64,1440263409032,"474,720",67% bearish,of 3 ratings,$62
ALGN,$56.4432,1440263409078,"422,327",100% bearish,of 2 ratings,$73
ALDX,$7.62,1440263409113,"6,759",100% bearish,of 1 rating,$14.50
ALCO,$42.36,1440263409135,"24,127",50% bullish,of 2 ratings,N/A
ALKS,$60.35,1440263409209,"705,866",67% bullish,of 3 ratings,$75
ALIM,$3.15,1440263409266,"169,442",80% bullish,of 5 ratings,$10
ALGT,$216.09,1440263409292,"164,611",100% bearish,of 1 rating,$235
ALLB,$23.48,1440263409428,"1,820",Not yet rated,NULL,N/A
AIQ,$14.7,1440263409556,"29,906",67% bullish,of 3 ratings,N/A
AFOP,$17.51,1440263409582,"139,898",75% bullish,of 8 ratings,$21
AHGP,$36.6344,1440263409611,"31,919",67% bullish,of 3 ratings,N/A
AHPI,$1.46,1440263409632,435,50% bullish,of 2 ratings,N/A
ARLP,$24.94,1440263409665,"151,729",67% bearish,of 3 ratings,$32
ALQA,$4.43,1440263409771,"36,237",75% bullish,of 4 ratings,$8.50
AMOT,$17.09,1440263409859,"80,719",100% bearish,of 1 rating,N/A
ALLT,$5.04,1440263409902,"71,089",75% bullish,of 4 ratings,$6.25
MDRX,$13.52,1440263409954,"1,235,763",60% bullish,of 5 ratings,$16
ALNY,$100.3178,1440263409980,"414,351",67% bullish,of 3 ratings,$148.50
AFAM,$46.84,1440263410033,"72,495",50% bullish,of 2 ratings,$44
AOSL,$7.21,1440263410166,"45,497",67% bullish,of 3 ratings,$9
SMCP,$22.56,1440263410216,"1,500",Not yet rated,NULL,N/A
ALTR,$48.17,1440263410296,"2,956,121",80% bearish,of 5 ratings,$54
ATEC,$0.5768,1440263410395,"46,618",100% bullish,of 1 rating,$2
ASPS,$29.2565,1440263410422,"228,767",67% bullish,of 3 ratings,$46.50
AIMC,$25.28,1440263410470,"92,117",100% bearish,of 1 rating,$28.50
AMAG,$59.95,1440263410555,"476,323",100% bullish,of 2 ratings,$77.50
AMRN,$2.03,1440263410628,"741,425",85% bullish,of 39 ratings,$8
AMRK,$10.57,1440263410724,"4,627",50% bullish,of 2 ratings,$14
EPAX,$2.69,1440263411098,"74,357",100% bearish,of 1 rating,N/A
AYA,$21.62,1440263411203,"63,923",100% bearish,of 1 rating,$40
AMCX,$67.7119,1440263411443,"687,069",67% bullish,of 3 ratings,$85.50
AMBC,$15.6,1440263411612,"245,406",100% bearish,of 1 rating,$16.50
AMZN,$495.5,1440263411638,"3,790,755",81% bullish,of 263 ratings,$646
AMBCW,$7.0532,1440263411694,"1,178",100% bearish,of 1 rating,N/A
AMED,$40.5,1440263411837,"290,278",100% bearish,of 1 rating,$42
UHAL,$363.52,1440263412042,"15,187",100% bullish,of 2 ratings,$393.50
AMBA,$89,1440263412095,"5,366,218",83% bullish,of 12 ratings,$102.50
ASBI,$22.55,1440263412175,154,Not yet rated,NULL,N/A
AAL,$39.75,1440263412203,"11,179,538",93% bullish,of 88 ratings,$57
AGNC,$19.553,1440263412229,"3,952,543",75% bullish,of 28 ratings,$22
DOX,$59,1440263412255,"282,272",50% bullish,of 2 ratings,$60
AMDA,$0.463,1440263412386,"1,233,767",90% bullish,of 10 ratings,$1
AGNCB,$24.23,1440263412412,"21,668",Not yet rated,NULL,N/A
ATAX,$5.23,1440263412546,"155,087",100% bullish,of 1 rating,$6.50
AMOV,$17.65,1440263412607,"5,863",100% bearish,of 1 rating,N/A
AGNCP,$25.34,1440263412679,"7,150",Not yet rated,NULL,N/A
MTGE,$15.7,1440263412761,"402,399",75% bullish,of 4 ratings,$19.50
ACSF,$12.225,1440263412897,"33,060",100% bearish,of 1 rating,$15
ACAS,$13.74,1440263412932,"1,556,266",60% bullish,of 5 ratings,$16.75
MTGEP,$24.12,1440263412962,"1,127",Not yet rated,NULL,N/A
AETI,$4.28,1440263413067,2,67% bearish,of 3 ratings,N/A
AMNB,$22.8,1440263413094,"22,976",Not yet rated,NULL,$25.50
ANAT,$100,1440263413119,"19,158",100% bullish,of 1 rating,N/A
AMIC,$10.21,1440263413170,8,Not yet rated,NULL,N/A
ANCI,$1.59,1440263413299,"10,070",100% bearish,of 1 rating,N/A
APEI,$21.26,1440263413329,"155,037",100% bearish,of 1 rating,$25.50
AMRB,$10,1440263413355,"2,054",Not yet rated,NULL,$11
ASEI,$39.68,1440263413398,"53,467",100% bearish,of 1 rating,$52.50
ARII,$38.75,1440263413424,"183,877",67% bearish,of 3 ratings,$45
AMSWA,$9.06,1440263413498,"86,700",100% bearish,of 2 ratings,$10.75
AMSC,$3.48,1440263413590,"36,442",50% bullish,of 4 ratings,N/A
AMWD,$67.8,1440263413644,"272,213",50% bullish,of 2 ratings,$58
CRMT,$37.91,1440263413811,"120,497",100% bearish,of 1 rating,$49
ASRV,$3.27,1440263413836,840,100% bullish,of 2 ratings,N/A
ABCB,$27.64,1440263413862,"189,477",Not yet rated,NULL,$31
AMSF,$49.68,1440263413887,"122,373",Not yet rated,NULL,$57.50
AMKR,$4.39,1440263414236,"1,544,185",100% bearish,of 2 ratings,$5
FOLD,$14.05,1440263414338,"2,614,067",56% bullish,of 9 ratings,$21
AMPH,$13.79,1440263414417,"166,636",50% bullish,of 2 ratings,$20
ASYS,$5.18,1440263414833,"35,518",67% bullish,of 3 ratings,$12
AFSI,$58.44,1440263414935,"1,008,977",60% bullish,of 5 ratings,$72
AMRS,$1.63,1440263414994,"53,848",70% bullish,of 10 ratings,N/A
ATLO,$23.31,1440263415067,"15,885",Not yet rated,NULL,N/A
ANAC,$129.49,1440263415194,"607,726",80% bullish,of 5 ratings,$180.50
ASRVP,NULL,1440263415228,0,Not yet rated,NULL,N/A
ANAD,$0.333,1440263415262,"132,364",100% bullish,of 2 ratings,$.50
ALOG,$83.13,1440263415292,"75,588",100% bearish,of 2 ratings,$100.50
ANCB,$22.3001,1440263415324,500,Not yet rated,NULL,$23
ADI,$53.78,1440263415352,"3,922,593",67% bullish,of 3 ratings,$69
AMGN,$155.9,1440263415379,"4,702,712",89% bullish,of 19 ratings,$185
ABCW,$39.96,1440263415405,"10,347",67% bullish,of 3 ratings,N/A
AMCF,$0.26,1440263415582,"9,494",100% bullish,of 7 ratings,N/A
ANGI,$4.64,1440263415611,"919,270",64% bullish,of 11 ratings,$5.50
ANGO,$14.71,1440263415751,"99,313",67% bullish,of 3 ratings,$19
AMSG,$81.5,1440263415813,"320,262",100% bearish,of 1 rating,$85.50
AMSGP,NULL,1440263415899,0,Not yet rated,NULL,N/A
ANIP,$49.38,1440263415942,"250,484",89% bullish,of 19 ratings,$66
ABAC,$0.73,1440263416074,"36,221",100% bearish,of 1 rating,N/A
ATRS,$1.81,1440263416105,"537,668",92% bullish,of 12 ratings,$4.50
ANIK,$34.88,1440263416154,"106,488",60% bullish,of 5 ratings,$51.25
ATNY,$2.37,1440263416203,"2,775",50% bullish,of 2 ratings,$3.75
APIC,$6.49,1440263416251,"180,683",100% bearish,of 1 rating,$19
APOL,$10.9787,1440263416389,"992,661",87% bearish,of 68 ratings,$14
ANTH,$7.04,1440263416421,"1,783,771",80% bullish,of 10 ratings,$13
ANSS,$90.92,1440263416452,"391,059",100% bearish,of 1 rating,$100
AINV,$6.4767,1440263416495,"1,117,263",50% bullish,of 4 ratings,$8
APPF,$16.84,1440263416523,"52,701",50% bullish,of 2 ratings,$22
AAPL,$105.9,1440263416655,"82,174,464",86% bullish,of 2338 ratings,$150
APOG,$51.6,1440263416710,"212,697",100% bullish,of 1 rating,$67
ARCI,$1.33,1440263416756,"3,906",Not yet rated,NULL,N/A
AMAT,$15.497,1440263416973,"12,956,491",82% bullish,of 11 ratings,$23
AGTC,$15.74,1440263417000,"119,853",50% bullish,of 2 ratings,$33
AMCC,$5.35,1440263417071,"963,117",80% bullish,of 5 ratings,$8
AREX,$2.03,1440263417134,"890,815",100% bearish,of 1 rating,$3
AAOI,$19.89,1440263417275,"285,163",50% bullish,of 4 ratings,$26
APTO,$5.09,1440263417407,"8,208",Not yet rated,NULL,$17
APRI,$1.33,1440263417472,"155,441",83% bullish,of 6 ratings,$4.86
AUMA,NULL,1440263417644,0,Not yet rated,NULL,N/A
AUMAU,$9.94,1440263417778,"1,200",Not yet rated,NULL,N/A
AUMAW,NULL,1440263417947,0,Not yet rated,NULL,N/A
PETX,$17.4,1440263418139,"307,971",100% bearish,of 2 ratings,$26
ABUS,$7.21,1440263418222,"502,243",86% bullish,of 14 ratings,$23
ARCW,$3.48,1440263418268,"25,137",100% bearish,of 2 ratings,$10.50
ABIO,$0.9,1440263418557,"131,271",50% bullish,of 2 ratings,$3.75
RKDA,$5.76,1440263418591,"19,343",100% bearish,of 2 ratings,$10
ARCB,$29.47,1440263418618,"211,071",50% bullish,of 2 ratings,$39.50
APDN,$3.22,1440263418655,"61,834",Not yet rated,NULL,$9
APDNW,$1.15,1440263418685,"2,800",Not yet rated,NULL,N/A
ACAT,$26.89,1440263418871,"260,125",100% bearish,of 3 ratings,$33
ACGL,$70.5015,1440263418916,"414,489",50% bullish,of 2 ratings,$72
ARDX,$17.41,1440263419062,"91,948",50% bullish,of 2 ratings,$24.50
ARNA,$2.97,1440263419090,"4,127,037",90% bullish,of 77 ratings,$5.50
AGII,$57.69,1440263419258,"141,575",Not yet rated,NULL,$59.50
ARCC,$15.47,1440263419284,"1,615,433",67% bearish,of 3 ratings,$17.875
AQXP,$18.2999,1440263419318,"469,595",50% bullish,of 2 ratings,$2
AQMS,$5,1440263419347,"19,025",Not yet rated,NULL,N/A
ARDM,$7.03,1440263419412,"4,358",100% bullish,of 1 rating,$26
ARGS,$6.17,1440263419448,"116,903",50% bullish,of 2 ratings,$19.50
AGIIL,$25.45,1440263419580,"5,893",Not yet rated,NULL,N/A
ARIS,$3.3,1440263419627,"8,290",Not yet rated,NULL,$4.50
ARTX,$1.48,1440263419767,"105,854",88% bullish,of 16 ratings,$4.50
ARKR,$25.36,1440263419793,552,50% bullish,of 2 ratings,N/A
ARIA,$6.7,1440263419828,"3,153,702",87% bullish,of 46 ratings,$9
ARWAR,NULL,1440263419853,0,Not yet rated,NULL,N/A
ARMH,$40.1,1440263419878,"1,339,073",54% bearish,of 13 ratings,$61
ARWAW,NULL,1440263420094,0,Not yet rated,NULL,N/A
ARWA,NULL,1440263420123,0,Not yet rated,NULL,N/A
ARWAU,NULL,1440263420151,0,100% bullish,of 1 rating,N/A
ARQL,$1.67,1440263420286,"200,267",75% bullish,of 4 ratings,$5
ARRY,$5.45,1440263420331,"1,219,732",100% bullish,of 7 ratings,$10
AROW,$27.24,1440263420588,"41,580",Not yet rated,NULL,N/A
ARTNA,$22.48,1440263420671,"42,576",100% bearish,of 1 rating,$29
ARTW,$4.45,1440263420744,"3,048",75% bearish,of 4 ratings,N/A
ASBB,$25.05,1440263420910,372,Not yet rated,NULL,N/A
ASNA,$11.2187,1440263420998,"8,984,030",50% bullish,of 2 ratings,$18
ASCMA,$28.6,1440263421054,"180,787",100% bearish,of 1 rating,$45
ASMI,NULL,1440263421225,0,NULL,NULL,NULL
APWC,$1.9,1440263421294,406,100% bearish,of 1 rating,N/A
ARRS,$26.44,1440263421427,"1,060,211",50% bullish,of 2 ratings,$38
ASML,$85.91,1440263421457,"1,134,628",67% bullish,of 3 ratings,$127
ASMB,$12.44,1440263421483,"80,806",67% bullish,of 3 ratings,N/A
AZPN,$38.4,1440263421511,"991,920",50% bullish,of 2 ratings,$42
ARWR,$5.57,1440263421556,"814,360",75% bullish,of 4 ratings,$10.50
DWAT,$9.92,1440263421655,"46,463",100% bearish,of 1 rating,N/A
ASND,$18.23,1440263421712,"38,275",100% bullish,of 1 rating,$30
ASTI,$0.13,1440263421816,"1,817,223",83% bullish,of 6 ratings,$3
ASFI,$8.95,1440263421841,"3,732",100% bullish,of 1 rating,N/A
ASTE,$36.28,1440263421981,"88,638",100% bearish,of 1 rating,$48
ATRO,$52.77,1440263422013,"98,668",100% bearish,of 2 ratings,$80
ALOT,$13.51,1440263422040,"1,011",100% bearish,of 1 rating,N/A
ASTC,$2.2,1440263422061,"39,970",100% bullish,of 5 ratings,N/A
ASUR,$5.76,1440263422191,"10,939",100% bearish,of 1 rating,$8
ATAI,$2.78,1440263422291,"31,993",100% bearish,of 1 rating,N/A
AFCB,$28.01,1440263422483,249,Not yet rated,NULL,N/A
ATRA,$42.01,1440263422554,"183,569",50% bullish,of 2 ratings,$68
ATHX,$1.17,1440263422626,"238,940",89% bullish,of 9 ratings,$5
AAPC,$10.21,1440263422652,394,Not yet rated,NULL,N/A
ATLC,$3.9,1440263422879,"17,113",67% bullish,of 3 ratings,N/A
AAWW,$41.78,1440263422908,"365,924",50% bullish,of 2 ratings,$65
AFH,$16.545,1440263423011,"75,284",Not yet rated,NULL,$21.50
ATML,$6.95,1440263423043,"2,918,067",78% bullish,of 9 ratings,$9.50
ATHN,$135.79,1440263423080,"193,647",67% bearish,of 3 ratings,$153
ATNI,$73.68,1440263423110,"66,107",100% bearish,of 1 rating,$69.50
ACFC,$6.11,1440263423137,"95,163",Not yet rated,NULL,$6.50
AAME,$3.58,1440263423212,"1,190",Not yet rated,NULL,N/A
ATRC,$25.67,1440263423274,"198,665",100% bullish,of 1 rating,$30
ATRI,$389.5,1440263423407,"4,458",Not yet rated,NULL,N/A
ATRM,$2.89,1440263423438,"1,200",50% bullish,of 2 ratings,N/A
ATTU,$13.55,1440263423537,"51,302",100% bearish,of 1 rating,$20.50
ATOS,$0.85,1440263423590,"182,378",100% bullish,of 7 ratings,$7
LIFE,$14.04,1440263423616,"32,217",86% bullish,of 7 ratings,$43
AUBN,$27.68,1440263423750,948,Not yet rated,NULL,N/A
AUDC,$3.18,1440263423880,"55,482",80% bullish,of 5 ratings,$5
EARS,$4.845,1440263423912,"14,045",100% bearish,of 2 ratings,$11.50
AUPH,$3.19,1440263423934,"14,987",100% bearish,of 1 rating,$8
ADAT,$0.12,1440263423964,"123,764",100% bullish,of 2 ratings,N/A
ABTL,$18.05,1440263423990,"70,992",100% bullish,of 4 ratings,$20.25
ADSK,$51.76,1440263424121,"2,339,645",83% bullish,of 6 ratings,$69.50
AVGO,$112.787,1440263424214,"3,328,073",88% bullish,of 8 ratings,$160
ADP,$79.23,1440263424318,"2,485,062",100% bearish,of 1 rating,$88
AVNU,$12.7,1440263424462,506,Not yet rated,NULL,$14
AVNW,$1.24,1440263424537,"161,594",50% bullish,of 2 ratings,$2.20
AVGR,$14.23,1440263424615,"21,077",100% bearish,of 1 rating,$20
CAR,$42.2749,1440263424640,"1,835,525",80% bullish,of 5 ratings,$60
ACLS,$3.29,1440263424935,"557,776",67% bullish,of 6 ratings,$4.75
AXPW,$1.1,1440263424965,"56,422",83% bullish,of 6 ratings,N/A
AVID,$8.01,1440263425098,"539,251",100% bearish,of 1 rating,$20
AVEO,$1.38,1440263425174,"1,367,791",75% bullish,of 8 ratings,$3
AXPWW,NULL,1440263425201,0,Not yet rated,NULL,N/A
AAVL,$10.62,1440263425227,"258,588",100% bearish,of 1 rating,$20
AWRE,$3.14,1440263425253,"21,064",67% bullish,of 3 ratings,N/A
AXGN,$3.94,1440263425274,"27,034",Not yet rated,NULL,$5
AXTI,$2.15,1440263425309,"35,695",50% bullish,of 2 ratings,$2.75
BIDU,$152.9,1440263425585,"3,843,564",81% bullish,of 88 ratings,$210
BEAV,$48.57,1440263425617,"742,264",67% bearish,of 3 ratings,$59
BOSC,$2.37,1440263425639,"1,297",50% bullish,of 2 ratings,N/A
BCOM,NULL,1440263425677,0,100% bearish,of 1 rating,N/A
BCPC,$57.76,1440263425715,"128,021",100% bearish,of 1 rating,$75
RILY,$10,1440263425771,600,Not yet rated,NULL,N/A
BWINA,NULL,1440263425799,0,Not yet rated,NULL,N/A
BWINB,$23.01,1440263425948,"25,265",Not yet rated,NULL,N/A
BANFP,NULL,1440263425979,0,Not yet rated,NULL,N/A
BKMU,$7.19,1440263426006,"511,937",Not yet rated,NULL,$8
BANF,$60.97,1440263426028,"18,077",Not yet rated,NULL,$68
BOCH,$5.76,1440263426058,"16,932",Not yet rated,NULL,$6.50
BLDP,$1.24,1440263426079,"470,551",91% bullish,of 22 ratings,$2.50
BMRC,$48.75,1440263426108,"17,961",Not yet rated,NULL,$52
BKSC,$15.6,1440263426529,705,Not yet rated,NULL,N/A
BOTJ,$11.15,1440263426575,"3,090",Not yet rated,NULL,N/A
OZRK,$40.71,1440263426743,"553,107",67% bullish,of 3 ratings,$49.50
BFIN,$12.01,1440263427191,"29,911",Not yet rated,NULL,$13
BHAC,NULL,1440263427320,0,Not yet rated,NULL,N/A
BANR,$45.64,1440263427365,"84,960",100% bullish,of 3 ratings,$50
BHACR,$0.25,1440263427392,700,Not yet rated,NULL,N/A
TAPR,$29.38,1440263427463,"4,550",100% bearish,of 1 rating,N/A
BZUN,$5.65,1440263427491,"399,133",50% bullish,of 2 ratings,$12.60
BHACU,NULL,1440263427517,0,Not yet rated,NULL,N/A
BWFG,$18.03,1440263427544,"3,688",100% bearish,of 1 rating,N/A
BBSI,$34.87,1440263427711,"71,494",67% bearish,of 3 ratings,$62.50
BHACW,NULL,1440263427737,0,Not yet rated,NULL,N/A
BYBK,$5.02,1440263427809,"1,546",100% bearish,of 1 rating,N/A
BSET,$29.1,1440263427838,"49,205",100% bearish,of 1 rating,$35
BYLK,$12.95,1440263427860,"4,701",Not yet rated,NULL,$14
BCBP,$11.73,1440263428031,"8,625",Not yet rated,NULL,N/A
BV,$5.08,1440263428088,"375,082",67% bullish,of 6 ratings,$9
BBCN,$14.81,1440263428130,"308,877",100% bearish,of 1 rating,$16
BDCV,$4.84,1440263428222,"9,821",100% bearish,of 1 rating,$10.19
BBGI,$4.68,1440263428252,2,100% bearish,of 1 rating,N/A
BSF,$8.62,1440263428278,"18,869",Not yet rated,NULL,N/A
BEBE,$1.81,1440263428309,"150,846",75% bullish,of 4 ratings,$3.075
BECN,$35.48,1440263428351,"294,756",50% bullish,of 2 ratings,$40
BBBY,$61.8626,1440263428484,"2,676,226",71% bullish,of 7 ratings,$75
BELFA,$15.5,1440263428536,100,100% bearish,of 1 rating,N/A
BLCM,$17.46,1440263428564,"701,289",50% bullish,of 4 ratings,$40
BNFT,$36.3,1440263428726,"94,715",67% bullish,of 3 ratings,$46
BNTC,$8.6562,1440263428754,"29,198",100% bullish,of 1 rating,N/A
BNCL,$12.64,1440263428804,"393,855",100% bullish,of 3 ratings,$12.50
BGMD,$0.8536,1440263428931,"210,316",100% bullish,of 10 ratings,N/A
BGCP,$8.8,1440263428958,"2,203,135",88% bullish,of 8 ratings,$14
BGFV,$10.86,1440263429041,"167,409",57% bullish,of 7 ratings,$12
BELFB,$17.92,1440263429090,"70,318",100% bearish,of 1 rating,N/A
BLPH,$5.01,1440263429142,"26,371",100% bearish,of 1 rating,$12.50
ORPN,$5.34,1440263429176,"18,329",100% bullish,of 1 rating,$28.50
BIND,$4.56,1440263429202,"42,392",67% bullish,of 3 ratings,$13.50
BASI,$1.39,1440263429223,"12,876",Not yet rated,NULL,N/A
BCDA,NULL,1440263429271,0,Not yet rated,NULL,N/A
BIOC,$2.08,1440263429359,"466,899",83% bullish,of 6 ratings,$3.85
BCRX,$11.99,1440263429507,"637,416",63% bullish,of 8 ratings,$18
BIOD,$0.6899,1440263429529,"144,374",80% bullish,of 5 ratings,$4
BDSI,$6.52,1440263429611,"1,009,736",88% bullish,of 8 ratings,$17
BIIB,$298,1440263429659,"2,250,449",88% bullish,of 16 ratings,$400
BIOL,$1.46,1440263429686,"36,518",Not yet rated,NULL,N/A
BLFS,$2.03,1440263429707,"86,446",100% bearish,of 1 rating,$4.75
BLRX,$1.42,1440263429839,"228,173",100% bullish,of 12 ratings,$5
BVXV,$3.86,1440263429866,"7,057",Not yet rated,NULL,N/A
BMRN,$130,1440263429893,"823,308",80% bullish,of 5 ratings,$160
BVXVW,$0.77,1440263429925,"1,008",100% bearish,of 1 rating,N/A
BPTH,$1.13,1440263429996,"64,428",100% bullish,of 2 ratings,$5
BRLI,NULL,1440263430060,0,NULL,NULL,NULL
BIOS,$1.84,1440263430087,"1,061,659",71% bullish,of 7 ratings,$4
BBC,$30.48,1440263430168,"62,013",Not yet rated,NULL,N/A
BBP,$32.07,1440263430193,"91,659",Not yet rated,NULL,N/A
BSTC,$49.71,1440263430332,"66,008",100% bearish,of 1 rating,$76
BOTA,$2.2,1440263430364,"47,009",88% bullish,of 8 ratings,N/A
BSPM,$0.72,1440263430398,"10,225",50% bullish,of 2 ratings,N/A
TECH,$101.4978,1440263430464,"129,987",100% bullish,of 1 rating,$117
BDMS,NULL,1440263430497,0,100% bearish,of 1 rating,N/A
BITI,$17.33,1440263430524,"31,694",100% bullish,of 1 rating,$28
BEAT,$13.69,1440263430594,"339,071",67% bearish,of 3 ratings,$15
BBOX,$15.44,1440263430694,"68,675",100% bearish,of 1 rating,N/A
BDE,$7.5,1440263430726,"220,690",50% bullish,of 2 ratings,$9
BJRI,$44.71,1440263430751,"215,274",50% bullish,of 2 ratings,$55
BBRY,$7.15,1440263430825,"5,450,296",61% bullish,of 330 ratings,$9
BLKB,$58.91,1440263430895,"225,935",100% bearish,of 2 ratings,$66
HAWK,$42,1440263430922,"525,334",91% bullish,of 11 ratings,$49
BKCC,$9.118,1440263430952,"334,015",100% bullish,of 2 ratings,$10
ADRA,$27.52,1440263431052,"1,065",Not yet rated,NULL,N/A
ADRD,$22.12,1440263431103,"8,231",100% bearish,of 1 rating,N/A
ADRE,$29.55,1440263431131,"44,928",Not yet rated,NULL,N/A
ADRU,$21.85,1440263431157,"2,468",100% bearish,of 1 rating,N/A
BLMN,$20.36,1440263431201,"1,559,840",83% bullish,of 6 ratings,$27.50
BUFF,$26.91,1440263431291,"472,572",83% bullish,of 12 ratings,$31.50
BCOR,$13.4,1440263431318,"257,015",57% bullish,of 7 ratings,$15
BLBD,$11.53,1440263431351,"7,869",Not yet rated,NULL,N/A
BHBK,$14.06,1440263431453,"103,355",100% bullish,of 1 rating,$14.50
BBLU,$0.89,1440263431499,"120,329",100% bullish,of 2 ratings,$4.43
NILE,$34.29,1440263431541,"91,641",50% bullish,of 2 ratings,$34
BLUE,$124.9,1440263431584,"511,022",71% bullish,of 7 ratings,$217.50
BKEP,$6.6,1440263431640,"42,067",100% bearish,of 1 rating,$8.50
BKEPP,$7.773,1440263431671,"1,100",100% bearish,of 1 rating,N/A
BPMC,$25.74,1440263431770,"43,864",50% bullish,of 2 ratings,$47.50
BNCN,$21.26,1440263431797,"105,692",Not yet rated,NULL,$23
BOBE,$44.5,1440263431932,"144,944",75% bullish,of 4 ratings,$57
BOFI,$123.99,1440263431962,"365,678",100% bullish,of 6 ratings,$144
WIFI,$7.83,1440263431984,"402,837",50% bullish,of 2 ratings,$13.50
BOJA,$20.83,1440263432012,"194,845",100% bullish,of 1 rating,$30
BOKF,$61.8126,1440263432048,"136,973",100% bearish,of 1 rating,$70.50
BNSO,$1.38,1440263432113,"6,280",100% bearish,of 1 rating,N/A
BONA,$11.82,1440263432191,"182,491",75% bullish,of 4 ratings,$8.50
BPFHP,$25,1440263432252,"1,571",100% bearish,of 1 rating,N/A
BPFH,$12.155,1440263432323,"304,942",100% bearish,of 1 rating,$14
BAMM,$3.21,1440263432351,"12,873",60% bullish,of 5 ratings,N/A
BPFHW,$5.5,1440263432378,837,100% bearish,of 1 rating,N/A
EPAY,$25.46,1440263432514,"155,496",100% bearish,of 2 ratings,$30
BCLI,$2.92,1440263432547,"80,439",80% bullish,of 5 ratings,$12
BDBD,$8.43,1440263432574,"500,690",60% bullish,of 5 ratings,$10
BBEP,$2.26,1440263432658,"2,113,660",69% bullish,of 13 ratings,$5.625
BBEPP,$13.24,1440263432704,"73,231",100% bearish,of 1 rating,N/A
BDGE,$27.4,1440263432732,"33,067",Not yet rated,NULL,$31.75
BBRG,$12.58,1440263432764,"83,065",67% bullish,of 3 ratings,$14.50
BLIN,$1.15,1440263432791,"21,500",50% bullish,of 2 ratings,$2.20
BCOV,$5.22,1440263432866,"120,648",67% bullish,of 3 ratings,$10.20
BRID,$8.62,1440263432919,86,100% bearish,of 1 rating,N/A
BRCM,$48.57,1440263433023,"5,158,085",75% bullish,of 12 ratings,$56
BSFT,$30.87,1440263433051,"134,160",57% bullish,of 7 ratings,$40.50
BVSN,$5.54,1440263433103,"12,787",60% bearish,of 5 ratings,N/A
BYFC,$1.37,1440263433258,200,50% bullish,of 2 ratings,N/A
BWEN,$3.26,1440263433287,"21,709",100% bullish,of 3 ratings,$8
BRCD,$10.6,1440263433318,"10,780,307",92% bullish,of 13 ratings,$12.50
BRKS,$10.37,1440263433368,"191,066",67% bullish,of 3 ratings,$15.25
BMTC,$29.46,1440263433415,"89,269",Not yet rated,NULL,$34
BRKL,$10.765,1440263433444,"389,012",100% bearish,of 1 rating,$10.75
BRKR,$19.0677,1440263433500,"233,562",100% bearish,of 2 ratings,$22
BLMT,$20.8,1440263433575,"14,194",Not yet rated,NULL,N/A
BSQR,$6.03,1440263433604,"89,784",67% bullish,of 3 ratings,N/A
BWLD,$189.5073,1440263433626,"260,082",82% bullish,of 11 ratings,$205
BLDR,$14.9615,1440263433762,"1,078,324",50% bullish,of 2 ratings,$22
BUR,$1.85,1440263433789,"2,443",100% bearish,of 1 rating,$8
CA,$27.33,1440263433971,"2,905,194",50% bullish,of 4 ratings,$33
CFFI,$36,1440263434001,"6,616",100% bearish,of 1 rating,N/A
CHRW,$67.24,1440263434023,"1,128,419",Not yet rated,NULL,$72
CCMP,$44.25,1440263434053,"90,039",50% bullish,of 2 ratings,$59
CDZI,$7.53,1440263434085,"30,147",100% bearish,of 1 rating,N/A
CDNS,$19.8,1440263434189,"1,519,633",75% bullish,of 4 ratings,$22.50
CACQ,$7.1,1440263434220,"100,797",100% bearish,of 1 rating,$12.25
PRSS,$4.42,1440263434247,"18,224",80% bullish,of 5 ratings,$4.50
CZR,$8.02,1440263434292,"1,345,062",60% bearish,of 5 ratings,$10.50
CLBS,$1.33,1440263434318,"263,782",79% bullish,of 14 ratings,$4
CSTE,$45,1440263434448,"526,244",100% bearish,of 1 rating,$65
CLMS,$11.43,1440263434475,"84,354",Not yet rated,NULL,$10.50
CHI,$10.67,1440263434506,"301,618",100% bearish,of 1 rating,N/A
CHY,$11.51,1440263434532,"256,541",Not yet rated,NULL,N/A
CFGE,NULL,1440263434714,0,Not yet rated,NULL,N/A
CCD,$19.57,1440263434749,"275,211",Not yet rated,NULL,N/A
CAMP,$15.71,1440263434850,"335,596",88% bullish,of 8 ratings,$25
CHW,$7.59,1440263434880,"273,520",100% bearish,of 1 rating,N/A
CVGW,$54.49,1440263434912,"146,768",50% bullish,of 2 ratings,$58.50
CFNB,$13.73,1440263434933,143,100% bearish,of 1 rating,N/A
CGO,$11.92,1440263434954,"30,892",100% bearish,of 1 rating,N/A
CSQ,$9.88,1440263434976,"547,189",Not yet rated,NULL,N/A
CALA,$5.13,1440263435110,"381,343",100% bullish,of 3 ratings,$19.50
CALD,$15.56,1440263435176,"396,608",100% bearish,of 1 rating,$20.50
CALM,$49.67,1440263435208,"539,610",80% bullish,of 5 ratings,$65
CLMT,$25.21,1440263435237,"367,348",75% bullish,of 8 ratings,$31
ABCD,$4.64,1440263435274,"122,674",83% bullish,of 6 ratings,N/A
CAMB,NULL,1440263435311,0,Not yet rated,NULL,N/A
CAC,$40.79,1440263435527,"25,045",Not yet rated,NULL,N/A
CAMT,$2.76,1440263435558,"17,958",73% bullish,of 11 ratings,$4
CAMBU,NULL,1440263435579,0,100% bearish,of 1 rating,N/A
CAMBW,$0.14,1440263435623,200,Not yet rated,NULL,N/A
CSIQ,$17.5,1440263435645,"3,511,125",86% bullish,of 28 ratings,$45
CBNJ,$10.65,1440263435709,"60,681",100% bullish,of 1 rating,N/A
CGIX,$9.21,1440263435741,"38,415",67% bullish,of 3 ratings,$14.375
CPLA,$48.57,1440263435763,"84,854",50% bullish,of 2 ratings,$65
CPHC,$10.66,1440263435850,"2,320",100% bearish,of 1 rating,N/A
CBF,$30.13,1440263435912,"102,306",Not yet rated,NULL,$32
CPLP,$7.07,1440263436013,"470,786",71% bullish,of 7 ratings,$11
CCBG,$15.17,1440263436051,"20,399",Not yet rated,NULL,$17.25
CFFN,$12.0086,1440263436183,"689,306",Not yet rated,NULL,$12.75
CAPN,$1.99,1440263436214,"269,769",100% bullish,of 1 rating,$10.85
CPTA,$14.22,1440263436235,"52,411",Not yet rated,NULL,$18.50
CSWC,$46.68,1440263436274,"16,339",Not yet rated,NULL,N/A
CARA,$21.01,1440263436314,"286,045",50% bullish,of 4 ratings,$25
CAPNW,$0.6199,1440263436364,615,Not yet rated,NULL,N/A
CAPR,$3.95,1440263436392,"6,718",Not yet rated,NULL,$12
CPST,$0.3777,1440263436456,"956,493",95% bullish,of 22 ratings,$1.25
CRDC,$0.38,1440263436536,"10,734",100% bullish,of 1 rating,$1.25
CARB,$11.43,1440263436564,"85,069",75% bullish,of 4 ratings,$12
CBYL,$6.29,1440263436590,"38,631",100% bearish,of 1 rating,$20
CFNL,$22.47,1440263436741,"122,419",Not yet rated,NULL,$24
CRME,$9.535,1440263436799,"32,837",89% bullish,of 9 ratings,$11.25
CSII,$24.6527,1440263436838,"477,244",100% bearish,of 2 ratings,$42.125
CATM,$34.54,1440263436869,"283,184",100% bearish,of 1 rating,$44
CDNA,$6.47,1440263436930,"6,286",100% bearish,of 1 rating,$9
CTRE,$12.03,1440263436957,"422,076",50% bullish,of 2 ratings,N/A
CECO,$3.63,1440263436989,"476,999",67% bearish,of 3 ratings,$6
CKEC,$21.84,1440263437015,"283,627",50% bullish,of 2 ratings,$35.915
CLBH,$12.79,1440263437092,288,Not yet rated,NULL,$16.50
CARO,$15.35,1440263437224,"1,700",100% bearish,of 1 rating,$19
TAST,$11.91,1440263437254,"220,515",Not yet rated,NULL,$14.25
CART,NULL,1440263437284,0,100% bearish,of 1 rating,N/A
CRZO,$32,1440263437306,"968,169",67% bearish,of 3 ratings,$57
CRTN,$2.66,1440263437362,103,100% bearish,of 1 rating,N/A
CASM,$1.09,1440263437492,"4,748",100% bullish,of 1 rating,$3.50
CARV,$5.51,1440263437523,"1,650",50% bullish,of 2 ratings,N/A
CSCD,$14.23,1440263437627,"100,500",100% bullish,of 2 ratings,$17
CASY,$104.8974,1440263437658,"370,086",50% bullish,of 2 ratings,$99.50
CWST,$6.2,1440263437679,"271,280",50% bullish,of 2 ratings,$7
CASI,$1.42,1440263437710,"13,082",100% bullish,of 1 rating,$3.50
CACB,$5.43,1440263437732,"111,472",Not yet rated,NULL,$5.50
CASS,$47.46,1440263437878,"46,174",100% bearish,of 1 rating,N/A
CPRX,$3.66,1440263437926,"846,503",71% bullish,of 7 ratings,$7
CATB,$11.26,1440263438009,"70,464",100% bearish,of 1 rating,$28
CATY,$30.2864,1440263438035,"491,578",100% bearish,of 1 rating,$33.50
CBFV,$20.75,1440263438080,"4,266",Not yet rated,NULL,N/A
CAVM,$66.14,1440263438135,"458,453",67% bearish,of 3 ratings,$72
CVCO,$73.17,1440263438158,"73,964",100% bearish,of 1 rating,N/A
CATYW,$10.54,1440263438184,100,100% bearish,of 1 rating,N/A
CNLM,$9.97,1440263438378,"1,883",Not yet rated,NULL,N/A
CNLMR,NULL,1440263438407,0,Not yet rated,NULL,N/A
CNLMW,NULL,1440263438428,0,Not yet rated,NULL,N/A
CNLMU,NULL,1440263438460,0,100% bullish,of 1 rating,N/A
CDK,$48.5,1440263438481,"517,921",67% bearish,of 3 ratings,$50
CBOE,$61.4126,1440263438515,"495,206",Not yet rated,NULL,$60
CECE,$9.45,1440263438653,"124,266",50% bullish,of 2 ratings,$16
CDW,$38.25,1440263438716,"1,490,342",75% bullish,of 4 ratings,$44
CELG,$119.5,1440263438756,"5,582,818",92% bullish,of 13 ratings,$155.50
CPXX,$2.13,1440263438784,"85,814",100% bullish,of 2 ratings,$7
CELGZ,$1.81,1440263438811,"14,200",80% bullish,of 5 ratings,N/A
CLDN,$1.05,1440263438837,"324,992",71% bullish,of 7 ratings,$3
CLRB,$3.05,1440263438994,"5,111",100% bearish,of 1 rating,N/A
CLDX,$13.53,1440263439072,"2,065,127",89% bullish,of 9 ratings,$36
CLRBW,$0.94,1440263439094,300,Not yet rated,NULL,N/A
CLLS,$30.45,1440263439126,"113,250",75% bullish,of 4 ratings,$51.50
CBMG,$22.63,1440263439160,"40,791",50% bullish,of 2 ratings,N/A
CLTX,$3,1440263439181,"2,660,088",100% bullish,of 2 ratings,N/A
CLSN,$2,1440263439215,"140,086",80% bullish,of 10 ratings,$7.50
CEMP,$35.5,1440263439256,"686,260",71% bullish,of 7 ratings,$52
CYAD,$50.47,1440263439444,"5,476",100% bullish,of 1 rating,$87.50
CSFL,$14.06,1440263439474,"147,356",Not yet rated,NULL,$15
CETV,$2.02,1440263439500,"177,717",67% bullish,of 3 ratings,$2.80
CETX,$2.47,1440263439577,"12,950",Not yet rated,NULL,$5.60
CENT,$11.93,1440263439663,"28,453",Not yet rated,NULL,$10
CFBK,$1.38,1440263439710,"6,308",Not yet rated,NULL,N/A
CENX,$5.17,1440263439794,"1,660,584",67% bullish,of 6 ratings,$9
CVCY,$11.19,1440263439821,675,Not yet rated,NULL,$12
CENTA,$12.57,1440263439843,"238,725",Not yet rated,NULL,N/A
CNTY,$6.02,1440263439864,"6,571",80% bullish,of 5 ratings,$7.75
CNBKA,$40.33,1440263439903,"9,839",100% bullish,of 1 rating,N/A
CPHD,$47.8043,1440263440179,"535,219",50% bullish,of 2 ratings,$66.50
CERE,$1.1,1440263440206,"479,152",88% bullish,of 8 ratings,N/A
CRNT,$1.37,1440263440231,"280,066",50% bullish,of 2 ratings,$2
CERN,$61.72,1440263440257,"1,895,743",67% bullish,of 3 ratings,$79
CERU,$3.42,1440263440283,"35,413",75% bullish,of 4 ratings,$15
KOOL,$0.6998,1440263440436,"19,783",100% bullish,of 5 ratings,$7
CEVA,$18.37,1440263440465,"70,931",100% bearish,of 1 rating,$25
CERS,$4.73,1440263440495,"650,339",75% bullish,of 4 ratings,$7
CYOU,$20.0874,1440263440517,"457,679",50% bullish,of 6 ratings,$24
CHTR,$177.5087,1440263440594,"962,693",100% bearish,of 2 ratings,$196
HOTRW,NULL,1440263440650,0,Not yet rated,NULL,N/A
HOTR,$1.5,1440263440687,"212,526",100% bullish,of 2 ratings,$5
CTHR,$1.23,1440263440709,"48,304",50% bullish,of 2 ratings,$2.50
CHFN,$12.45,1440263440783,"35,096",Not yet rated,NULL,$14
GTLS,$22.3973,1440263440809,"330,795",50% bullish,of 4 ratings,$40
CHKP,$76.9,1440263440837,"1,048,652",50% bullish,of 4 ratings,$92
CHEKW,NULL,1440263441044,0,Not yet rated,NULL,N/A
CHEK,$3.16,1440263441084,"1,665",Not yet rated,NULL,$7.75
CEMI,$4.25,1440263441175,"5,139",50% bullish,of 2 ratings,$7.50
CCXI,$6.66,1440263441206,"125,627",67% bullish,of 3 ratings,$14
CHFC,$31.81,1440263441228,"100,386",100% bearish,of 1 rating,$36
CHMG,$26.6,1440263441264,700,Not yet rated,NULL,$30
CHEV,$14.63,1440263441285,"8,266",Not yet rated,NULL,N/A
CHKE,$25.42,1440263441317,"26,595",100% bearish,of 1 rating,$32.50
CHMA,$24.05,1440263441357,"123,730",Not yet rated,NULL,$40
PLCE,$58.5,1440263441492,"386,298",100% bearish,of 1 rating,$71
CBNK,$16.48,1440263441522,297,100% bearish,of 1 rating,N/A
CADC,NULL,1440263441548,0,78% bullish,of 9 ratings,N/A
CMRX,$46.44,1440263441625,"341,351",50% bullish,of 2 ratings,$57
CALI,$0.87,1440263441734,"7,037",67% bullish,of 3 ratings,N/A
CBAK,$1.8,1440263441837,"39,266",67% bullish,of 9 ratings,N/A
CCCL,$0.85,1440263441868,"10,030",100% bullish,of 6 ratings,N/A
JRJC,$3.88,1440263441897,"166,421",82% bullish,of 11 ratings,N/A
CBPO,$97.5633,1440263441930,"275,264",75% bullish,of 8 ratings,$140.50
CCCR,$0.89,1440263441952,"36,866",67% bearish,of 3 ratings,N/A
CAAS,$6.48,1440263441987,"52,022",93% bullish,of 14 ratings,$11.50
CHLN,$2.05,1440263442028,"8,803",67% bullish,of 3 ratings,N/A
HGSH,$1.89,1440263442084,"13,900",67% bullish,of 3 ratings,N/A
CHOP,$1.2,1440263442217,"146,084",50% bullish,of 2 ratings,N/A
CJJD,$1.9,1440263442247,"52,186",100% bullish,of 1 rating,N/A
HTHT,$24.5,1440263442304,"81,284",50% bullish,of 2 ratings,$28
CNIT,$1.54,1440263442347,"31,123",67% bullish,of 6 ratings,N/A
CHNR,$2.01,1440263442475,"1,911",100% bearish,of 1 rating,N/A
CREG,$0.7,1440263442522,"109,561",100% bullish,of 3 ratings,N/A
CPGI,$6.94,1440263442556,"2,888",Not yet rated,NULL,N/A
CSUN,$1.38,1440263442583,"19,180",80% bullish,of 5 ratings,N/A
CNYD,$3.17,1440263442652,"7,840",67% bullish,of 3 ratings,N/A
CNTF,$0.85,1440263442727,"130,860",Not yet rated,NULL,N/A
CXDC,$6.21,1440263442759,"128,308",67% bullish,of 3 ratings,N/A
CCIH,$6.0688,1440263442780,"995,724",67% bullish,of 6 ratings,$12.65
CNET,$0.8899,1440263442815,"36,501",50% bullish,of 2 ratings,N/A
IMOS,$16.0456,1440263442913,"208,767",60% bullish,of 5 ratings,$21.50
CHSCL,$27.06,1440263442990,"26,654",Not yet rated,NULL,N/A
CHSCM,$25.86,1440263443016,"33,418",Not yet rated,NULL,N/A
CHSCO,$28.32,1440263443146,"9,147",Not yet rated,NULL,N/A
CHSCN,$27.02,1440263443176,"3,839",Not yet rated,NULL,N/A
CHSCP,$30.29,1440263443207,"3,905",Not yet rated,NULL,N/A
CHDN,$134.37,1440263443279,"57,359",Not yet rated,NULL,$165
CMCT,$15,1440263443305,"2,992",100% bearish,of 1 rating,N/A
CHUY,$31.27,1440263443346,"229,822",50% bullish,of 2 ratings,$34
CIFC,$6.85,1440263443372,"10,311",Not yet rated,NULL,N/A
CDTX,$14.04,1440263443397,"21,619",Not yet rated,NULL,$22
CINF,$53.8535,1440263443532,"1,065,857",50% bullish,of 4 ratings,$50.50
CMPR,$67.75,1440263443563,"558,567",50% bullish,of 2 ratings,$72.50
CIDM,$0.62,1440263443619,"87,510",50% bullish,of 2 ratings,$2.10
CTAS,$84.87,1440263443664,"522,195",100% bearish,of 1 rating,$91
CPHR,$6.2,1440263443697,"1,500",100% bearish,of 1 rating,$16
CRUS,$27.46,1440263443794,"973,633",75% bullish,of 12 ratings,$44.50
CZNC,$19.63,1440263443937,"13,840",Not yet rated,NULL,N/A
CZWI,$9.09,1440263444008,10,Not yet rated,NULL,N/A
CSCO,$26.48,1440263444033,"34,066,946",84% bullish,of 208 ratings,$32
CZFC,$12.7201,1440263444065,700,Not yet rated,NULL,N/A
CIZN,$19.55,1440263444175,"1,220",Not yet rated,NULL,N/A
CIVB,$10.29,1440263444209,"5,841",Not yet rated,NULL,$11
CHCO,$47.47,1440263444236,"74,330",Not yet rated,NULL,$46
CTXS,$73.91,1440263444258,"1,231,547",86% bullish,of 7 ratings,$80
CIVBP,NULL,1440263444297,0,Not yet rated,NULL,N/A
CLNE,$4.02,1440263444394,"1,114,136",80% bullish,of 15 ratings,$9
CDTI,$1.56,1440263444422,"65,316",75% bullish,of 4 ratings,$3.20
CLNT,$1.69,1440263444558,"56,834",75% bullish,of 8 ratings,N/A
CTRN,$27.92,1440263444597,"144,202",100% bearish,of 1 rating,$31.50
CLRO,$11.74,1440263444660,"4,663",50% bullish,of 2 ratings,$14.25
CLFD,$16.89,1440263444686,"50,082",67% bullish,of 3 ratings,$18
CLIR,$5.07,1440263444715,"32,472",100% bullish,of 3 ratings,N/A
CSBK,$13.76,1440263444821,"62,601",Not yet rated,NULL,N/A
CMFN,$11.79,1440263444924,"14,093",100% bearish,of 1 rating,$15.50
CBLI,$3.82,1440263444954,"47,562",60% bullish,of 5 ratings,N/A
CLVS,$72.68,1440263445007,"346,682",60% bullish,of 5 ratings,$101.50
CME,$91.629,1440263445039,"3,306,208",67% bullish,of 3 ratings,$102
CISG,$7.78,1440263445068,"151,935",100% bullish,of 5 ratings,$10
CCNE,$17.08,1440263445093,"21,997",50% bullish,of 2 ratings,$21.50
CNV,$4.72,1440263445137,"20,202",50% bullish,of 2 ratings,$7.15
CWAY,$11.36,1440263445237,502,Not yet rated,NULL,N/A
COBZ,$13,1440263445300,"155,494",100% bullish,of 1 rating,$14
COKE,$154.15,1440263445336,"30,930",79% bullish,of 19 ratings,N/A
CDRB,$11.18,1440263445403,"11,033",67% bullish,of 3 ratings,N/A
CDXS,$3.96,1440263445431,"51,237",64% bullish,of 11 ratings,$6
CVLY,$20.55,1440263445561,"8,047",Not yet rated,NULL,N/A
CCOI,$28.31,1440263445586,"322,021",50% bullish,of 4 ratings,$35
JVA,$4.57,1440263445722,"28,204",83% bullish,of 6 ratings,$7
CGNT,$1.66,1440263445749,"34,162",100% bullish,of 2 ratings,$2
COHR,$57.2,1440263445777,"130,953",50% bullish,of 2 ratings,$72
CTSH,$62.85,1440263445814,"3,763,692",90% bullish,of 10 ratings,$75
CGNX,$35.7,1440263445835,"695,000",50% bullish,of 2 ratings,$47
COHU,$9.89,1440263445878,"271,999",100% bearish,of 1 rating,$14.25
CHRS,$29.87,1440263445910,"170,994",67% bearish,of 3 ratings,$37
CLCT,$18.06,1440263446070,"74,153",100% bearish,of 1 rating,N/A
CLRX,$0.4901,1440263446099,"59,544",50% bullish,of 2 ratings,N/A
COLL,$15.25,1440263446125,"33,838",100% bearish,of 1 rating,$26
CIGI,$44.35,1440263446150,"9,835",100% bearish,of 1 rating,$52
CLCD,$6.91,1440263446293,"23,570",100% bearish,of 1 rating,$20.50
CBAN,$8.95,1440263446324,520,Not yet rated,NULL,N/A
COLB,$31.17,1440263446378,"236,131",Not yet rated,NULL,$36
COLM,$62.63,1440263446424,"170,550",100% bearish,of 1 rating,$71
CBMX,$1.21,1440263446458,"39,549",83% bullish,of 6 ratings,$3.15
CMCO,$19.42,1440263446484,"118,644",60% bullish,of 5 ratings,$28
CMCSA,$56.78,1440263446509,"15,010,891",66% bullish,of 35 ratings,$69.50
CMCSK,$57.64,1440263446551,"4,128,285",Not yet rated,NULL,$84
CBSHP,$25.25,1440263446640,"1,462",100% bearish,of 1 rating,N/A
CBSH,$45.3446,1440263446668,"380,222",50% bullish,of 2 ratings,$46
CUBN,$13.6,1440263446818,"2,416",Not yet rated,NULL,N/A
CVGI,$4.69,1440263446951,"105,073",50% bullish,of 2 ratings,$6
CSAL,$20.6075,1440263446977,"718,045",75% bullish,of 4 ratings,$30
COMM,$29.31,1440263447009,"1,032,402",67% bearish,of 3 ratings,$35
JCS,$9.21,1440263447030,626,67% bullish,of 3 ratings,N/A
ESXB,$5.12,1440263447067,"12,099",Not yet rated,NULL,N/A
CYHHZ,$0.011,1440263447107,"5,341",100% bullish,of 1 rating,N/A
CTBI,$34.8,1440263447166,"47,075",Not yet rated,NULL,$36
CWBC,$6.78,1440263447191,"5,828",Not yet rated,NULL,N/A
COB,$10.42,1440263447325,"21,470",100% bullish,of 1 rating,$11.75
CIL,$33.53,1440263447355,500,Not yet rated,NULL,N/A
CVLT,$36.34,1440263447378,"370,999",75% bullish,of 4 ratings,$44.50
CID,$33.93,1440263447406,300,Not yet rated,NULL,N/A
CIZ,$33.33,1440263447457,"5,278",100% bearish,of 1 rating,N/A
CSA,$33.32,1440263447711,"2,560",Not yet rated,NULL,N/A
CDC,$35.22,1440263447775,"23,106",Not yet rated,NULL,N/A
CSF,$36.84,1440263447853,"5,120",100% bearish,of 1 rating,N/A
CFA,$35.77,1440263447878,"2,458",100% bearish,of 1 rating,N/A
CFO,$35.7,1440263447952,"16,998",100% bearish,of 1 rating,N/A
CSB,NULL,1440263448021,0,Not yet rated,NULL,N/A
CTG,$6.63,1440263448048,"46,409",100% bearish,of 1 rating,$8.50
CDL,$34.42,1440263448080,"7,600",Not yet rated,NULL,N/A
CPSI,$45.08,1440263448103,"89,664",100% bearish,of 1 rating,$45.50
CGEN,$5.15,1440263448138,"114,352",50% bullish,of 2 ratings,$11
SCOR,$56.5,1440263448178,"463,584",100% bearish,of 1 rating,$66
CMTL,$26.49,1440263448229,"90,800",100% bearish,of 2 ratings,$37
CHCI,$0.6,1440263448321,"23,882",50% bullish,of 2 ratings,N/A
CNSI,$18.79,1440263448357,"160,869",100% bearish,of 2 ratings,$29
CNAT,$4,1440263448385,"134,269",83% bullish,of 6 ratings,$13
CNCE,$15.39,1440263448420,"221,475",75% bullish,of 4 ratings,$22
CXRX,$71.01,1440263448650,"3,584",Not yet rated,NULL,$90
CCUR,$5.18,1440263448695,"18,754",75% bullish,of 4 ratings,N/A
CDOR,$1.47,1440263448723,"5,359",100% bullish,of 1 rating,N/A
CDORO,NULL,1440263448748,0,100% bearish,of 1 rating,N/A
CFMS,$21.32,1440263448797,"241,608",Not yet rated,NULL,$27
CDORP,$6.7921,1440263448827,800,100% bearish,of 1 rating,N/A
CNMD,$54.8,1440263448881,"186,789",Not yet rated,NULL,$59
CTWS,$35.1,1440263448926,"49,177",100% bearish,of 1 rating,$44
CNFR,$10.42,1440263449011,"16,866",Not yet rated,NULL,N/A
CNOB,$19.5,1440263449054,"153,863",100% bullish,of 1 rating,$23.50
CNXR,$6.26,1440263449105,"22,458",100% bearish,of 1 rating,$12
CONN,$31.23,1440263449139,"383,835",67% bullish,of 3 ratings,$48.50
CNSL,$20.06,1440263449197,"235,939",100% bearish,of 1 rating,$23
CWCO,$10.65,1440263449225,"129,607",67% bullish,of 3 ratings,$14.50
CTCT,$24.27,1440263449303,"286,115",67% bullish,of 3 ratings,$37
CPSS,$5.64,1440263449436,"88,625",100% bullish,of 1 rating,$10
CFRX,$5.14,1440263449480,"29,285",Not yet rated,NULL,$14
CFRXW,$1.87,1440263449564,"4,588",100% bearish,of 1 rating,N/A
CTRV,$3.55,1440263449595,"57,680",Not yet rated,NULL,$6.40
CFRXZ,$0.531,1440263449654,"2,550",Not yet rated,NULL,N/A
CTRL,$7.91,1440263449698,"125,610",50% bullish,of 2 ratings,$11
CPRT,$34.5858,1440263449727,"275,415",67% bearish,of 3 ratings,$40
CRBP,$2.13,1440263449756,"925,466",100% bullish,of 2 ratings,$6.25
CORT,$4.57,1440263449797,"394,867",67% bullish,of 3 ratings,$12
BVA,$3.75,1440263449829,"3,794",50% bullish,of 2 ratings,N/A
CORI,$10.8,1440263449930,"63,491",100% bearish,of 1 rating,$18
CORE,$59.8,1440263449959,"94,606",100% bearish,of 1 rating,$72
CRVL,$32.1,1440263450060,"47,501",100% bearish,of 1 rating,N/A
CSOD,$36.95,1440263450087,"368,582",50% bullish,of 2 ratings,$42
COSI,$1.11,1440263450112,"87,642",100% bullish,of 1 rating,N/A
CSGP,$181.61,1440263450312,"73,784",50% bullish,of 2 ratings,$235
COST,$139.357,1440263450345,"2,522,098",79% bullish,of 24 ratings,$154.50
CPAH,$0.4625,1440263450376,"11,752",50% bullish,of 2 ratings,N/A
ICBK,$18.6,1440263450399,402,Not yet rated,NULL,$21
COVS,$2.56,1440263450447,"72,882",67% bullish,of 3 ratings,N/A
CVTI,$22.53,1440263450477,"149,049",67% bearish,of 3 ratings,$39
COWNL,$27.19,1440263450537,"3,700",Not yet rated,NULL,N/A
COWN,$5.1,1440263450577,"839,094",75% bullish,of 4 ratings,$7
CRAI,$22.39,1440263450669,"55,819",Not yet rated,NULL,$36
CPSH,$2.36,1440263450704,300,Not yet rated,NULL,N/A
CBRL,$143.9027,1440263450732,"281,725",50% bullish,of 2 ratings,$155
BREW,$7.3,1440263450866,"59,792",67% bullish,of 6 ratings,$15
CRAY,$20.49,1440263450894,"284,812",83% bullish,of 6 ratings,$38.50
CACC,$192.85,1440263451040,"121,732",50% bullish,of 2 ratings,$158.50
GLDI,$11.09,1440263451069,"41,785",100% bearish,of 1 rating,N/A
CREE,$25.45,1440263451100,"1,082,980",65% bullish,of 17 ratings,$29.50
SLVO,$10.46,1440263451121,"9,370",100% bearish,of 1 rating,N/A
CRTO,$43.49,1440263451202,"541,309",67% bullish,of 6 ratings,$64
CROX,$14.19,1440263451257,"1,360,754",63% bullish,of 8 ratings,$16.50
CRESY,$10.29,1440263451289,"38,860",100% bearish,of 1 rating,$19
CCRN,$14.41,1440263451390,"188,998",100% bearish,of 1 rating,$14.25
CRWS,$8.03,1440263451422,"2,485",Not yet rated,NULL,$10
CRWN,$4.56,1440263451447,"130,545",75% bullish,of 4 ratings,N/A
CRDS,$1.05,1440263451471,"13,476",50% bullish,of 4 ratings,$4.50
CYRX,$2.88,1440263451609,"35,137",Not yet rated,NULL,$9
CYRXW,$0.86,1440263451635,"41,500",Not yet rated,NULL,N/A
CSGS,$31.06,1440263451713,"172,648",Not yet rated,NULL,$40
CCLP,$13.8063,1440263451774,"64,248",67% bearish,of 3 ratings,$21
CSPI,$6.18,1440263451806,"3,803",67% bullish,of 3 ratings,N/A
CTIC,$1.68,1440263451856,"1,708,372",84% bullish,of 76 ratings,$5.75
CTCM,$1.71,1440263451942,"372,018",80% bearish,of 5 ratings,$3.90
CTIB,NULL,1440263451971,0,100% bearish,of 1 rating,N/A
CTRP,$64.2374,1440263452001,"1,571,691",75% bullish,of 8 ratings,$92
CUNB,$22.03,1440263452102,"49,607",Not yet rated,NULL,$24.50
CPIX,$5.87,1440263452132,"3,515",Not yet rated,NULL,N/A
CUI,$4.8908,1440263452158,"121,551",50% bullish,of 2 ratings,$10
CRIS,$2.57,1440263452317,"442,411",100% bullish,of 8 ratings,$6
CVBF,$16.66,1440263452350,"658,942",Not yet rated,NULL,$18
CUTR,$14.4,1440263452371,"57,497",67% bearish,of 3 ratings,$18
CMLS,$1.3,1440263452401,"970,308",50% bullish,of 4 ratings,$6
CVV,$11.44,1440263452458,"25,260",100% bullish,of 5 ratings,N/A
CYAN,$7.3,1440263452587,"5,900",100% bearish,of 1 rating,N/A
CYBR,$51.5,1440263452615,"2,002,023",86% bullish,of 7 ratings,$66
CYBX,$66.48,1440263452674,"561,566",50% bullish,of 4 ratings,$70
CYBE,$5.96,1440263452700,"9,802",100% bearish,of 1 rating,N/A
CYCCP,NULL,1440263452744,0,100% bearish,of 1 rating,N/A
CYCC,$0.5699,1440263452772,"125,541",73% bullish,of 11 ratings,N/A
CBAY,$2.69,1440263452830,"42,788",100% bullish,of 1 rating,$4
CYNA,$16.08,1440263452856,"23,175",100% bullish,of 1 rating,$31.50
CYNO,$31.99,1440263453001,"242,311",67% bearish,of 3 ratings,$45.50
CY,$9.447,1440263453030,"3,384,357",80% bullish,of 10 ratings,$15.50
CYRN,$1.64,1440263453107,"253,906",67% bullish,of 3 ratings,$4
CTSO,$6.95,1440263453237,"54,249",Not yet rated,NULL,$15.625
CONE,$32.98,1440263453272,"454,437",67% bearish,of 3 ratings,$35
CYTK,$6.54,1440263453293,"193,233",71% bullish,of 14 ratings,$13.50
CYTX,$0.375,1440263453323,"766,187",83% bullish,of 12 ratings,$5.50
CYTR,$2.18,1440263453355,"755,510",67% bullish,of 6 ratings,$10
TVIZ,$14.69,1440263453382,"3,240",100% bearish,of 1 rating,N/A
DAEG,$0.3443,1440263453459,"4,306",100% bearish,of 1 rating,N/A
TVIX,$8.99,1440263453514,"19,877,376",81% bullish,of 16 ratings,N/A
ZIV,$46.57,1440263453587,"149,070",Not yet rated,NULL,N/A
XIV,$36.2,1440263453646,"25,218,869",75% bearish,of 4 ratings,N/A
DJCO,$197.2,1440263453742,"1,966",Not yet rated,NULL,N/A
DARA,$0.9,1440263453771,"39,987",83% bullish,of 6 ratings,$1.50
DAKT,$11.7,1440263453797,"198,964",50% bullish,of 2 ratings,$14
DTLK,$5.5,1440263453935,"91,469",100% bearish,of 1 rating,$9
DAIO,$2.55,1440263453962,"4,354",Not yet rated,NULL,N/A
DTEA,$13.49,1440263454091,"126,308",100% bearish,of 2 ratings,$24
DRAM,$1.4,1440263454119,"5,900",78% bullish,of 9 ratings,N/A
DWCH,$4.97,1440263454147,"77,045",75% bullish,of 4 ratings,$8.25
DWSN,$4.02,1440263454181,"44,331",67% bullish,of 3 ratings,$6
PLAY,$34.47,1440263454215,"228,236",100% bullish,of 5 ratings,$42
DBVT,$39.13,1440263454286,"112,606",100% bearish,of 1 rating,$53
TRAK,$62.93,1440263454316,"1,034,755",50% bullish,of 2 ratings,$62.50
DHRM,$1.68,1440263454345,"4,586",Not yet rated,NULL,N/A
DFRG,$14.75,1440263454449,"199,012",100% bearish,of 1 rating,$20
TACO,$13.13,1440263454502,"216,919",100% bullish,of 3 ratings,$20
TACOW,$4.01,1440263454607,"3,651",100% bullish,of 1 rating,N/A
DCTH,$0.48,1440263454668,"110,038",78% bullish,of 9 ratings,N/A
DELT,$2.59,1440263454739,"2,349",Not yet rated,NULL,N/A
DELTW,NULL,1440263454770,0,Not yet rated,NULL,N/A
DGAS,$20.24,1440263454796,"1,955",67% bearish,of 3 ratings,N/A
DENN,$11.6,1440263454865,"551,633",100% bullish,of 3 ratings,$15
XRAY,$53.63,1440263454943,"910,051",100% bullish,of 1 rating,$58
DERM,$24.15,1440263455000,"253,637",100% bearish,of 1 rating,$33.50
DEPO,$28.75,1440263455033,"1,112,213",60% bullish,of 5 ratings,$29
DSCI,$6.45,1440263455056,"49,351",50% bullish,of 2 ratings,$16
DEST,$11.83,1440263455100,"39,808",50% bullish,of 2 ratings,N/A
DXLG,$4.5,1440263455131,"65,758",100% bearish,of 1 rating,$8
DSWL,$1.75,1440263455206,"10,432",100% bullish,of 1 rating,N/A
DXM,$0.32,1440263455233,"22,270",50% bullish,of 2 ratings,N/A
DXCM,$89.9992,1440263455411,"957,976",57% bullish,of 7 ratings,$98
DHXM,NULL,1440263455436,0,Not yet rated,NULL,N/A
DMND,$30.41,1440263455577,"181,308",75% bullish,of 12 ratings,$32
DCIX,$1.74,1440263455605,"92,529",50% bullish,of 4 ratings,$3.50
DRNA,$10.34,1440263455633,"90,197",67% bearish,of 3 ratings,$25
DHIL,$190.8,1440263455658,"18,491",Not yet rated,NULL,N/A
FANG,$66.542,1440263455691,"1,043,554",50% bullish,of 2 ratings,$86
DMRC,$36.52,1440263455763,"70,922",100% bearish,of 1 rating,$44
DGII,$9.95,1440263455793,"78,052",100% bearish,of 1 rating,$10
DGLY,$6.75,1440263455921,"241,709",50% bullish,of 6 ratings,$20
DRAD,$3.88,1440263455952,"12,681",100% bullish,of 1 rating,$5.25
DCOM,$16.82,1440263455982,"156,270",100% bearish,of 2 ratings,$16.50
DIOD,$19.31,1440263456004,"281,801",75% bearish,of 4 ratings,$24
APPS,$2.36,1440263456033,"204,374",100% bearish,of 1 rating,$10.25
DPRX,$11.95,1440263456170,"18,525",100% bullish,of 2 ratings,$27.75
DISCA,$27.1,1440263456275,"3,037,195",67% bullish,of 3 ratings,$34
DISCB,NULL,1440263456306,0,100% bearish,of 1 rating,$35
DISCK,$25.9869,1440263456331,"2,884,033",100% bearish,of 1 rating,$32
DSCO,$0.4055,1440263456405,"156,711",83% bullish,of 6 ratings,$2.75
DISH,$60.9427,1440263456500,"1,735,171",69% bullish,of 13 ratings,$73
DVCR,$10.25,1440263456526,"18,982",100% bullish,of 1 rating,N/A
DNBF,$27.15,1440263456605,"8,727",Not yet rated,NULL,$27.50
DLHC,$2.5,1440263456657,"6,270",100% bearish,of 1 rating,N/A
BAGR,$3.01,1440263456687,"16,511",100% bearish,of 1 rating,$6
DGICA,$14.4,1440263456754,"16,557",100% bearish,of 1 rating,$17
DLTR,$76.3408,1440263456784,"2,448,980",82% bullish,of 11 ratings,$88
DGICB,NULL,1440263456815,0,100% bearish,of 1 rating,N/A
DMLP,$13.9,1440263456846,"47,201",100% bearish,of 1 rating,N/A
DORM,$49.7,1440263456949,"307,182",100% bearish,of 1 rating,$56
HILL,$9.69,1440263457026,"2,314,246",60% bearish,of 5 ratings,$9.75
DRWIW,$0.0589,1440263457159,"1,581",Not yet rated,NULL,N/A
DRWI,$0.2625,1440263457290,"193,656",60% bullish,of 5 ratings,$.45
DRYS,$0.357,1440263457316,"1,482,398",77% bullish,of 31 ratings,$.60
DWA,$19.0777,1440263457356,"879,680",63% bullish,of 8 ratings,$26
CADT,$10.02,1440263457377,206,Not yet rated,NULL,N/A
DSKX,$3.44,1440263457399,"117,971",100% bullish,of 1 rating,N/A
CADTW,NULL,1440263457444,0,Not yet rated,NULL,N/A
DSPG,$8.595,1440263457470,"67,339",100% bearish,of 1 rating,$13.50
CADTU,NULL,1440263457531,0,Not yet rated,NULL,N/A
CADTR,NULL,1440263457662,0,Not yet rated,NULL,N/A
DRRX,$1.99,1440263457715,"346,049",50% bullish,of 6 ratings,$3
DNKN,$49.874,1440263457847,"1,291,182",67% bullish,of 15 ratings,$56.50
DTSI,$26.055,1440263457875,"125,141",100% bearish,of 2 ratings,$39.50
DXPE,$28.59,1440263457915,"166,279",50% bullish,of 2 ratings,N/A
BOOM,$9.64,1440263458012,"57,962",67% bullish,of 3 ratings,$12
DYAX,$22.55,1440263458034,"854,965",89% bullish,of 9 ratings,$30
DYSL,$1.55,1440263458073,"180,829",100% bullish,of 2 ratings,N/A
DYNT,$2.86,1440263458098,"3,600",75% bullish,of 4 ratings,N/A
DVAX,$27.73,1440263458128,"350,077",70% bullish,of 10 ratings,$40
EBMT,$11.53,1440263458161,"19,207",Not yet rated,NULL,$13.50
ETFC,$25.3,1440263458205,"2,489,422",57% bullish,of 14 ratings,$33
EGRX,$65.38,1440263458339,"389,557",67% bullish,of 3 ratings,$97
EGBN,$42.84,1440263458369,"89,593",Not yet rated,NULL,$48
EROC,$1.1,1440263458400,"356,235",50% bullish,of 2 ratings,$3
EGLE,$6,1440263458422,"60,394",60% bullish,of 5 ratings,N/A
ELNK,$8.58,1440263458500,"814,740",60% bullish,of 5 ratings,$9.50
EWBC,$41.405,1440263458579,"1,077,281",100% bearish,of 1 rating,$50
EBAY,$25.613,1440263458721,"13,096,604",81% bullish,of 117 ratings,$48
EACQU,NULL,1440263458747,0,Not yet rated,NULL,N/A
EVBS,$6.45,1440263458775,"6,522",Not yet rated,NULL,$7
EML,$16.81,1440263458800,"6,029",Not yet rated,NULL,N/A
ELON,$0.545,1440263458827,"64,729",50% bullish,of 2 ratings,N/A
EBIX,$28.05,1440263458849,"477,773",69% bullish,of 13 ratings,$40
ECHO,$24.82,1440263458981,"412,036",67% bearish,of 3 ratings,$35.50
ECTE,$1.63,1440263459025,"78,541",75% bullish,of 4 ratings,N/A
EEI,$11.09,1440263459062,"4,741",67% bearish,of 3 ratings,N/A
EDAP,$3.085,1440263459156,"136,353",60% bullish,of 5 ratings,$4.50
ESES,$3.45,1440263459182,"8,309",100% bearish,of 1 rating,$7
EDGW,$7.14,1440263459214,"35,959",100% bearish,of 1 rating,N/A
SATS,$45.42,1440263459240,"155,588",50% bullish,of 2 ratings,$60
ECACU,$10.1,1440263459311,"1,738",Not yet rated,NULL,N/A
EFUT,NULL,1440263459479,0,Not yet rated,NULL,N/A
EDUC,$4.59,1440263459507,"7,183",100% bearish,of 1 rating,N/A
EHTH,$14.08,1440263459579,"414,120",50% bullish,of 4 ratings,$16.50
LOCO,$12.26,1440263459604,"1,085,303",69% bullish,of 13 ratings,$20
EGLT,$11.42,1440263459633,"23,570",50% bullish,of 2 ratings,$21
EGAN,$3.47,1440263459663,"10,092",50% bullish,of 2 ratings,$6.25
EMITF,$1.29,1440263459766,"7,100",75% bullish,of 4 ratings,N/A
ESLT,$80.34,1440263459839,"5,018",100% bullish,of 2 ratings,N/A
ERI,$9.6,1440263459882,"124,258",100% bearish,of 1 rating,$10
ESIO,$4.58,1440263459912,"42,139",50% bullish,of 2 ratings,$10
EA,$66.47,1440263459972,"3,731,767",77% bullish,of 35 ratings,$80
ELRC,$10.65,1440263459999,"75,948",100% bearish,of 1 rating,N/A
EFII,$43.93,1440263460022,"255,202",80% bullish,of 5 ratings,$55
ELSE,$4.02,1440263460056,"1,000",60% bullish,of 5 ratings,N/A
ELEC,NULL,1440263460157,0,Not yet rated,NULL,N/A
ELECU,NULL,1440263460318,0,Not yet rated,NULL,N/A
EBIO,$3.39,1440263460367,"858,193",100% bearish,of 2 ratings,$8.35
CAPX,$22.63,1440263460424,"1,168",Not yet rated,NULL,N/A
ELECW,NULL,1440263460445,0,Not yet rated,NULL,N/A
ESBK,$19.8,1440263460467,879,Not yet rated,NULL,N/A
RDEN,$10.38,1440263460537,"93,838",100% bearish,of 4 ratings,$15
LONG,$17.39,1440263460599,"18,568",67% bullish,of 3 ratings,$15.75
EMCI,$23,1440263460630,"15,824",Not yet rated,NULL,N/A
ELTK,$1.04,1440263460661,"51,304",67% bearish,of 3 ratings,N/A
EMCF,NULL,1440263460696,0,100% bearish,of 1 rating,N/A
EMMS,$1.28,1440263460726,"12,299",67% bullish,of 6 ratings,N/A
EMKR,$7.16,1440263460794,"129,455",75% bullish,of 4 ratings,$8.50
ERS,$2.86,1440263460925,"1,336",Not yet rated,NULL,N/A
NYNY,$4.06,1440263461002,"74,163",50% bullish,of 2 ratings,N/A
EMMSP,$3.25,1440263461058,400,100% bearish,of 1 rating,N/A
ENTA,$40.22,1440263461091,"172,455",50% bullish,of 2 ratings,$42
ECPG,$39.21,1440263461197,"126,955",100% bullish,of 2 ratings,$52
WIRE,$32.7,1440263461228,"124,660",100% bearish,of 1 rating,$37
ECYT,$5.2,1440263461309,"252,908",83% bullish,of 6 ratings,$12
EIGI,$15.18,1440263461340,"788,018",67% bearish,of 3 ratings,$22.50
ENDP,$76.6008,1440263461373,"2,114,082",50% bullish,of 6 ratings,$104
ELGX,$13.15,1440263461411,"557,451",75% bullish,of 4 ratings,$17
WATT,$6.74,1440263461477,"109,967",50% bullish,of 2 ratings,$13
EFOI,$15.8,1440263461507,"328,386",50% bullish,of 2 ratings,$20.50
ERII,$2.89,1440263461537,"84,939",80% bullish,of 5 ratings,$2.50
EXXI,$1.44,1440263461612,"1,757,742",86% bullish,of 7 ratings,$3.50
ENOC,$8.08,1440263461668,"211,114",75% bullish,of 4 ratings,$18
ENG,$1.02,1440263461709,"5,407",100% bullish,of 3 ratings,N/A
ENPH,$4.42,1440263461853,"567,322",75% bullish,of 4 ratings,$11
ESGR,$151,1440263461906,"69,547",100% bearish,of 1 rating,$185
ENTG,$13.72,1440263462007,"439,650",100% bearish,of 1 rating,$18
EBTC,$20.07,1440263462056,"8,123",Not yet rated,NULL,N/A
ETRM,$0.2331,1440263462083,"441,727",69% bearish,of 35 ratings,$1.625
ENFC,$18.34,1440263462104,"2,236",Not yet rated,NULL,N/A
EFSC,$24.75,1440263462143,"69,838",Not yet rated,NULL,$27
ENTL,$21.44,1440263462164,"15,857",Not yet rated,NULL,$28
EGT,$2.09,1440263462239,"1,500",100% bullish,of 1 rating,N/A
ENVI,$1.85,1440263462371,"15,528",67% bullish,of 3 ratings,N/A
ENZN,$1,1440263462503,"766,555",100% bullish,of 9 ratings,N/A
EPIQ,$13.87,1440263462535,"92,324",100% bearish,of 1 rating,$18
ENZY,$8.98,1440263462556,"9,946",67% bullish,of 3 ratings,$9.50
EPRS,$4.76,1440263462590,"74,298",82% bullish,of 11 ratings,$15
EPZM,$15.93,1440263462645,"285,509",60% bullish,of 5 ratings,$34
PLUS,$77.81,1440263462685,"952,339",50% bullish,of 2 ratings,$88
EQFN,$8.3,1440263462781,300,Not yet rated,NULL,N/A
EQIX,$273,1440263462863,"589,444",75% bullish,of 4 ratings,$312.50
ERIE,$84.5099,1440263462895,"26,146",Not yet rated,NULL,$73
EAC,$3.67,1440263462931,"15,388",100% bearish,of 1 rating,$8
ERIC,$9.83,1440263463026,"2,368,815",63% bullish,of 8 ratings,$12.20
ESCA,$18.35,1440263463053,"25,641",100% bearish,of 1 rating,$22
ESCR,$0.14,1440263463074,"63,314",50% bullish,of 2 ratings,N/A
ESMC,$1.33,1440263463247,502,Not yet rated,NULL,N/A
ESPR,$54.47,1440263463272,"1,355,738",67% bearish,of 9 ratings,$123
ESCRP,$1.65,1440263463316,"5,017",100% bearish,of 1 rating,N/A
ESSA,$12.45,1440263463415,"16,679",100% bearish,of 1 rating,N/A
ESSX,$0.5249,1440263463455,"6,504",50% bullish,of 2 ratings,N/A
EPIX,$6.1,1440263463484,"1,200",Not yet rated,NULL,N/A
ESND,$35.095,1440263463547,"147,368",100% bearish,of 2 ratings,$40
ETSY,$13.46,1440263463573,"796,058",80% bullish,of 5 ratings,$16
CLWT,NULL,1440263463600,0,100% bearish,of 1 rating,N/A
EVEP,$7.26,1440263463745,"294,425",50% bullish,of 2 ratings,$15
EEFT,$64.81,1440263463775,"236,603",100% bearish,of 1 rating,$67.50
ESEA,$6.15,1440263463801,"3,082",100% bullish,of 1 rating,$15
EVK,$3.74,1440263463831,982,75% bearish,of 4 ratings,N/A
EVOK,$4,1440263463935,"114,285",100% bearish,of 1 rating,$13.375
EVLV,$2.14,1440263463994,"85,207",60% bullish,of 5 ratings,$6.50
EVOL,$5.85,1440263464025,"13,690",75% bullish,of 4 ratings,$10
EXA,$10.73,1440263464096,"22,120",100% bearish,of 1 rating,$13
EXAS,$20.31,1440263464126,"1,234,918",78% bullish,of 9 ratings,$31
EXEL,$5.25,1440263464197,"5,463,517",81% bullish,of 16 ratings,$6
EXAC,$18.17,1440263464223,"136,951",100% bearish,of 1 rating,$22.50
EXFO,$2.9,1440263464276,"3,300",67% bearish,of 3 ratings,$3.95
EXLS,$36.55,1440263464364,"207,530",100% bullish,of 1 rating,$41
EXPE,$114.6,1440263464391,"1,238,899",64% bullish,of 11 ratings,$130
ESRX,$84.81,1440263464445,"5,163,905",67% bearish,of 6 ratings,$101
EXPO,$42.83,1440263464471,"146,412",100% bearish,of 1 rating,$45.50
EXPD,$48.2,1440263464525,"1,810,722",80% bullish,of 5 ratings,$51.50
EXLP,$18.2,1440263464612,"94,863",100% bearish,of 1 rating,$27
EYEG,$4.17,1440263464681,"19,980",Not yet rated,NULL,N/A
EXTR,$2.85,1440263464707,"805,798",80% bullish,of 5 ratings,$3
EZCH,$21.4963,1440263464847,"127,057",75% bullish,of 8 ratings,$19.50
EZPW,$6.08,1440263464881,"351,949",50% bullish,of 4 ratings,$7.50
EYEGW,$1.24,1440263464903,800,Not yet rated,NULL,N/A
FB,$85.88,1440263464977,"39,696,768",73% bullish,of 1066 ratings,$111
FFIV,$122.51,1440263465003,"846,241",63% bullish,of 8 ratings,$132
FCS,$13.14,1440263465068,"1,086,086",67% bearish,of 3 ratings,$17
FRP,$16.9,1440263465133,"50,706",100% bearish,of 1 rating,$18
FWM,$2.25,1440263465168,"178,419",100% bearish,of 2 ratings,$3.20
DAVE,$14.36,1440263465197,"19,659",100% bearish,of 1 rating,$15.50
FALC,$1.65,1440263465231,"10,845",63% bearish,of 8 ratings,N/A
FARM,$22.62,1440263465334,"21,053",100% bearish,of 1 rating,$35
FFKT,$26.79,1440263465394,"20,439",Not yet rated,NULL,$29
FMNB,$8.03,1440263465467,"3,562",Not yet rated,NULL,N/A
FARO,$38.92,1440263465493,"118,530",50% bullish,of 2 ratings,$48
FAST,$39.1,1440263465538,"3,000,801",80% bullish,of 5 ratings,$46
FBSS,NULL,1440263465643,0,Not yet rated,NULL,N/A
FBRC,$22.24,1440263465672,"44,108",100% bearish,of 1 rating,$29
FATE,$6.24,1440263465694,"82,980",50% bullish,of 2 ratings,$11
FDML,$8.96,1440263465746,"230,349",50% bullish,of 4 ratings,$14
FEIC,$77.57,1440263465824,"344,496",50% bullish,of 2 ratings,$95.50
FNHC,$21.92,1440263465883,"80,132",100% bearish,of 1 rating,$35
FHCO,$1.43,1440263465955,"18,402",50% bullish,of 4 ratings,N/A
FENX,$9.84,1440263465990,"59,141",100% bullish,of 1 rating,$14.25
FCSC,$5.86,1440263466018,"212,270",100% bearish,of 1 rating,$8.125
FGEN,$22.96,1440263466109,"374,029",100% bearish,of 1 rating,$39
ONEQ,$185.63,1440263466135,"41,902",100% bullish,of 1 rating,N/A
FSAM,$8.56,1440263466416,"20,457",100% bearish,of 1 rating,$11
FRGI,$51.57,1440263466454,"149,676",50% bullish,of 2 ratings,$70
FDUS,$14.42,1440263466476,"64,363",100% bullish,of 1 rating,$18
FSCFL,$24.7,1440263466497,"11,419",Not yet rated,NULL,N/A
LION,$19.31,1440263466538,"108,630",100% bullish,of 1 rating,$20
FSFR,$8.92,1440263466559,"131,626",100% bearish,of 1 rating,$11.50
FSC,$6.42,1440263466594,"839,385",75% bullish,of 4 ratings,$8
FITB,$19.7,1440263466624,"7,100,591",54% bullish,of 13 ratings,$22
FITBI,$27.68,1440263466757,"5,800",Not yet rated,NULL,N/A
FISI,$24.77,1440263466824,"41,074",100% bullish,of 2 ratings,$24.50
FNGN,$33.616,1440263466956,"485,960",67% bullish,of 3 ratings,$47
FNSR,$15.33,1440263466987,"1,137,273",71% bullish,of 7 ratings,$24.50
FNTC,NULL,1440263467017,0,Not yet rated,NULL,N/A
FNTCU,NULL,1440263467057,0,Not yet rated,NULL,N/A
FNTCW,NULL,1440263467084,0,Not yet rated,NULL,N/A
FNJN,$1.66,1440263467115,"15,161",100% bearish,of 1 rating,$5
FEYE,$37,1440263467267,"7,331,774",87% bullish,of 15 ratings,$55.50
FNLC,$18.46,1440263467297,"17,421",100% bullish,of 1 rating,N/A
FRBA,$6.02,1440263467323,611,Not yet rated,NULL,$8
BUSE,$6.37,1440263467354,"197,401",Not yet rated,NULL,$6.875
FBIZ,$44.04,1440263467386,"28,467",100% bearish,of 2 ratings,$52
FCVA,$4.75,1440263467484,"1,132",Not yet rated,NULL,N/A
FBNC,$16.81,1440263467510,"59,972",100% bullish,of 1 rating,$20
FCFS,$38.15,1440263467692,"157,660",100% bearish,of 2 ratings,$48
FCNCA,$241.45,1440263467718,"17,885",Not yet rated,NULL,N/A
FCLF,$9.08,1440263467740,55,Not yet rated,NULL,N/A
FCBC,$17.88,1440263467885,"60,860",Not yet rated,NULL,$18
FDEF,$38.3,1440263467911,"42,408",Not yet rated,NULL,$38
FCCO,$12.11,1440263467941,202,Not yet rated,NULL,$13.25
FCAP,$26.55,1440263467972,226,Not yet rated,NULL,N/A
FCFP,$6.9,1440263468078,"2,500",Not yet rated,NULL,N/A
FFBC,$18.76,1440263468112,"176,775",67% bearish,of 3 ratings,$20.25
FFNM,$6.32,1440263468134,"3,040",Not yet rated,NULL,N/A
FBNK,$16.65,1440263468211,"60,146",100% bearish,of 1 rating,$17.50
FFIN,$31.1263,1440263468263,"286,801",50% bullish,of 2 ratings,$31.75
FFBCW,NULL,1440263468288,0,100% bearish,of 1 rating,N/A
THFF,$33.27,1440263468318,"47,577",Not yet rated,NULL,$35
FFNW,$12.46,1440263468454,"21,487",Not yet rated,NULL,$14
FFWM,$21.44,1440263468486,"10,014",Not yet rated,NULL,$24
INBK,$32.43,1440263468589,"13,595",50% bullish,of 2 ratings,$37
FMBH,NULL,1440263468689,0,Not yet rated,NULL,N/A
FNBC,$34.45,1440263468791,"116,074",Not yet rated,NULL,$41.50
FMBI,$17.84,1440263468819,"374,767",Not yet rated,NULL,$20
FRME,$25.47,1440263468853,"199,009",Not yet rated,NULL,$26.50
FIBK,$26.83,1440263468880,"83,623",Not yet rated,NULL,$32
FNWB,$12.08,1440263468950,"8,662",Not yet rated,NULL,N/A
FNFG,$9.2289,1440263468975,"1,658,831",80% bullish,of 5 ratings,$9
FSFG,$30.1754,1440263469006,729,Not yet rated,NULL,N/A
FSGI,$2.45,1440263469040,"4,889",Not yet rated,NULL,N/A
FSBK,$7.93,1440263469138,"1,441",100% bullish,of 1 rating,N/A
FSLR,$45.5,1440263469219,"2,207,203",74% bullish,of 39 ratings,$65
FBZ,NULL,1440263469278,0,Not yet rated,NULL,N/A
BICK,$19.6,1440263469321,"1,801",100% bullish,of 1 rating,N/A
FCAN,$24.47,1440263469450,964,Not yet rated,NULL,N/A
FTCS,$36.65,1440263469480,"33,745",Not yet rated,NULL,N/A
FCA,$20,1440263469580,"2,607",Not yet rated,NULL,N/A
FEMB,NULL,1440263469608,0,Not yet rated,NULL,N/A
FEUZ,$30.69,1440263469639,"5,731",Not yet rated,NULL,N/A
FV,$23.23,1440263469672,"4,139,653",Not yet rated,NULL,N/A
FTSM,$59.9,1440263469700,"20,701",100% bearish,of 1 rating,N/A
IFV,$17.6,1440263469742,"2,040,199",100% bearish,of 1 rating,N/A
TDIV,$24.46,1440263469770,"449,109",100% bearish,of 1 rating,N/A
MDIV,$19.22,1440263469844,"565,706",Not yet rated,NULL,N/A
FTGC,$22.05,1440263469981,"122,767",Not yet rated,NULL,N/A
FGM,$35.03,1440263470011,"69,317",Not yet rated,NULL,N/A
FTHI,$19.4,1440263470108,"10,468",Not yet rated,NULL,N/A
HYLS,$49.21,1440263470171,"102,494",100% bearish,of 1 rating,N/A
FHK,$32.72,1440263470201,"128,700",Not yet rated,NULL,N/A
FPXI,$27.51,1440263470222,"1,318",Not yet rated,NULL,N/A
YDIV,$16.62,1440263470359,"2,670",Not yet rated,NULL,N/A
CU,$12.76,1440263470411,"13,066",100% bearish,of 1 rating,N/A
SKYY,$28.68,1440263470436,"76,557",100% bullish,of 1 rating,N/A
PLTM,$6.66,1440263470466,"3,862",100% bearish,of 1 rating,N/A
FTLB,$19.28,1440263470492,"2,451",100% bearish,of 1 rating,N/A
LMBS,$50.49,1440263470626,862,Not yet rated,NULL,N/A
FMB,$51.195,1440263470711,"1,778",Not yet rated,NULL,N/A
QABA,$38.13,1440263470756,"44,503",100% bearish,of 1 rating,N/A
FJP,$46.13,1440263470843,"49,025",Not yet rated,NULL,N/A
CIBR,$18.04,1440263470886,"162,032",Not yet rated,NULL,N/A
FONE,$34.05,1440263470912,"1,800",Not yet rated,NULL,N/A
QCLN,$14.54,1440263470987,"17,473",Not yet rated,NULL,N/A
CARZ,$34.42,1440263471041,"11,011",100% bearish,of 1 rating,N/A
RDVY,$21.64,1440263471132,"318,269",Not yet rated,NULL,N/A
GRID,$33.62,1440263471161,834,100% bearish,of 1 rating,N/A
QQEW,$41.94,1440263471186,"313,108",Not yet rated,NULL,N/A
QQXT,$40.09,1440263471238,"60,503",Not yet rated,NULL,N/A
AIRR,$16.37,1440263471320,"9,058",100% bearish,of 1 rating,N/A
QTEC,$39.35,1440263471355,"147,804",Not yet rated,NULL,N/A
QINC,$20.71,1440263471454,"1,700",Not yet rated,NULL,N/A
FTSL,$48.8,1440263471479,"33,452",100% bearish,of 1 rating,N/A
FDIV,$47.59,1440263471746,"6,143",100% bearish,of 1 rating,N/A
TUSA,$25.08,1440263471801,"4,920",Not yet rated,NULL,N/A
FKO,$22.32,1440263471828,"3,700",Not yet rated,NULL,N/A
FTW,$29.425,1440263471852,"1,534",Not yet rated,NULL,N/A
FSZ,$38.85,1440263471884,"76,690",Not yet rated,NULL,N/A
FUNC,$8.33,1440263471906,"3,636",Not yet rated,NULL,N/A
SVVC,$10.15,1440263471934,"36,001",100% bullish,of 1 rating,$26
FKU,$41.6,1440263471970,"86,339",Not yet rated,NULL,N/A
FSV,$31.87,1440263472122,"12,538",Not yet rated,NULL,$33.60
FMER,$17.6579,1440263472185,"1,802,777",50% bullish,of 2 ratings,$20
FIVE,$35.34,1440263472289,"409,909",75% bearish,of 4 ratings,$44
FISV,$84.87,1440263472355,"1,522,717",100% bearish,of 3 ratings,$90
FIVN,$4.11,1440263472420,"185,266",100% bullish,of 1 rating,$8.50
FPRX,$18.26,1440263472450,"303,751",50% bullish,of 2 ratings,$35
FLXN,$24.39,1440263472522,"86,363",100% bearish,of 1 rating,$40
FLML,$21.11,1440263472551,"134,027",50% bullish,of 2 ratings,$30
FLKS,$13.13,1440263472578,"55,627",50% bullish,of 2 ratings,$27
SKOR,$50.52,1440263472604,"1,000",Not yet rated,NULL,N/A
FLXS,$30.45,1440263472755,"36,609",100% bearish,of 2 ratings,N/A
FLEX,$10.51,1440263472786,"2,454,407",63% bullish,of 8 ratings,$12
MBSD,NULL,1440263472814,0,Not yet rated,NULL,N/A
FLIR,$28.75,1440263472944,"720,631",100% bearish,of 1 rating,$38.50
FFIC,$20.38,1440263472972,"69,120",Not yet rated,NULL,$21
FLDM,$12.54,1440263472998,"686,894",67% bearish,of 3 ratings,$21.50
FOMX,$9.79,1440263473185,"135,576",50% bullish,of 2 ratings,$23.50
FOGO,$18.84,1440263473211,"114,696",50% bullish,of 2 ratings,$25.50
FONR,$9.54,1440263473241,"18,526",100% bullish,of 1 rating,N/A
FORM,$6,1440263473340,"267,226",67% bullish,of 3 ratings,$10.50
FES,$0.92,1440263473382,"4,841",50% bullish,of 2 ratings,$1
FORTY,$32.4,1440263473413,"4,710",Not yet rated,NULL,N/A
FBIO,$2.51,1440263473440,"188,268",83% bullish,of 6 ratings,N/A
FORR,$32.21,1440263473514,"52,356",Not yet rated,NULL,N/A
FTNT,$42.98,1440263473572,"1,928,364",80% bullish,of 10 ratings,$52
FORD,$1.04,1440263473675,"120,974",50% bullish,of 2 ratings,N/A
FWRD,$46.8,1440263473703,"307,366",100% bearish,of 1 rating,$50
FWP,$25.67,1440263473730,"46,088",100% bearish,of 1 rating,$45
FOSL,$59.15,1440263473752,"1,014,809",50% bullish,of 4 ratings,$80
FMI,$21.61,1440263473881,"391,770",100% bearish,of 2 ratings,$27.50
FXCB,$17.3,1440263474017,"17,445",Not yet rated,NULL,$19
FELE,$28.92,1440263474049,"341,251",50% bullish,of 4 ratings,$33
FRAN,$10.24,1440263474075,"689,114",50% bullish,of 4 ratings,$15
RAIL,$20.87,1440263474116,"125,948",100% bearish,of 1 rating,$24.50
FOXF,$15.28,1440263474143,"65,653",100% bearish,of 1 rating,$19
FRED,$14.505,1440263474174,"342,264",50% bullish,of 2 ratings,$16.50
FREE,$0.43,1440263474271,"823,292",92% bullish,of 12 ratings,N/A
FTR,$5.2,1440263474412,"19,477,135",78% bullish,of 27 ratings,$6.25
FRPT,$13,1440263474444,"495,123",67% bearish,of 3 ratings,$23.50
FEIM,$11.17,1440263474466,"8,777",100% bearish,of 1 rating,N/A
FTRPR,$102.05,1440263474495,"61,829",100% bearish,of 1 rating,N/A
FSBW,$23.34,1440263474521,"2,300",Not yet rated,NULL,N/A
FRPH,$30.33,1440263474551,"14,572",100% bearish,of 1 rating,N/A
FTD,$29.45,1440263474686,"149,230",100% bearish,of 1 rating,$40
FULLL,$25.3,1440263474814,"2,099",Not yet rated,NULL,N/A
FCEL,$0.7366,1440263474843,"1,658,337",88% bullish,of 40 ratings,$2.65
FTEK,$2.16,1440263474864,"40,018",75% bullish,of 4 ratings,N/A
FSYS,$6.38,1440263474899,"45,792",67% bullish,of 3 ratings,$10
FULL,$3.14,1440263474994,"56,049",67% bearish,of 3 ratings,$4.25
FLL,$1.58,1440263475027,"14,473",75% bullish,of 4 ratings,$2.825
FULT,$12.4385,1440263475080,"1,361,369",100% bearish,of 1 rating,$13
FSNN,$2.61,1440263475111,"1,800",67% bullish,of 3 ratings,$6
FXENP,$15.9,1440263475209,"2,740",100% bearish,of 1 rating,N/A
FXEN,$0.82,1440263475238,"170,889",75% bullish,of 4 ratings,$1.10
FFHL,NULL,1440263475267,0,50% bullish,of 4 ratings,N/A
WILC,$5.06,1440263475400,"5,946",100% bullish,of 2 ratings,N/A
GAIA,$5.86,1440263475429,"23,978",50% bullish,of 2 ratings,$8.50
GK,$70.3,1440263475475,"83,887",Not yet rated,NULL,$78
GLPG,$61.54,1440263475505,"27,887",100% bullish,of 1 rating,$75
GALT,$1.99,1440263475607,"104,198",80% bullish,of 5 ratings,N/A
GALTU,NULL,1440263475663,0,100% bearish,of 1 rating,N/A
GALE,$1.34,1440263475691,"1,297,229",89% bullish,of 47 ratings,$4
GALTW,NULL,1440263475724,0,100% bullish,of 1 rating,N/A
GLMD,$8.52,1440263475821,"7,887",67% bullish,of 3 ratings,$20.50
GLPI,$31.6262,1440263475848,"495,016",100% bearish,of 1 rating,$37.50
GRMN,$38.26,1440263475990,"1,619,493",50% bullish,of 6 ratings,$48
GPIC,$11.09,1440263476039,8,100% bearish,of 1 rating,N/A
GGACU,NULL,1440263476079,0,Not yet rated,NULL,N/A
GGACR,NULL,1440263476104,0,100% bullish,of 1 rating,N/A
GGACW,$0.12,1440263476172,438,Not yet rated,NULL,N/A
GGAC,NULL,1440263476236,0,100% bearish,of 1 rating,N/A
GENC,$9.48,1440263476303,"1,326",100% bearish,of 1 rating,N/A
GARS,$14.82,1440263476332,"25,735",Not yet rated,NULL,$16
GNCMA,$16.75,1440263476496,"180,927",100% bearish,of 1 rating,$12
GFNCP,NULL,1440263476524,0,Not yet rated,NULL,N/A
GENE,$2.36,1440263476545,"148,645",100% bullish,of 12 ratings,N/A
GFNSL,$25.8,1440263476566,"1,200",Not yet rated,NULL,N/A
GFN,$3.59,1440263476604,"35,382",100% bearish,of 2 ratings,$8
GNMK,$9.4,1440263476626,"146,170",67% bullish,of 6 ratings,$14
GHDX,$25.37,1440263476772,"139,056",50% bullish,of 2 ratings,$30
GNCA,$12.48,1440263476803,"168,679",100% bearish,of 1 rating,$20
GTWN,NULL,1440263476900,0,Not yet rated,NULL,N/A
THRM,$44.01,1440263476936,"309,602",75% bearish,of 4 ratings,$55.50
GNVC,$2.24,1440263476964,"34,502",90% bullish,of 10 ratings,$8.50
GNTX,$15.0882,1440263476991,"1,731,017",Not yet rated,NULL,$20
GABC,$29.73,1440263477125,"47,076",Not yet rated,NULL,$31.50
GEVO,$2.29,1440263477147,"240,735",75% bullish,of 12 ratings,$5
GERN,$3.08,1440263477180,"2,161,517",88% bullish,of 16 ratings,$5.25
GEOS,$15.3,1440263477224,"116,850",100% bearish,of 3 ratings,$25.50
GIGA,$1.42,1440263477316,"46,287",100% bearish,of 1 rating,N/A
ROCK,$17.57,1440263477391,"235,847",80% bullish,of 5 ratings,$24
GIGM,$0.6,1440263477419,"112,719",100% bullish,of 2 ratings,N/A
GILT,$4.47,1440263477464,"2,023",50% bullish,of 2 ratings,N/A
GIII,$64.77,1440263477491,"271,077",67% bullish,of 3 ratings,$75
GBCI,$26.4218,1440263477646,"334,049",50% bullish,of 2 ratings,$31
GILD,$105.383,1440263477674,"15,611,252",91% bullish,of 87 ratings,$129
GLAD,$8.51,1440263477702,"155,251",50% bullish,of 2 ratings,$8.75
GOOD,$15.44,1440263477734,"98,286",Not yet rated,NULL,$19
GOODN,$25.64,1440263477833,426,Not yet rated,NULL,N/A
GOODO,$25.1,1440263477863,"1,266",Not yet rated,NULL,N/A
GLADO,$25.59,1440263477891,"3,000",Not yet rated,NULL,N/A
GOODP,$25.14,1440263477969,"1,250",Not yet rated,NULL,N/A
GAIN,$7.47,1440263478049,"246,309",100% bullish,of 2 ratings,$8.25
GAINN,$25.2379,1440263478106,150,Not yet rated,NULL,N/A
GAINP,$25.85,1440263478153,"3,950",Not yet rated,NULL,N/A
GAINO,$25.31,1440263478248,"1,726",Not yet rated,NULL,N/A
LAND,$9.5,1440263478378,"16,439",50% bullish,of 2 ratings,$13.75
GLBZ,NULL,1440263478404,0,Not yet rated,NULL,N/A
GBT,$45.75,1440263478539,"252,564",100% bearish,of 1 rating,N/A
GDEF,$10.5401,1440263478567,100,Not yet rated,NULL,N/A
ENT,$11.73,1440263478588,"196,363",100% bearish,of 1 rating,$18
GSOL,$8.26,1440263478626,"15,789",100% bearish,of 1 rating,N/A
GBLI,$26.25,1440263478648,"16,164",Not yet rated,NULL,N/A
GPACU,$10.1,1440263478677,"2,854",Not yet rated,NULL,N/A
ACTX,$13.25,1440263478736,600,100% bullish,of 1 rating,N/A
QQQC,$19.26,1440263478871,"4,950",100% bearish,of 1 rating,N/A
SOCL,$17.18,1440263478930,"100,120",100% bullish,of 2 ratings,N/A
SRET,$13.6,1440263478956,"4,194",Not yet rated,NULL,N/A
YLCO,$11.75,1440263479002,"1,235",Not yet rated,NULL,N/A
ALTY,$14.587,1440263479027,700,Not yet rated,NULL,N/A
GAI,$5.27,1440263479202,"3,415",50% bullish,of 2 ratings,N/A
GLUU,$4.37,1440263479273,"2,317,587",92% bullish,of 26 ratings,$9
GBIM,$2.26,1440263479303,"43,964",50% bullish,of 2 ratings,N/A
GSM,$13.26,1440263479339,"403,098",50% bullish,of 2 ratings,$24.50
GLYC,$7.26,1440263479361,"7,663",50% bullish,of 2 ratings,$14
GLRI,$1.1,1440263479385,"80,101",100% bearish,of 1 rating,$6
GLBS,$1.06,1440263479422,"10,500",67% bullish,of 3 ratings,N/A
GOGO,$15.48,1440263479449,"479,979",80% bullish,of 5 ratings,$25
GLNG,$35.44,1440263479582,"792,592",83% bullish,of 6 ratings,$58
GMLP,$19.13,1440263479608,"137,734",50% bullish,of 4 ratings,$32.50
GLDC,$4.13,1440263479659,"3,480",50% bullish,of 2 ratings,N/A
GDEN,$8.88,1440263479795,"11,961",50% bullish,of 2 ratings,N/A
GOGL,$2.92,1440263479827,"540,722",75% bullish,of 4 ratings,$5
GBDC,$16.5151,1440263479927,"145,009",Not yet rated,NULL,$17.75
GTIM,$6.47,1440263479959,"80,995",Not yet rated,NULL,$11.50
GMAN,$4.4,1440263479987,"71,999",60% bullish,of 5 ratings,$8
GPRO,$48.84,1440263480020,"5,811,963",78% bullish,of 58 ratings,$72
GOOG,$616,1440263480042,"2,256,491",90% bullish,of 68 ratings,$825
GOOGL,$647,1440263480074,"2,533,646",88% bullish,of 1079 ratings,$749
GPIA,NULL,1440263480117,0,Not yet rated,NULL,N/A
GPIAW,NULL,1440263480289,0,Not yet rated,NULL,N/A
LOPE,$37.1955,1440263480319,"420,323",100% bearish,of 2 ratings,$50
GPIAU,NULL,1440263480349,0,Not yet rated,NULL,N/A
GRVY,$3.43,1440263480430,"1,202",50% bullish,of 2 ratings,N/A
GBSN,$1.46,1440263480460,"747,556",100% bearish,of 1 rating,$8.25
GBSNU,$16,1440263480562,"22,548",Not yet rated,NULL,N/A
GNBC,$12.08,1440263480715,"33,737",100% bearish,of 1 rating,$17
GSBC,$40.6,1440263480744,"36,220",100% bullish,of 1 rating,$44
GRBK,$13.35,1440263480775,"154,269",77% bullish,of 13 ratings,N/A
GLDD,$5.39,1440263480806,"288,709",100% bearish,of 4 ratings,$7.75
GPP,$14.94,1440263480827,"24,630",Not yet rated,NULL,$20.50
GPRE,$18.8277,1440263480856,"832,352",67% bullish,of 6 ratings,$28.50
GCBC,NULL,1440263480909,0,100% bullish,of 1 rating,N/A
GRIF,$30.945,1440263481054,209,100% bearish,of 1 rating,N/A
GRFS,$30.3,1440263481104,"180,141",50% bullish,of 2 ratings,$35
GLRE,$24.86,1440263481138,"262,384",50% bullish,of 2 ratings,$41
GGAL,$18.96,1440263481239,"423,209",80% bullish,of 5 ratings,$40
GRPN,$4.077,1440263481260,"7,070,465",61% bullish,of 71 ratings,$6.75
OMAB,$39.57,1440263481288,"24,030",100% bullish,of 1 rating,$44
GSVC,$8.56,1440263481429,"118,374",50% bullish,of 2 ratings,$14.50
GSIG,$13.11,1440263481499,"71,415",100% bearish,of 2 ratings,N/A
GBNK,$15.76,1440263481558,"43,034",100% bearish,of 1 rating,$18
GSIT,$4.97,1440263481588,"9,824",100% bearish,of 1 rating,N/A
GTXI,$0.83,1440263481629,"67,416",100% bullish,of 5 ratings,$.75
GULTU,$0.2905,1440263481658,"102,116",100% bearish,of 1 rating,N/A
GFED,$14.94,1440263481689,10,Not yet rated,NULL,$17
GIFI,$11.97,1440263481766,"46,892",100% bearish,of 1 rating,$16
GUID,$7.29,1440263481821,"187,217",100% bearish,of 3 ratings,$10
GURE,$1.62,1440263481873,"151,052",88% bullish,of 8 ratings,N/A
GWGH,$7.35,1440263481964,"1,284",100% bearish,of 1 rating,$15.05
GPOR,$33.8159,1440263482003,"937,085",75% bullish,of 4 ratings,$55
GWPH,$104.03,1440263482029,"200,237",78% bullish,of 9 ratings,$148.50
GYRO,$2.85,1440263482063,"76,416",100% bearish,of 1 rating,N/A
HEES,$16.51,1440263482193,"306,657",67% bearish,of 3 ratings,$31
HLG,$9.64,1440263482220,"5,100",100% bearish,of 1 rating,N/A
HNRG,$7.22,1440263482286,"124,047",100% bearish,of 1 rating,$10
HALO,$17.33,1440263482350,"1,204,693",67% bullish,of 3 ratings,$22.50
HBK,$13.8,1440263482375,8,50% bullish,of 2 ratings,N/A
HMPR,$1.89,1440263482412,"118,740",100% bullish,of 1 rating,N/A
HALL,$11.67,1440263482437,"28,021",Not yet rated,NULL,N/A
HBHC,$26.8668,1440263482511,"451,705",50% bullish,of 2 ratings,$30
HBHCL,$24.49,1440263482579,"18,426",Not yet rated,NULL,N/A
HNH,$27.82,1440263482613,"21,502",100% bullish,of 1 rating,N/A
HAFC,$24.565,1440263482736,"117,041",100% bullish,of 2 ratings,$28.50
HQCL,$8.63,1440263482763,"24,293",67% bullish,of 3 ratings,N/A
HDNG,$9.98,1440263482836,"11,225",50% bullish,of 4 ratings,N/A
HNSN,$0.501,1440263482900,"78,898",88% bullish,of 8 ratings,$.40
HLIT,$5.58,1440263482936,"331,156",100% bearish,of 1 rating,$6.50
HRMN,NULL,1440263482999,0,Not yet rated,NULL,N/A
HRMNU,NULL,1440263483026,0,Not yet rated,NULL,N/A
HRMNW,NULL,1440263483051,0,Not yet rated,NULL,N/A
HART,$0.775,1440263483185,"213,330",100% bearish,of 1 rating,N/A
TINY,$2.45,1440263483215,"20,315",50% bullish,of 2 ratings,$5.26
HCAP,$12.17,1440263483264,"24,008",50% bullish,of 2 ratings,$15
HBIO,$4.39,1440263483319,"81,394",Not yet rated,NULL,$10
HCAPL,$25.4,1440263483346,"1,773",Not yet rated,NULL,N/A
HAS,$75.171,1440263483392,"1,049,605",63% bullish,of 8 ratings,$84.50
HA,$23.05,1440263483421,"931,944",67% bullish,of 9 ratings,$27
HCOM,$22.51,1440263483600,"37,331",100% bearish,of 1 rating,$28
HWBK,$13.8,1440263483673,674,100% bearish,of 1 rating,N/A
HWKN,$36.84,1440263483701,"29,157",Not yet rated,NULL,N/A
HAYN,$37.88,1440263483767,"48,863",100% bearish,of 1 rating,$59
HDS,$33.08,1440263483793,"1,295,702",100% bearish,of 2 ratings,$39.50
HIIQ,$4.48,1440263483829,"28,731",50% bullish,of 2 ratings,$7
HSTM,$24.87,1440263483861,"220,098",50% bullish,of 2 ratings,$33.75
HQY,$29.27,1440263483887,"394,569",67% bullish,of 3 ratings,$31
HCSG,$33.546,1440263483923,"309,474",50% bullish,of 4 ratings,$35
HWAY,$12.48,1440263484098,"386,123",100% bearish,of 1 rating,$15
HTLD,$20.165,1440263484128,"492,188",Not yet rated,NULL,$22.50
HTWR,$83.28,1440263484150,"239,502",50% bullish,of 2 ratings,$103
HTLF,$36.24,1440263484185,"48,371",100% bullish,of 1 rating,$39.50
HELE,$87.93,1440263484283,"151,548",67% bearish,of 3 ratings,$100
HTBX,$5.31,1440263484311,"21,712",50% bullish,of 2 ratings,$15.50
HSII,$20.17,1440263484361,"59,389",100% bullish,of 3 ratings,$25
HNNA,$24.57,1440263484492,"15,081",Not yet rated,NULL,N/A
HMNY,$2.2261,1440263484518,"2,878",100% bearish,of 1 rating,N/A
HMTV,$12.84,1440263484540,"12,852",100% bearish,of 1 rating,$16
HSIC,$138.0834,1440263484674,"512,882",83% bullish,of 6 ratings,$146
HERO,$0.06,1440263484702,"5,839,839",81% bullish,of 16 ratings,$.75
HCACU,$10.0043,1440263484733,"2,000",Not yet rated,NULL,N/A
HTBK,$11.04,1440263484766,"93,871",Not yet rated,NULL,$12
HEOP,$7.68,1440263484836,"27,087",Not yet rated,NULL,$8.50
HFWA,$17.74,1440263484864,"62,742",100% bullish,of 1 rating,$20
HCCI,$11.65,1440263484900,"27,277",100% bearish,of 1 rating,$16.50
HRTX,$35.05,1440263485037,"839,423",67% bullish,of 6 ratings,$41
MLHR,$28.1966,1440263485064,"238,584",50% bullish,of 2 ratings,$33.50
HSKA,$33.2,1440263485195,"28,561",100% bearish,of 1 rating,$38
HFFC,$16.27,1440263485221,946,Not yet rated,NULL,N/A
HIBB,$37.37,1440263485250,"1,128,881",100% bearish,of 1 rating,$48.50
HPJ,$2.25,1440263485280,"130,395",75% bullish,of 4 ratings,$12.43
HIMX,$6.29,1440263485384,"1,170,901",86% bullish,of 21 ratings,$8.50
HIFS,$118.11,1440263485413,"8,734",Not yet rated,NULL,N/A
HIHO,$4,1440263485444,"9,057",Not yet rated,NULL,N/A
HSGX,$5.92,1440263485549,"24,278",100% bearish,of 1 rating,$17
HMNF,$11.42,1440263485649,"2,480",Not yet rated,NULL,N/A
HOLI,$16.9527,1440263485676,"228,631",50% bullish,of 4 ratings,$27
HMSY,$8.8389,1440263485732,"1,363,874",67% bullish,of 3 ratings,$19.35
HOLX,$39.74,1440263485829,"2,134,552",67% bullish,of 3 ratings,$42
HOMB,$39.23,1440263485859,"321,450",Not yet rated,NULL,$41
HBCP,$24.4,1440263485892,"41,618",Not yet rated,NULL,$29
AWAY,$29.3662,1440263485992,"943,583",67% bullish,of 3 ratings,$36
HFBL,$21.69,1440263486021,"1,800",Not yet rated,NULL,N/A
HMST,$21.57,1440263486079,"119,006",100% bullish,of 2 ratings,$27
HKTV,$4.68,1440263486154,"7,455",100% bearish,of 1 rating,N/A
HMIN,$29.096,1440263486187,"61,111",100% bearish,of 2 ratings,$35
HTBI,$18.39,1440263486208,"70,970",67% bullish,of 3 ratings,$18.625
CETC,$0.77,1440263486237,"45,584",86% bullish,of 7 ratings,N/A
HFBC,$11.61,1440263486408,"2,835",Not yet rated,NULL,N/A
HOFT,$24.43,1440263486434,"62,910",100% bearish,of 1 rating,N/A
HRZN,$10.59,1440263486562,"54,947",100% bearish,of 1 rating,$14.25
ZINC,$7.25,1440263486610,"624,456",100% bearish,of 1 rating,$17
HBNC,$24.3,1440263486653,"31,745",100% bullish,of 1 rating,$27
HDP,$25.5,1440263486706,"235,894",67% bearish,of 3 ratings,$30.50
HZNP,$29.2,1440263486732,"2,449,005",85% bullish,of 20 ratings,$40
HOVNP,NULL,1440263486757,0,100% bearish,of 1 rating,N/A
HMHC,$22.4,1440263486810,"923,176",Not yet rated,NULL,$27
HBMD,$14.95,1440263486888,502,100% bearish,of 1 rating,N/A
HWCC,$7.22,1440263486945,"136,206",100% bearish,of 1 rating,$9
HSNI,$60.9227,1440263486976,"239,269",Not yet rated,NULL,$80
HTGM,$5.59,1440263486997,"9,721",100% bearish,of 1 rating,$19.50
HUBG,$39.18,1440263487078,"205,184",100% bearish,of 1 rating,$43
HCBK,$9.5789,1440263487137,"2,422,499",83% bullish,of 6 ratings,$8.61
HSON,$2.8,1440263487162,"20,391",100% bearish,of 1 rating,$5
HDSN,$2.81,1440263487355,"30,286",100% bullish,of 1 rating,$6.25
HBAN,$11.11,1440263487394,"6,980,840",76% bullish,of 17 ratings,$12.29
HURC,$29.88,1440263487488,"26,946",100% bearish,of 1 rating,N/A
HBP,$3.09,1440263487518,"1,457",100% bullish,of 1 rating,N/A
HURN,$73.02,1440263487543,"109,473",50% bullish,of 2 ratings,$80
HTCH,$1.58,1440263487575,"60,402",100% bearish,of 1 rating,$3.50
HBANP,$1337,1440263487596,12,100% bearish,of 1 rating,N/A
HDRA,NULL,1440263487617,0,Not yet rated,NULL,N/A
HDRAR,NULL,1440263487785,0,Not yet rated,NULL,N/A
HDRAW,NULL,1440263487816,0,Not yet rated,NULL,N/A
HDRAU,$10.06,1440263487859,100,Not yet rated,NULL,N/A
IDSY,$3.85,1440263487919,"6,888",100% bearish,of 1 rating,$7
HYGS,$7.48,1440263487945,"42,666",50% bullish,of 2 ratings,$13
IACI,$71.15,1440263487991,"768,044",75% bullish,of 4 ratings,$90
ICAD,$3.54,1440263488149,"22,041",50% bullish,of 2 ratings,$7.25
IKGH,$1.81,1440263488183,"12,492",75% bullish,of 4 ratings,N/A
IBKC,$60.3428,1440263488205,"191,218",100% bullish,of 1 rating,$70
ICFI,$35.71,1440263488240,"104,061",50% bullish,of 2 ratings,$48.50
IEP,$67.43,1440263488262,"123,610",75% bullish,of 4 ratings,$99
ICLR,$77.7434,1440263488320,"297,930",100% bearish,of 3 ratings,$85
ICON,$12.25,1440263488398,"780,798",50% bullish,of 2 ratings,$18.50
ICUI,$115.51,1440263488463,"147,406",Not yet rated,NULL,$122
IPWR,$7.36,1440263488490,"3,392",100% bullish,of 1 rating,$15
IDXX,$74.1911,1440263488626,"439,447",100% bearish,of 1 rating,$77
IDRA,$2.52,1440263488686,"1,118,091",89% bullish,of 9 ratings,$6.50
INVE,$4.66,1440263488711,"109,550",75% bullish,of 4 ratings,$4
RXDX,$12.57,1440263488847,"107,394",100% bullish,of 1 rating,$20
DSKY,$12.1367,1440263488876,"291,194",67% bullish,of 6 ratings,$11.50
IROQ,$16.68,1440263488908,502,100% bullish,of 1 rating,N/A
IRG,$4.73,1440263488935,"29,774",100% bearish,of 1 rating,$4.50
IIVI,$17.63,1440263488956,"240,082",100% bearish,of 1 rating,$22
KANG,$15,1440263489007,"344,010",50% bullish,of 2 ratings,$22.55
ILMN,$199.29,1440263489151,"1,014,627",80% bullish,of 5 ratings,$240
IKNX,$11.46,1440263489173,722,100% bearish,of 1 rating,N/A
IKAN,$2.73,1440263489207,"14,561",83% bullish,of 6 ratings,$5
ISNS,$3.82,1440263489248,"67,780",50% bullish,of 2 ratings,N/A
IMMR,$11.38,1440263489280,"215,531",80% bullish,of 5 ratings,$15.50
IMDZ,$15.49,1440263489383,"55,028",100% bearish,of 1 rating,$33
ICCC,$8.05,1440263489409,"7,929",100% bullish,of 1 rating,N/A
IMGN,$13.07,1440263489537,"1,107,990",75% bullish,of 4 ratings,$17.50
IMMU,$1.87,1440263489566,"975,603",86% bullish,of 7 ratings,$2
IMNP,$1.38,1440263489606,"103,462",50% bullish,of 2 ratings,$6
IPXL,$43.4148,1440263489636,"694,109",67% bullish,of 3 ratings,$46.50
INCR,$42.36,1440263489743,"1,097,736",50% bullish,of 2 ratings,$53
SAAS,$7.7296,1440263489773,"487,787",50% bullish,of 2 ratings,$15
INCY,$104.2975,1440263489830,"711,350",50% bullish,of 6 ratings,$125.50
IMMY,$7.49,1440263489871,"6,448",100% bearish,of 1 rating,$11
IBCP,$14.21,1440263489905,"66,760",100% bullish,of 1 rating,$14.50
INDB,$46.44,1440263489964,"91,428",Not yet rated,NULL,$44
IBTX,$42.68,1440263490003,"39,240",100% bullish,of 2 ratings,$47.25
IDSA,$3.64,1440263490066,174,Not yet rated,NULL,N/A
INFN,$21.08,1440263490193,"2,781,964",71% bullish,of 7 ratings,$28
IPCC,$79.97,1440263490224,"44,593",Not yet rated,NULL,$77.50
INFI,$9.44,1440263490251,"820,535",50% bullish,of 4 ratings,$18
III,$4.14,1440263490297,"158,901",57% bullish,of 7 ratings,$6
IFON,$1.23,1440263490395,"45,196",75% bullish,of 4 ratings,N/A
IMKTA,$52.89,1440263490422,"113,692",100% bearish,of 1 rating,N/A
INNL,NULL,1440263490449,0,100% bearish,of 1 rating,$16.50
INWK,$7.33,1440263490498,"164,366",50% bullish,of 2 ratings,$10
IPHS,$47.91,1440263490592,"90,391",100% bearish,of 1 rating,$60
IOSP,$46.19,1440263490626,"4,359,888",100% bearish,of 1 rating,N/A
INOD,$2.48,1440263490652,"19,784",100% bearish,of 1 rating,N/A
ISSC,$2.92,1440263490695,"8,615",67% bearish,of 3 ratings,N/A
INGN,$49.39,1440263490721,"168,397",100% bearish,of 1 rating,$50.50
ITEK,$13.7368,1440263490858,"780,060",100% bearish,of 3 ratings,$20
INO,$7.07,1440263490906,"991,184",89% bullish,of 18 ratings,$20
ISIG,$2.58,1440263490988,"12,103",100% bearish,of 1 rating,N/A
INOV,$20.95,1440263491014,"349,429",100% bearish,of 1 rating,$33
INSM,$24.29,1440263491045,"376,220",71% bullish,of 7 ratings,$31.50
NSIT,$25.94,1440263491150,"161,989",50% bullish,of 2 ratings,N/A
NTEC,$5.94,1440263491181,"22,000",Not yet rated,NULL,N/A
PODD,$28.7,1440263491202,"377,984",50% bullish,of 2 ratings,$35
INSY,$32.5,1440263491283,"744,412",75% bullish,of 4 ratings,$48
IIIN,$18,1440263491350,"160,188",100% bearish,of 2 ratings,N/A
IART,$60.71,1440263491376,"233,404",100% bearish,of 1 rating,$71.50
IESC,$7.27,1440263491415,"1,500",100% bearish,of 1 rating,N/A
IDTI,$17.29,1440263491516,"2,463,021",60% bullish,of 5 ratings,$25
ISSI,$22.3,1440263491563,"296,636",67% bullish,of 3 ratings,$19.75
INTC,$26.7,1440263491664,"36,675,246",82% bullish,of 238 ratings,$36
IPCI,$2.12,1440263491741,"35,773",67% bullish,of 6 ratings,$7.75
IQNT,$19.28,1440263491771,"257,467",86% bullish,of 7 ratings,$20
IPAR,$27.27,1440263491793,"59,510",67% bullish,of 3 ratings,$38
IBKR,$38.66,1440263491818,"576,484",100% bullish,of 1 rating,N/A
ININ,$37,1440263491851,"115,076",67% bearish,of 3 ratings,$57
ICLD,$1.87,1440263491989,"413,066",75% bullish,of 4 ratings,N/A
ICLDW,$0.9601,1440263492023,"1,250",100% bearish,of 1 rating,N/A
ICPT,$190.6771,1440263492083,"265,072",70% bullish,of 10 ratings,$359.50
TILE,$24.33,1440263492121,"583,565",67% bearish,of 3 ratings,$27
IDCC,$47.38,1440263492146,"294,240",80% bullish,of 5 ratings,$63
IMI,$2.13,1440263492347,"9,131",67% bullish,of 3 ratings,$2.22
INAP,$8.27,1440263492373,"157,177",75% bullish,of 4 ratings,$11
IGLD,$7.15,1440263492518,"2,377",50% bullish,of 2 ratings,N/A
IBOC,$26.0269,1440263492612,"200,228",100% bearish,of 1 rating,N/A
ISCA,$31.76,1440263492662,"75,500",100% bearish,of 1 rating,N/A
IIJI,$8.9299,1440263492690,"1,000",50% bullish,of 2 ratings,$11.50
PTNT,$3.05,1440263492711,"4,282",Not yet rated,NULL,N/A
INPH,$0.3099,1440263492748,"9,140",50% bullish,of 2 ratings,N/A
ISIL,$10.2,1440263492775,"911,504",50% bullish,of 6 ratings,$15
INTX,$2.44,1440263492849,"40,947",67% bullish,of 3 ratings,N/A
IILG,$20.03,1440263492946,"307,013",100% bearish,of 1 rating,$30.50
IVAC,$4.89,1440263492978,"16,408",Not yet rated,NULL,$6.625
XENT,$27.72,1440263493014,"196,800",50% bullish,of 2 ratings,$36.50
INTL,$25.88,1440263493108,"119,017",67% bearish,of 3 ratings,N/A
INTLL,$25.77,1440263493137,"1,100",Not yet rated,NULL,N/A
ITCI,$28.5,1440263493158,"400,140",75% bearish,of 4 ratings,$40
INTU,$89.98,1440263493294,"5,254,872",86% bullish,of 7 ratings,$110.50
IIN,$6.38,1440263493329,"6,399",100% bearish,of 1 rating,$12
ISRG,$506.65,1440263493359,"238,287",67% bullish,of 3 ratings,$600
SNAK,$8.47,1440263493434,"286,014",50% bullish,of 2 ratings,$14
INVT,$0.2713,1440263493463,"28,221",67% bullish,of 3 ratings,N/A
ISTR,$15.85,1440263493490,"2,506",100% bearish,of 1 rating,$18.50
ISBC,$11.8686,1440263493519,"2,158,729",100% bullish,of 1 rating,$13.25
ITIC,$71.35,1440263493653,16,100% bearish,of 2 ratings,N/A
NVIV,$9.83,1440263493679,"458,296",50% bullish,of 4 ratings,$24.50
IVTY,$12.69,1440263493754,"13,088",Not yet rated,NULL,$18
IPAS,$1.01,1440263493852,"153,876",67% bullish,of 3 ratings,N/A
DTUL,NULL,1440263493878,0,Not yet rated,NULL,N/A
DFVL,NULL,1440263493903,0,Not yet rated,NULL,N/A
IPGP,$84.18,1440263493932,"196,618",100% bearish,of 2 ratings,$109.50
IPCM,$79.5,1440263494041,"605,193",50% bullish,of 2 ratings,$80.125
IRMD,$25.1,1440263494114,"16,337",67% bearish,of 3 ratings,$25
IRIX,$7.16,1440263494147,"14,066",100% bearish,of 1 rating,N/A
IRDMB,$266.65,1440263494219,"1,378",67% bearish,of 3 ratings,N/A
IRDM,$6.69,1440263494251,"599,667",60% bullish,of 5 ratings,$11.50
IRBT,$29.9,1440263494351,"240,464",67% bullish,of 6 ratings,$37
COMT,$32.24,1440263494381,"20,256",100% bearish,of 1 rating,N/A
IRWD,$10.95,1440263494409,"1,059,107",100% bearish,of 1 rating,$13
IRCP,$32,1440263494431,651,100% bullish,of 2 ratings,N/A
GNMA,$50.25,1440263494630,"2,022",Not yet rated,NULL,N/A
IFAS,$28.76,1440263494692,"9,892",Not yet rated,NULL,N/A
FCHI,$47.8,1440263494727,"4,334",Not yet rated,NULL,N/A
IFEU,$39.05,1440263494748,"52,081",Not yet rated,NULL,N/A
IFGL,$28.84,1440263494777,"124,298",Not yet rated,NULL,N/A
IFNA,$56.26,1440263494831,2,Not yet rated,NULL,N/A
ACWX,$40.41,1440263494860,"332,696",100% bearish,of 1 rating,N/A
ACWI,$55.66,1440263494968,"1,415,661",Not yet rated,NULL,N/A
AAXJ,$52.27,1440263495025,"1,955,125",Not yet rated,NULL,N/A
EMDI,$46.16,1440263495097,300,Not yet rated,NULL,N/A
EEMA,$48.76,1440263495125,"380,775",Not yet rated,NULL,N/A
AXJS,NULL,1440263495151,0,Not yet rated,NULL,N/A
AAIT,$30.53,1440263495206,"1,424",100% bullish,of 1 rating,N/A
EGRW,$47,1440263495311,"2,678",Not yet rated,NULL,N/A
EEME,$38.47,1440263495353,"1,248",100% bearish,of 1 rating,N/A
EMEY,$24.77,1440263495380,200,Not yet rated,NULL,N/A
EVAL,$36.84,1440263495443,"4,617",Not yet rated,NULL,N/A
EEML,$27.35,1440263495513,700,Not yet rated,NULL,N/A
EUFN,$21.91,1440263495541,"205,824",100% bearish,of 1 rating,N/A
IEUS,$45.52,1440263495671,"8,328",100% bearish,of 1 rating,N/A
UAE,$17.61,1440263495699,"11,802",Not yet rated,NULL,N/A
QAT,$20.45,1440263495720,"23,345",Not yet rated,NULL,N/A
IBB,$340.47,1440263495852,"2,475,808",63% bullish,of 8 ratings,N/A
SOXX,$78.63,1440263495878,"710,879",50% bullish,of 2 ratings,N/A
ICLN,$9.42,1440263496008,"40,619",50% bullish,of 2 ratings,N/A
EMIF,$28.27,1440263496036,"15,998",Not yet rated,NULL,N/A
INDY,$27.85,1440263496068,"903,318",50% bullish,of 2 ratings,N/A
ISHG,$80.2,1440263496089,"83,600",100% bearish,of 1 rating,N/A
WOOD,$49.3,1440263496169,"53,527",50% bullish,of 2 ratings,N/A
IGOV,$92.1372,1440263496221,"25,494",100% bearish,of 1 rating,N/A
ISLE,$16.59,1440263496251,"295,431",50% bullish,of 4 ratings,$16
ISIS,$47.09,1440263496273,"1,346,021",53% bullish,of 15 ratings,$67
ISRL,$128.55,1440263496402,"1,003",100% bearish,of 1 rating,N/A
ITRI,$31.94,1440263496428,"253,746",Not yet rated,NULL,$37
ITRN,$24.7,1440263496453,"30,305",50% bullish,of 2 ratings,N/A
ITUS,$4.16,1440263496670,"6,967",Not yet rated,NULL,N/A
IXYS,$10.57,1440263496704,"247,242",50% bullish,of 4 ratings,N/A
XXIA,$15.37,1440263496743,"314,105",71% bullish,of 7 ratings,$14.625
JJSF,$113.14,1440263496774,"100,391",100% bearish,of 1 rating,N/A
JKHY,$68.27,1440263496804,"285,534",50% bullish,of 2 ratings,$72
JCOM,$69.56,1440263496835,"218,346",100% bullish,of 2 ratings,$77
JASO,$7,1440263496857,"1,435,775",82% bullish,of 17 ratings,$10
MAYS,NULL,1440263496888,0,Not yet rated,NULL,N/A
JBHT,$76.18,1440263497050,"901,669",50% bullish,of 4 ratings,$89.50
JACK,$81.43,1440263497082,"546,557",83% bullish,of 6 ratings,$105
JAGX,$2.5784,1440263497177,"18,491",Not yet rated,NULL,N/A
JXSB,$24.05,1440263497216,742,Not yet rated,NULL,N/A
JAXB,$12.76,1440263497279,"1,300",100% bullish,of 1 rating,N/A
JAKK,$9.07,1440263497350,"491,312",60% bearish,of 5 ratings,$11
JASNW,$0.18,1440263497569,"12,833",50% bullish,of 2 ratings,N/A
ERW,NULL,1440263497603,0,Not yet rated,NULL,N/A
JMBA,$13.18,1440263497648,"107,503",75% bullish,of 4 ratings,$18
JASN,$4.81,1440263497674,"34,092",50% bullish,of 2 ratings,$9.50
JRVR,$26.32,1440263497701,"51,011",Not yet rated,NULL,$32
JAZZ,$170.2996,1440263497733,"486,735",80% bullish,of 15 ratings,$206.50
JBLU,$21.8,1440263497829,"7,445,018",94% bullish,of 17 ratings,$27
JTPY,$3.02,1440263497858,"5,165",100% bearish,of 1 rating,N/A
JD,$25.2,1440263497899,"9,448,374",75% bullish,of 16 ratings,$36
JCTCF,NULL,1440263497928,0,100% bullish,of 1 rating,N/A
DATE,$6.47,1440263498028,"197,033",75% bullish,of 4 ratings,$9
JST,$4,1440263498054,"43,984",75% bullish,of 4 ratings,N/A
JIVE,$4.1,1440263498082,"633,964",75% bullish,of 4 ratings,$5
WYIGU,$10.0227,1440263498108,100,Not yet rated,NULL,N/A
JBSS,$48.96,1440263498291,"138,677",67% bearish,of 3 ratings,N/A
JOEZ,$0.185,1440263498324,"70,020",92% bullish,of 12 ratings,N/A
JOUT,$23.01,1440263498398,"16,294",100% bearish,of 1 rating,$34
