Symbol,Price,Date,Volume,Rating,RatingVoteCount,OneYearEstimate
FLWS,$9.36,1440271202166,"220,692",100% bullish,of 5 ratings,$15
SRCE,$30.03,1440271202206,"55,334",100% bullish,of 3 ratings,$33
TFSCW,NULL,1440271202228,0,100% bearish,of 1 rating,N/A
TFSCR,NULL,1440271202262,0,Not yet rated,NULL,N/A
TFSCU,NULL,1440271202310,0,Not yet rated,NULL,N/A
FCCY,$11.6,1440271202356,354,100% bullish,of 1 rating,$13
VNET,$19.27,1440271202390,"733,790",60% bullish,of 5 ratings,$29.50
TWOU,$34.02,1440271202564,"673,961",50% bullish,of 2 ratings,$39
TFSC,NULL,1440271202591,0,100% bearish,of 1 rating,N/A
DGLD,$76.08,1440271202618,"21,135",100% bullish,of 1 rating,N/A
USLV,$14.59,1440271202751,"218,982",86% bullish,of 7 ratings,N/A
DSLV,$61.29,1440271202804,"22,007",100% bearish,of 1 rating,N/A
JOBS,$25.35,1440271202851,"172,084",50% bullish,of 4 ratings,$36
UGLD,$9.99,1440271202879,"253,649",100% bearish,of 1 rating,N/A
FCTY,$7.63,1440271203044,300,100% bullish,of 1 rating,$8.50
EGHT,$8.215,1440271203245,"436,691",82% bullish,of 17 ratings,$11
SIXD,$1.47,1440271203270,"250,988",Not yet rated,NULL,N/A
AVHI,$13.95,1440271203295,"37,920",100% bearish,of 1 rating,$19
SHLM,$34.05,1440271203340,"123,800",100% bearish,of 1 rating,$50
CAFD,$15.52,1440271203470,"330,925",Not yet rated,NULL,$25
ABAX,$47.54,1440271203499,"139,615",100% bearish,of 1 rating,$60
ABEO,$4.83,1440271203559,"140,862",67% bullish,of 3 ratings,$15.50
AAON,$21.67,1440271203599,"166,594",100% bearish,of 1 rating,$24
ABY,$20,1440271203625,"1,100,886",100% bearish,of 2 ratings,$46
ABGB,$4.09,1440271203785,"34,916",67% bullish,of 3 ratings,$5.50
ABEOW,$1.76,1440271203813,"2,525",100% bullish,of 1 rating,N/A
ABMD,$97.08,1440271203893,"831,796",75% bullish,of 4 ratings,$100.50
ACTG,$8.87,1440271203945,"323,174",67% bullish,of 3 ratings,$18.50
AXAS,$1.56,1440271203976,"860,487",78% bullish,of 9 ratings,$3.50
ACAD,$38.13,1440271204243,"928,540",80% bullish,of 20 ratings,$48
ACHC,$73.6762,1440271204373,"815,815",50% bullish,of 2 ratings,$92
ACST,$0.361,1440271204406,"71,223",100% bullish,of 2 ratings,N/A
ARAY,$6.53,1440271204441,"3,387,732",100% bearish,of 1 rating,$10.50
AXDX,$17.93,1440271204466,"220,988",100% bearish,of 1 rating,N/A
XLRN,$28.36,1440271204492,"111,031",50% bullish,of 2 ratings,$57
ANCX,$18.76,1440271204521,"31,836",Not yet rated,NULL,$19
VXUP,$27,1440271204622,"49,956",Not yet rated,NULL,N/A
VXDN,$5.5,1440271204749,"50,671",100% bearish,of 1 rating,N/A
ACET,$24.41,1440271204855,"127,207",75% bullish,of 4 ratings,$30
ACRX,$4.05,1440271204880,"360,315",67% bearish,of 6 ratings,$5.50
AKAO,$6.9457,1440271204905,"55,800",75% bullish,of 4 ratings,$15
ACHN,$7.75,1440271205059,"1,754,841",90% bullish,of 21 ratings,$16
ACIW,$21.89,1440271205119,"571,274",50% bullish,of 2 ratings,$24
ACOR,$29.75,1440271205192,"642,828",67% bearish,of 3 ratings,$38.50
ATVI,$27.2167,1440271205251,"5,132,751",68% bullish,of 84 ratings,$31.50
ACNB,$20.33,1440271205277,"1,376",Not yet rated,NULL,N/A
ACTS,$1.3,1440271205299,"51,585",100% bearish,of 1 rating,N/A
ACPW,$1.856,1440271205331,"65,399",100% bullish,of 4 ratings,$3.50
ACXM,$20.1276,1440271205497,"350,940",67% bullish,of 3 ratings,N/A
ACTA,$13.89,1440271205525,"113,227",67% bearish,of 3 ratings,$25
ACUR,$0.6182,1440271205546,"65,134",100% bullish,of 5 ratings,$1
ADMS,$20.07,1440271205678,"78,833",100% bearish,of 2 ratings,$36
ADMP,$3.65,1440271205861,"21,417",50% bullish,of 2 ratings,$10
ADAP,$12.53,1440271205886,"216,853",67% bullish,of 3 ratings,$22
ADEP,$6.75,1440271206043,"33,889",50% bullish,of 2 ratings,$10.75
AEY,$2.29,1440271206079,"39,023",100% bearish,of 2 ratings,N/A
ADUS,$29.83,1440271206125,"59,827",100% bearish,of 1 rating,$31
ADMA,$9.3,1440271206182,"3,500",Not yet rated,NULL,$19
ADRO,$19.44,1440271206207,"252,323",80% bullish,of 5 ratings,$45.50
AEIS,$25.055,1440271206234,"198,884",50% bullish,of 2 ratings,$32.50
ADTN,$15.59,1440271206374,"349,681",67% bullish,of 3 ratings,$17.125
ADBE,$78.87,1440271206457,"4,323,734",65% bullish,of 17 ratings,$90
AMD,$1.76,1440271206516,"7,935,981",83% bullish,of 103 ratings,$2
ADXS,$14.5,1440271206588,"919,015",64% bullish,of 14 ratings,$27
ADXSW,$10.15,1440271206615,"5,206",100% bullish,of 1 rating,N/A
MULT,NULL,1440271206643,0,100% bearish,of 1 rating,N/A
YPRO,$23.29,1440271206877,"4,120",100% bearish,of 1 rating,N/A
AEGR,$18.26,1440271206911,"394,681",50% bullish,of 6 ratings,$26
AEGN,$18.24,1440271206933,"212,917",100% bearish,of 1 rating,$21
AMTX,$3.09,1440271207013,"17,253",50% bullish,of 2 ratings,$26.11
AERI,$15.92,1440271207062,"361,223",75% bullish,of 4 ratings,$31.50
AEHR,$2.24,1440271207115,"7,972",50% bullish,of 2 ratings,N/A
AEPI,$57.13,1440271207140,"21,960",100% bearish,of 1 rating,N/A
AVAV,$24.38,1440271207205,"143,405",50% bullish,of 4 ratings,$31
AEMD,$7.22,1440271207284,"187,619",Not yet rated,NULL,$27.50
PIH,$7.2,1440271207382,"15,400",100% bearish,of 1 rating,N/A
AFMD,$9.78,1440271207417,"174,087",50% bullish,of 4 ratings,$15
AEZS,$0.1005,1440271207439,"5,371,374",90% bullish,of 21 ratings,$1.50
AFFX,$9.4,1440271207483,"587,032",80% bullish,of 5 ratings,$12
AGEN,$7.04,1440271207511,"940,432",85% bullish,of 13 ratings,$14
AGRX,$8.17,1440271207646,"49,951",100% bearish,of 1 rating,$17.50
AGYS,$9.63,1440271207747,"33,010",100% bearish,of 1 rating,N/A
AGFS,$9.8121,1440271208055,"73,206",100% bearish,of 1 rating,N/A
AGIO,$85.65,1440271208081,"509,530",88% bullish,of 8 ratings,$114
AGFSW,$1.79,1440271208126,"28,997",100% bearish,of 2 ratings,N/A
AMCN,$4.9,1440271208152,"424,894",83% bullish,of 6 ratings,N/A
AIRM,$36.55,1440271208219,"309,312",80% bearish,of 5 ratings,$53
AIRT,$22.94,1440271208240,51,100% bullish,of 1 rating,N/A
ATSG,$9.1,1440271208280,"264,911",67% bullish,of 3 ratings,$13
AIMT,$21.1,1440271208319,"120,787",Not yet rated,NULL,N/A
AIXG,$5.98,1440271208481,"34,571",67% bearish,of 3 ratings,$5.25
AKBA,$6.65,1440271208511,"184,781",100% bearish,of 1 rating,$18
AKAM,$68.463,1440271208543,"1,585,448",63% bullish,of 8 ratings,$77
AKER,$2.62,1440271208580,"93,096",Not yet rated,NULL,N/A
AKRX,$40.2552,1440271208614,"930,040",78% bullish,of 9 ratings,$56
ALRM,$16.46,1440271208783,"358,434",100% bearish,of 1 rating,$22
ALSK,$2.11,1440271208881,"112,029",78% bullish,of 18 ratings,$2
ABDC,$12.7,1440271208908,"21,785",Not yet rated,NULL,$15
ALDR,$36.64,1440271208949,"474,720",67% bearish,of 3 ratings,$62
AMRI,$19.73,1440271208980,"245,268",75% bearish,of 4 ratings,$24
ALDX,$7.62,1440271209084,"6,759",100% bearish,of 1 rating,$14.50
ADHD,$8.31,1440271209124,"220,062",50% bullish,of 4 ratings,$18
ALXA,$1.07,1440271209217,"26,737",83% bullish,of 6 ratings,$2.125
ALCO,$42.36,1440271209272,"24,127",50% bullish,of 2 ratings,N/A
ALGN,$56.4432,1440271209401,"422,327",100% bearish,of 2 ratings,$73
ALXN,$173.81,1440271209429,"1,548,456",88% bullish,of 8 ratings,$223
ALIM,$3.15,1440271209461,"169,442",80% bullish,of 5 ratings,$10
ALKS,$60.35,1440271209496,"705,866",67% bullish,of 3 ratings,$75
ALGT,$216.09,1440271209565,"164,611",100% bearish,of 1 rating,$235
AFOP,$17.51,1440271209698,"139,898",75% bullish,of 8 ratings,$21
ALLB,$23.48,1440271209730,"1,820",Not yet rated,NULL,N/A
AIQ,$14.7,1440271209771,"29,906",67% bullish,of 3 ratings,N/A
AHGP,$36.6344,1440271209836,"31,919",67% bullish,of 3 ratings,N/A
ARLP,$24.94,1440271209862,"151,729",67% bearish,of 3 ratings,$32
AMOT,$17.09,1440271209935,"80,719",100% bearish,of 1 rating,N/A
AHPI,$1.46,1440271209991,435,50% bullish,of 2 ratings,N/A
ALQA,$4.43,1440271210067,"36,237",75% bullish,of 4 ratings,$8.50
ALLT,$5.04,1440271210175,"71,089",75% bullish,of 4 ratings,$6.25
MDRX,$13.52,1440271210210,"1,235,763",60% bullish,of 5 ratings,$16
ALNY,$100.3178,1440271210237,"414,351",67% bullish,of 3 ratings,$148.50
AFAM,$46.84,1440271210259,"72,495",50% bullish,of 2 ratings,$44
SMCP,$22.56,1440271210409,"1,500",Not yet rated,NULL,N/A
AOSL,$7.21,1440271210460,"45,497",67% bullish,of 3 ratings,$9
ATEC,$0.5768,1440271210513,"46,618",100% bullish,of 1 rating,$2
AIMC,$25.28,1440271210642,"92,117",100% bearish,of 1 rating,$28.50
ASPS,$29.2565,1440271210668,"228,767",67% bullish,of 3 ratings,$46.50
ALTR,$48.17,1440271210700,"2,956,121",80% bearish,of 5 ratings,$54
AMAG,$59.95,1440271210748,"476,323",100% bullish,of 2 ratings,$77.50
AMRN,$2.03,1440271210804,"741,425",85% bullish,of 39 ratings,$8
AMRK,$10.57,1440271210995,"4,627",50% bullish,of 2 ratings,$14
AMZN,$495.5,1440271211023,"3,790,755",81% bullish,of 263 ratings,$646
AYA,$21.62,1440271211050,"63,923",100% bearish,of 1 rating,$40
AMBC,$15.6,1440271211076,"245,406",100% bearish,of 1 rating,$16.50
AMCX,$67.7119,1440271211210,"687,069",67% bullish,of 3 ratings,$85.50
AMBA,$89,1440271211237,"5,366,218",83% bullish,of 12 ratings,$102.50
AMBCW,$7.0532,1440271211272,"1,178",100% bearish,of 1 rating,N/A
DOX,$59,1440271211403,"282,272",50% bullish,of 2 ratings,$60
EPAX,$2.69,1440271211429,"74,357",100% bearish,of 1 rating,N/A
AMED,$40.5,1440271211493,"290,278",100% bearish,of 1 rating,$42
UHAL,$363.52,1440271211564,"15,187",100% bullish,of 2 ratings,$393.50
ASBI,$22.55,1440271211696,154,Not yet rated,NULL,N/A
ATAX,$5.23,1440271211729,"155,087",100% bullish,of 1 rating,$6.50
AMDA,$0.463,1440271211750,"1,233,767",90% bullish,of 10 ratings,$1
AMOV,$17.65,1440271211826,"5,863",100% bearish,of 1 rating,N/A
AAL,$39.75,1440271211922,"11,179,538",93% bullish,of 88 ratings,$57
AGNC,$19.553,1440271211953,"3,952,543",75% bullish,of 28 ratings,$22
AGNCP,$25.34,1440271212010,"7,150",Not yet rated,NULL,N/A
MTGE,$15.7,1440271212089,"402,399",75% bullish,of 4 ratings,$19.50
AGNCB,$24.23,1440271212124,"21,668",Not yet rated,NULL,N/A
ACSF,$12.225,1440271212225,"33,060",100% bearish,of 1 rating,$15
MTGEP,$24.12,1440271212250,"1,127",Not yet rated,NULL,N/A
ACAS,$13.74,1440271212279,"1,556,266",60% bullish,of 5 ratings,$16.75
ANCI,$1.59,1440271212306,"10,070",100% bearish,of 1 rating,N/A
AETI,$4.28,1440271212484,2,67% bearish,of 3 ratings,N/A
AMIC,$10.21,1440271212588,8,Not yet rated,NULL,N/A
AMNB,$22.8,1440271212660,"22,976",Not yet rated,NULL,$25.50
ANAT,$100,1440271212725,"19,158",100% bullish,of 1 rating,N/A
ARII,$38.75,1440271212754,"183,877",67% bearish,of 3 ratings,$45
APEI,$21.26,1440271212794,"155,037",100% bearish,of 1 rating,$25.50
AMRB,$10,1440271212860,"2,054",Not yet rated,NULL,$11
ASEI,$39.68,1440271212921,"53,467",100% bearish,of 1 rating,$52.50
AMSC,$3.48,1440271213022,"36,442",50% bullish,of 4 ratings,N/A
AMWD,$67.8,1440271213124,"272,213",50% bullish,of 2 ratings,$58
ABCB,$27.64,1440271213153,"189,477",Not yet rated,NULL,$31
AMSWA,$9.06,1440271213175,"86,700",100% bearish,of 2 ratings,$10.75
CRMT,$37.91,1440271213208,"120,497",100% bearish,of 1 rating,$49
ASRVP,NULL,1440271213342,0,Not yet rated,NULL,N/A
AMSF,$49.68,1440271213380,"122,373",Not yet rated,NULL,$57.50
ASRV,$3.27,1440271213407,840,100% bullish,of 2 ratings,N/A
ATLO,$23.31,1440271213477,"15,885",Not yet rated,NULL,N/A
AMGN,$155.9,1440271213507,"4,702,712",89% bullish,of 19 ratings,$185
AMKR,$4.39,1440271213733,"1,544,185",100% bearish,of 2 ratings,$5
FOLD,$14.05,1440271213832,"2,614,067",56% bullish,of 9 ratings,$21
AMPH,$13.79,1440271213880,"166,636",50% bullish,of 2 ratings,$20
AMSG,$81.5,1440271214014,"320,262",100% bearish,of 1 rating,$85.50
AMSGP,NULL,1440271214040,0,Not yet rated,NULL,N/A
AFSI,$58.44,1440271214070,"1,008,977",60% bullish,of 5 ratings,$72
ANAD,$0.333,1440271214173,"132,364",100% bullish,of 2 ratings,$.50
AMRS,$1.63,1440271214199,"53,848",70% bullish,of 10 ratings,N/A
ASYS,$5.18,1440271214229,"35,518",67% bullish,of 3 ratings,$12
ANCB,$22.3001,1440271214360,500,Not yet rated,NULL,$23
ABCW,$39.96,1440271214431,"10,347",67% bullish,of 3 ratings,N/A
ADI,$53.78,1440271214464,"3,922,593",67% bullish,of 3 ratings,$69
ALOG,$83.13,1440271214574,"75,588",100% bearish,of 2 ratings,$100.50
ANAC,$129.49,1440271214650,"607,726",80% bullish,of 5 ratings,$180.50
ANGI,$4.64,1440271214755,"919,270",64% bullish,of 11 ratings,$5.50
AMCF,$0.26,1440271214888,"9,494",100% bullish,of 7 ratings,N/A
ANGO,$14.71,1440271214957,"99,313",67% bullish,of 3 ratings,$19
ANIK,$34.88,1440271214987,"106,488",60% bullish,of 5 ratings,$51.25
ATRS,$1.81,1440271215092,"537,668",92% bullish,of 12 ratings,$4.50
ABAC,$0.73,1440271215121,"36,221",100% bearish,of 1 rating,N/A
ANIP,$49.38,1440271215150,"250,484",89% bullish,of 19 ratings,$66
ANSS,$90.92,1440271215249,"391,059",100% bearish,of 1 rating,$100
ANTH,$7.04,1440271215307,"1,783,771",80% bullish,of 10 ratings,$13
APIC,$6.49,1440271215332,"180,683",100% bearish,of 1 rating,$19
APOG,$51.6,1440271215517,"212,697",100% bullish,of 1 rating,$67
APOL,$10.9787,1440271215545,"992,661",87% bearish,of 68 ratings,$14
ATNY,$2.37,1440271215573,"2,775",50% bullish,of 2 ratings,$3.75
AINV,$6.4767,1440271215594,"1,117,263",50% bullish,of 4 ratings,$8
APPF,$16.84,1440271215730,"52,701",50% bullish,of 2 ratings,$22
AAPL,$105.9,1440271215763,"82,174,464",86% bullish,of 2338 ratings,$150
ARCI,$1.33,1440271215861,"3,906",Not yet rated,NULL,N/A
APDN,$3.22,1440271215989,"61,834",Not yet rated,NULL,$9
AMAT,$15.497,1440271216016,"12,956,491",82% bullish,of 11 ratings,$23
AGTC,$15.74,1440271216038,"119,853",50% bullish,of 2 ratings,$33
APDNW,$1.15,1440271216076,"2,800",Not yet rated,NULL,N/A
AAOI,$19.89,1440271216171,"285,163",50% bullish,of 4 ratings,$26
AMCC,$5.35,1440271216197,"963,117",80% bullish,of 5 ratings,$8
APTO,$5.09,1440271216334,"8,208",Not yet rated,NULL,$17
APRI,$1.33,1440271216360,"155,441",83% bullish,of 6 ratings,$4.86
AREX,$2.03,1440271216385,"890,815",100% bearish,of 1 rating,$3
AQMS,$5,1440271216438,"19,025",Not yet rated,NULL,N/A
AUMA,NULL,1440271216525,0,Not yet rated,NULL,N/A
AQXP,$18.2999,1440271216550,"469,595",50% bullish,of 2 ratings,$2
AUMAU,$9.94,1440271216578,"1,200",Not yet rated,NULL,N/A
AUMAW,NULL,1440271216733,0,Not yet rated,NULL,N/A
PETX,$17.4,1440271216759,"307,971",100% bearish,of 2 ratings,$26
ARDM,$7.03,1440271216939,"4,358",100% bullish,of 1 rating,$26
ABUS,$7.21,1440271216999,"502,243",86% bullish,of 14 ratings,$23
ARCB,$29.47,1440271217065,"211,071",50% bullish,of 2 ratings,$39.50
ARCW,$3.48,1440271217131,"25,137",100% bearish,of 2 ratings,$10.50
RKDA,$5.76,1440271217167,"19,343",100% bearish,of 2 ratings,$10
ABIO,$0.9,1440271217213,"131,271",50% bullish,of 2 ratings,$3.75
ARDX,$17.41,1440271217347,"91,948",50% bullish,of 2 ratings,$24.50
ACAT,$26.89,1440271217373,"260,125",100% bearish,of 3 ratings,$33
ACGL,$70.5015,1440271217398,"414,489",50% bullish,of 2 ratings,$72
ARCC,$15.47,1440271217432,"1,615,433",67% bearish,of 3 ratings,$17.875
ARNA,$2.97,1440271217600,"4,127,037",90% bullish,of 77 ratings,$5.50
AGII,$57.69,1440271217706,"141,575",Not yet rated,NULL,$59.50
AGIIL,$25.45,1440271217766,"5,893",Not yet rated,NULL,N/A
ARGS,$6.17,1440271217796,"116,903",50% bullish,of 2 ratings,$19.50
ARIS,$3.3,1440271217903,"8,290",Not yet rated,NULL,$4.50
ARIA,$6.7,1440271217973,"3,153,702",87% bullish,of 46 ratings,$9
ARWAR,NULL,1440271218101,0,Not yet rated,NULL,N/A
ARWA,NULL,1440271218126,0,Not yet rated,NULL,N/A
ARMH,$40.1,1440271218154,"1,339,073",54% bearish,of 13 ratings,$61
ARKR,$25.36,1440271218192,552,50% bullish,of 2 ratings,N/A
ARQL,$1.67,1440271218286,"200,267",75% bullish,of 4 ratings,$5
ARTX,$1.48,1440271218323,"105,854",88% bullish,of 16 ratings,$4.50
ARWAW,NULL,1440271218390,0,Not yet rated,NULL,N/A
ARWAU,NULL,1440271218456,0,100% bullish,of 1 rating,N/A
ARRS,$26.44,1440271218588,"1,060,211",50% bullish,of 2 ratings,$38
ARRY,$5.45,1440271218630,"1,219,732",100% bullish,of 7 ratings,$10
DWAT,$9.92,1440271218678,"46,463",100% bearish,of 1 rating,N/A
AROW,$27.24,1440271219043,"41,580",Not yet rated,NULL,N/A
ARTNA,$22.48,1440271219072,"42,576",100% bearish,of 1 rating,$29
ARWR,$5.57,1440271219102,"814,360",75% bullish,of 4 ratings,$10.50
ARTW,$4.45,1440271219136,"3,048",75% bearish,of 4 ratings,N/A
ASND,$18.23,1440271219158,"38,275",100% bullish,of 1 rating,$30
ASCMA,$28.6,1440271219200,"180,787",100% bearish,of 1 rating,$45
ASNA,$11.2187,1440271219232,"8,984,030",50% bullish,of 2 ratings,$18
ASTI,$0.13,1440271219290,"1,817,223",83% bullish,of 6 ratings,$3
ASBB,$25.05,1440271219423,372,Not yet rated,NULL,N/A
APWC,$1.9,1440271219453,406,100% bearish,of 1 rating,N/A
ASMI,NULL,1440271219480,0,NULL,NULL,NULL
AZPN,$38.4,1440271219556,"991,920",50% bullish,of 2 ratings,$42
ASML,$85.91,1440271219615,"1,134,628",67% bullish,of 3 ratings,$127
ASTC,$2.2,1440271219833,"39,970",100% bullish,of 5 ratings,N/A
ASFI,$8.95,1440271219864,"3,732",100% bullish,of 1 rating,N/A
ASMB,$12.44,1440271219966,"80,806",67% bullish,of 3 ratings,N/A
ASTE,$36.28,1440271219994,"88,638",100% bearish,of 1 rating,$48
ASUR,$5.76,1440271220015,"10,939",100% bearish,of 1 rating,$8
ALOT,$13.51,1440271220044,"1,011",100% bearish,of 1 rating,N/A
ATRO,$52.77,1440271220197,"98,668",100% bearish,of 2 ratings,$80
ATRA,$42.01,1440271220263,"183,569",50% bullish,of 2 ratings,$68
ATAI,$2.78,1440271220295,"31,993",100% bearish,of 1 rating,N/A
AFCB,$28.01,1440271220328,249,Not yet rated,NULL,N/A
AAPC,$10.21,1440271220460,394,Not yet rated,NULL,N/A
ATHN,$135.79,1440271220506,"193,647",67% bearish,of 3 ratings,$153
ATHX,$1.17,1440271220562,"238,940",89% bullish,of 9 ratings,$5
ATLC,$3.9,1440271220766,"17,113",67% bullish,of 3 ratings,N/A
ATOS,$0.85,1440271220933,"182,378",100% bullish,of 7 ratings,$7
AAME,$3.58,1440271220963,"1,190",Not yet rated,NULL,N/A
AAWW,$41.78,1440271221006,"365,924",50% bullish,of 2 ratings,$65
ATRC,$25.67,1440271221064,"198,665",100% bullish,of 1 rating,$30
ATNI,$73.68,1440271221108,"66,107",100% bearish,of 1 rating,$69.50
ACFC,$6.11,1440271221156,"95,163",Not yet rated,NULL,$6.50
ATML,$6.95,1440271221294,"2,918,067",78% bullish,of 9 ratings,$9.50
ATRI,$389.5,1440271221435,"4,458",Not yet rated,NULL,N/A
ATRM,$2.89,1440271221466,"1,200",50% bullish,of 2 ratings,N/A
AFH,$16.545,1440271221492,"75,284",Not yet rated,NULL,$21.50
ATTU,$13.55,1440271221518,"51,302",100% bearish,of 1 rating,$20.50
LIFE,$14.04,1440271221540,"32,217",86% bullish,of 7 ratings,$43
AUBN,$27.68,1440271221715,948,Not yet rated,NULL,N/A
EARS,$4.845,1440271222074,"14,045",100% bearish,of 2 ratings,$11.50
ABTL,$18.05,1440271222100,"70,992",100% bullish,of 4 ratings,$20.25
AUDC,$3.18,1440271222128,"55,482",80% bullish,of 5 ratings,$5
AVGO,$112.787,1440271222267,"3,328,073",88% bullish,of 8 ratings,$160
AUPH,$3.19,1440271222293,"14,987",100% bearish,of 1 rating,$8
ADAT,$0.12,1440271222315,"123,764",100% bullish,of 2 ratings,N/A
ADP,$79.23,1440271222447,"2,485,062",100% bearish,of 1 rating,$88
ADSK,$51.76,1440271222531,"2,339,645",83% bullish,of 6 ratings,$69.50
AAVL,$10.62,1440271222576,"258,588",100% bearish,of 1 rating,$20
AVGR,$14.23,1440271222661,"21,077",100% bearish,of 1 rating,$20
AVID,$8.01,1440271222706,"539,251",100% bearish,of 1 rating,$20
AVNW,$1.24,1440271222737,"161,594",50% bullish,of 2 ratings,$2.20
AVNU,$12.7,1440271222765,506,Not yet rated,NULL,$14
AVEO,$1.38,1440271222845,"1,367,791",75% bullish,of 8 ratings,$3
CAR,$42.2749,1440271222948,"1,835,525",80% bullish,of 5 ratings,$60
ACLS,$3.29,1440271223123,"557,776",67% bullish,of 6 ratings,$4.75
AXPWW,NULL,1440271223230,0,Not yet rated,NULL,N/A
AWRE,$3.14,1440271223271,"21,064",67% bullish,of 3 ratings,N/A
AXTI,$2.15,1440271223418,"35,695",50% bullish,of 2 ratings,$2.75
BOSC,$2.37,1440271223492,"1,297",50% bullish,of 2 ratings,N/A
AXPW,$1.1,1440271223562,"56,422",83% bullish,of 6 ratings,N/A
BCOM,NULL,1440271223692,0,100% bearish,of 1 rating,N/A
RILY,$10,1440271223718,600,Not yet rated,NULL,N/A
BCPC,$57.76,1440271223783,"128,021",100% bearish,of 1 rating,$75
AXGN,$3.94,1440271223874,"27,034",Not yet rated,NULL,$5
BIDU,$152.9,1440271223914,"3,843,564",81% bullish,of 88 ratings,$210
BWINB,$23.01,1440271224010,"25,265",Not yet rated,NULL,N/A
BWINA,NULL,1440271224051,0,Not yet rated,NULL,N/A
BEAV,$48.57,1440271224117,"742,264",67% bearish,of 3 ratings,$59
BANFP,NULL,1440271224321,0,Not yet rated,NULL,N/A
BLDP,$1.24,1440271224452,"470,551",91% bullish,of 22 ratings,$2.50
BOCH,$5.76,1440271224481,"16,932",Not yet rated,NULL,$6.50
BMRC,$48.75,1440271224504,"17,961",Not yet rated,NULL,$52
BKSC,$15.6,1440271224679,705,Not yet rated,NULL,N/A
BKMU,$7.19,1440271224781,"511,937",Not yet rated,NULL,$8
BOTJ,$11.15,1440271224840,"3,090",Not yet rated,NULL,N/A
BANF,$60.97,1440271224935,"18,077",Not yet rated,NULL,$68
OZRK,$40.71,1440271224961,"553,107",67% bullish,of 3 ratings,$49.50
BFIN,$12.01,1440271225030,"29,911",Not yet rated,NULL,$13
BANR,$45.64,1440271225090,"84,960",100% bullish,of 3 ratings,$50
TAPR,$29.38,1440271225194,"4,550",100% bearish,of 1 rating,N/A
BWFG,$18.03,1440271225255,"3,688",100% bearish,of 1 rating,N/A
BHACU,NULL,1440271225468,0,Not yet rated,NULL,N/A
BZUN,$5.65,1440271225597,"399,133",50% bullish,of 2 ratings,$12.60
BHACR,$0.25,1440271225622,700,Not yet rated,NULL,N/A
BHACW,NULL,1440271225707,0,Not yet rated,NULL,N/A
BHAC,NULL,1440271225811,0,Not yet rated,NULL,N/A
BSET,$29.1,1440271225852,"49,205",100% bearish,of 1 rating,$35
BYLK,$12.95,1440271225924,"4,701",Not yet rated,NULL,$14
BV,$5.08,1440271226026,"375,082",67% bullish,of 6 ratings,$9
BDCV,$4.84,1440271226056,"9,821",100% bearish,of 1 rating,$10.19
BBSI,$34.87,1440271226119,"71,494",67% bearish,of 3 ratings,$62.50
BYBK,$5.02,1440271226154,"1,546",100% bearish,of 1 rating,N/A
BCBP,$11.73,1440271226182,"8,625",Not yet rated,NULL,N/A
BBCN,$14.81,1440271226221,"308,877",100% bearish,of 1 rating,$16
BSF,$8.62,1440271226359,"18,869",Not yet rated,NULL,N/A
BECN,$35.48,1440271226517,"294,756",50% bullish,of 2 ratings,$40
BBGI,$4.68,1440271226573,2,100% bearish,of 1 rating,N/A
BEBE,$1.81,1440271226676,"150,846",75% bullish,of 4 ratings,$3.075
BELFB,$17.92,1440271226809,"70,318",100% bearish,of 1 rating,N/A
BLPH,$5.01,1440271226842,"26,371",100% bearish,of 1 rating,$12.50
BLCM,$17.46,1440271226888,"701,289",50% bullish,of 4 ratings,$40
BELFA,$15.5,1440271226945,100,100% bearish,of 1 rating,N/A
BBBY,$61.8626,1440271227019,"2,676,226",71% bullish,of 7 ratings,$75
BNCL,$12.64,1440271227082,"393,855",100% bullish,of 3 ratings,$12.50
BNFT,$36.3,1440271227157,"94,715",67% bullish,of 3 ratings,$46
BGCP,$8.8,1440271227188,"2,203,135",88% bullish,of 8 ratings,$14
BNTC,$8.6562,1440271227293,"29,198",100% bullish,of 1 rating,N/A
BGFV,$10.86,1440271227321,"167,409",57% bullish,of 7 ratings,$12
BIND,$4.56,1440271227616,"42,392",67% bullish,of 3 ratings,$13.50
ORPN,$5.34,1440271227643,"18,329",100% bullish,of 1 rating,$28.50
BASI,$1.39,1440271227668,"12,876",Not yet rated,NULL,N/A
BGMD,$0.8536,1440271227716,"210,316",100% bullish,of 10 ratings,N/A
BCDA,NULL,1440271227810,0,Not yet rated,NULL,N/A
BDSI,$6.52,1440271227843,"1,009,736",88% bullish,of 8 ratings,$17
BCRX,$11.99,1440271228013,"637,416",63% bullish,of 8 ratings,$18
BIOL,$1.46,1440271228100,"36,518",Not yet rated,NULL,N/A
BIOD,$0.6899,1440271228125,"144,374",80% bullish,of 5 ratings,$4
BMRN,$130,1440271228281,"823,308",80% bullish,of 5 ratings,$160
BLFS,$2.03,1440271228308,"86,446",100% bearish,of 1 rating,$4.75
BIIB,$298,1440271228335,"2,250,449",88% bullish,of 16 ratings,$400
BIOC,$2.08,1440271228368,"466,899",83% bullish,of 6 ratings,$3.85
BVXV,$3.86,1440271228467,"7,057",Not yet rated,NULL,N/A
BLRX,$1.42,1440271228518,"228,173",100% bullish,of 12 ratings,$5
BVXVW,$0.77,1440271228546,"1,008",100% bearish,of 1 rating,N/A
BPTH,$1.13,1440271228676,"64,428",100% bullish,of 2 ratings,$5
BIOS,$1.84,1440271228894,"1,061,659",71% bullish,of 7 ratings,$4
BBP,$32.07,1440271228999,"91,659",Not yet rated,NULL,N/A
BOTA,$2.2,1440271229103,"47,009",88% bullish,of 8 ratings,N/A
TECH,$101.4978,1440271229137,"129,987",100% bullish,of 1 rating,$117
BRLI,NULL,1440271229161,0,NULL,NULL,NULL
BSPM,$0.72,1440271229237,"10,225",50% bullish,of 2 ratings,N/A
BBC,$30.48,1440271229262,"62,013",Not yet rated,NULL,N/A
BDMS,NULL,1440271229397,0,100% bearish,of 1 rating,N/A
BJRI,$44.71,1440271229478,"215,274",50% bullish,of 2 ratings,$55
BBOX,$15.44,1440271229503,"68,675",100% bearish,of 1 rating,N/A
BEAT,$13.69,1440271229654,"339,071",67% bearish,of 3 ratings,$15
BITI,$17.33,1440271229683,"31,694",100% bullish,of 1 rating,$28
BSTC,$49.71,1440271229815,"66,008",100% bearish,of 1 rating,$76
BDE,$7.5,1440271229866,"220,690",50% bullish,of 2 ratings,$9
BLKB,$58.91,1440271229897,"225,935",100% bearish,of 2 ratings,$66
BBRY,$7.15,1440271229919,"5,450,296",61% bullish,of 330 ratings,$9
BKCC,$9.118,1440271230090,"334,015",100% bullish,of 2 ratings,$10
ADRA,$27.52,1440271230122,"1,065",Not yet rated,NULL,N/A
ADRE,$29.55,1440271230223,"44,928",Not yet rated,NULL,N/A
HAWK,$42,1440271230284,"525,334",91% bullish,of 11 ratings,$49
BLMN,$20.36,1440271230358,"1,559,840",83% bullish,of 6 ratings,$27.50
ADRU,$21.85,1440271230415,"2,468",100% bearish,of 1 rating,N/A
ADRD,$22.12,1440271230508,"8,231",100% bearish,of 1 rating,N/A
BLBD,$11.53,1440271230543,"7,869",Not yet rated,NULL,N/A
BHBK,$14.06,1440271230613,"103,355",100% bullish,of 1 rating,$14.50
BBLU,$0.89,1440271230750,"120,329",100% bullish,of 2 ratings,$4.43
NILE,$34.29,1440271230783,"91,641",50% bullish,of 2 ratings,$34
BKEP,$6.6,1440271230886,"42,067",100% bearish,of 1 rating,$8.50
BCOR,$13.4,1440271230965,"257,015",57% bullish,of 7 ratings,$15
BUFF,$26.91,1440271230993,"472,572",83% bullish,of 12 ratings,$31.50
BLUE,$124.9,1440271231061,"511,022",71% bullish,of 7 ratings,$217.50
BPMC,$25.74,1440271231246,"43,864",50% bullish,of 2 ratings,$47.50
BKEPP,$7.773,1440271231272,"1,100",100% bearish,of 1 rating,N/A
BNCN,$21.26,1440271231344,"105,692",Not yet rated,NULL,$23
WIFI,$7.83,1440271231403,"402,837",50% bullish,of 2 ratings,$13.50
BOFI,$123.99,1440271231491,"365,678",100% bullish,of 6 ratings,$144
BOBE,$44.5,1440271231591,"144,944",75% bullish,of 4 ratings,$57
BOKF,$61.8126,1440271231618,"136,973",100% bearish,of 1 rating,$70.50
BOJA,$20.83,1440271231673,"194,845",100% bullish,of 1 rating,$30
BONA,$11.82,1440271231859,"182,491",75% bullish,of 4 ratings,$8.50
BPFH,$12.155,1440271231888,"304,942",100% bearish,of 1 rating,$14
BNSO,$1.38,1440271231953,"6,280",100% bearish,of 1 rating,N/A
EPAY,$25.46,1440271231980,"155,496",100% bearish,of 2 ratings,$30
BAMM,$3.21,1440271232116,"12,873",60% bullish,of 5 ratings,N/A
BPFHP,$25,1440271232152,"1,571",100% bearish,of 1 rating,N/A
BDBD,$8.43,1440271232221,"500,690",60% bullish,of 5 ratings,$10
BCLI,$2.92,1440271232322,"80,439",80% bullish,of 5 ratings,$12
BPFHW,$5.5,1440271232347,837,100% bearish,of 1 rating,N/A
BBEP,$2.26,1440271232396,"2,113,660",69% bullish,of 13 ratings,$5.625
BBRG,$12.58,1440271232478,"83,065",67% bullish,of 3 ratings,$14.50
BLIN,$1.15,1440271232577,"21,500",50% bullish,of 2 ratings,$2.20
BDGE,$27.4,1440271232609,"33,067",Not yet rated,NULL,$31.75
BBEPP,$13.24,1440271232645,"73,231",100% bearish,of 1 rating,N/A
BRID,$8.62,1440271232708,86,100% bearish,of 1 rating,N/A
BRCM,$48.57,1440271232792,"5,158,085",75% bullish,of 12 ratings,$56
BCOV,$5.22,1440271232835,"120,648",67% bullish,of 3 ratings,$10.20
BYFC,$1.37,1440271233038,200,50% bullish,of 2 ratings,N/A
BSFT,$30.87,1440271233069,"134,160",57% bullish,of 7 ratings,$40.50
BRCD,$10.6,1440271233142,"10,780,307",92% bullish,of 13 ratings,$12.50
BWEN,$3.26,1440271233168,"21,709",100% bullish,of 3 ratings,$8
BRKS,$10.37,1440271233221,"191,066",67% bullish,of 3 ratings,$15.25
BVSN,$5.54,1440271233247,"12,787",60% bearish,of 5 ratings,N/A
BRKR,$19.0677,1440271233434,"233,562",100% bearish,of 2 ratings,$22
BRKL,$10.765,1440271233463,"389,012",100% bearish,of 1 rating,$10.75
BMTC,$29.46,1440271233493,"89,269",Not yet rated,NULL,$34
BLMT,$20.8,1440271233527,"14,194",Not yet rated,NULL,N/A
BSQR,$6.03,1440271233555,"89,784",67% bullish,of 3 ratings,N/A
BLDR,$14.9615,1440271233591,"1,078,324",50% bullish,of 2 ratings,$22
BWLD,$189.5073,1440271233625,"260,082",82% bullish,of 11 ratings,$205
CFFI,$36,1440271233822,"6,616",100% bearish,of 1 rating,N/A
BUR,$1.85,1440271233909,"2,443",100% bearish,of 1 rating,$8
CHRW,$67.24,1440271234039,"1,128,419",Not yet rated,NULL,$72
CA,$27.33,1440271234066,"2,905,194",50% bullish,of 4 ratings,$33
CCMP,$44.25,1440271234140,"90,039",50% bullish,of 2 ratings,$59
CDZI,$7.53,1440271234195,"30,147",100% bearish,of 1 rating,N/A
CACQ,$7.1,1440271234240,"100,797",100% bearish,of 1 rating,$12.25
PRSS,$4.42,1440271234330,"18,224",80% bullish,of 5 ratings,$4.50
CZR,$8.02,1440271234370,"1,345,062",60% bearish,of 5 ratings,$10.50
CDNS,$19.8,1440271234396,"1,519,633",75% bullish,of 4 ratings,$22.50
CSTE,$45,1440271234433,"526,244",100% bearish,of 1 rating,$65
CHY,$11.51,1440271234528,"256,541",Not yet rated,NULL,N/A
CLBS,$1.33,1440271234557,"263,782",79% bullish,of 14 ratings,$4
CLMS,$11.43,1440271234626,"84,354",Not yet rated,NULL,$10.50
CHI,$10.67,1440271234795,"301,618",100% bearish,of 1 rating,N/A
CCD,$19.57,1440271234841,"275,211",Not yet rated,NULL,N/A
CFGE,NULL,1440271234974,0,Not yet rated,NULL,N/A
CSQ,$9.88,1440271235158,"547,189",Not yet rated,NULL,N/A
CGO,$11.92,1440271235185,"30,892",100% bearish,of 1 rating,N/A
CVGW,$54.49,1440271235216,"146,768",50% bullish,of 2 ratings,$58.50
CHW,$7.59,1440271235260,"273,520",100% bearish,of 1 rating,N/A
CAMP,$15.71,1440271235315,"335,596",88% bullish,of 8 ratings,$25
CALD,$15.56,1440271235345,"396,608",100% bearish,of 1 rating,$20.50
CALA,$5.13,1440271235390,"381,343",100% bullish,of 3 ratings,$19.50
CFNB,$13.73,1440271235453,143,100% bearish,of 1 rating,N/A
CALM,$49.67,1440271235481,"539,610",80% bullish,of 5 ratings,$65
ABCD,$4.64,1440271235613,"122,674",83% bullish,of 6 ratings,N/A
CAMBU,NULL,1440271235667,0,100% bearish,of 1 rating,N/A
CAMB,NULL,1440271235744,0,Not yet rated,NULL,N/A
CLMT,$25.21,1440271235769,"367,348",75% bullish,of 8 ratings,$31
CAMBW,$0.14,1440271235896,200,Not yet rated,NULL,N/A
CAC,$40.79,1440271235946,"25,045",Not yet rated,NULL,N/A
CSIQ,$17.5,1440271235994,"3,511,125",86% bullish,of 28 ratings,$45
CAMT,$2.76,1440271236023,"17,958",73% bullish,of 11 ratings,$4
CBNJ,$10.65,1440271236121,"60,681",100% bullish,of 1 rating,N/A
CPHC,$10.66,1440271236167,"2,320",100% bearish,of 1 rating,N/A
CGIX,$9.21,1440271236225,"38,415",67% bullish,of 3 ratings,$14.375
CPLA,$48.57,1440271236250,"84,854",50% bullish,of 2 ratings,$65
CBF,$30.13,1440271236316,"102,306",Not yet rated,NULL,$32
CCBG,$15.17,1440271236402,"20,399",Not yet rated,NULL,$17.25
CPLP,$7.07,1440271236445,"470,786",71% bullish,of 7 ratings,$11
CSWC,$46.68,1440271236528,"16,339",Not yet rated,NULL,N/A
CAPNW,$0.6199,1440271236694,615,Not yet rated,NULL,N/A
CFFN,$12.0086,1440271236720,"689,306",Not yet rated,NULL,$12.75
CPTA,$14.22,1440271236747,"52,411",Not yet rated,NULL,$18.50
CAPN,$1.99,1440271236777,"269,769",100% bullish,of 1 rating,$10.85
CAPR,$3.95,1440271236803,"6,718",Not yet rated,NULL,$12
CARB,$11.43,1440271236875,"85,069",75% bullish,of 4 ratings,$12
CPST,$0.3777,1440271236982,"956,493",95% bullish,of 22 ratings,$1.25
CBYL,$6.29,1440271237042,"38,631",100% bearish,of 1 rating,$20
CFNL,$22.47,1440271237113,"122,419",Not yet rated,NULL,$24
CRME,$9.535,1440271237151,"32,837",89% bullish,of 9 ratings,$11.25
CSII,$24.6527,1440271237217,"477,244",100% bearish,of 2 ratings,$42.125
CARA,$21.01,1440271237246,"286,045",50% bullish,of 4 ratings,$25
CRDC,$0.38,1440271237271,"10,734",100% bullish,of 1 rating,$1.25
CATM,$34.54,1440271237376,"283,184",100% bearish,of 1 rating,$44
CDNA,$6.47,1440271237462,"6,286",100% bearish,of 1 rating,$9
CECO,$3.63,1440271237565,"476,999",67% bearish,of 3 ratings,$6
CTRE,$12.03,1440271237591,"422,076",50% bullish,of 2 ratings,N/A
CKEC,$21.84,1440271237627,"283,627",50% bullish,of 2 ratings,$35.915
CARO,$15.35,1440271237718,"1,700",100% bearish,of 1 rating,$19
CLBH,$12.79,1440271237748,288,Not yet rated,NULL,$16.50
CRZO,$32,1440271237818,"968,169",67% bearish,of 3 ratings,$57
CART,NULL,1440271237851,0,100% bearish,of 1 rating,N/A
CARV,$5.51,1440271237951,"1,650",50% bullish,of 2 ratings,N/A
CRTN,$2.66,1440271237979,103,100% bearish,of 1 rating,N/A
TAST,$11.91,1440271238008,"220,515",Not yet rated,NULL,$14.25
CACB,$5.43,1440271238118,"111,472",Not yet rated,NULL,$5.50
CASM,$1.09,1440271238144,"4,748",100% bullish,of 1 rating,$3.50
CWST,$6.2,1440271238279,"271,280",50% bullish,of 2 ratings,$7
CSCD,$14.23,1440271238310,"100,500",100% bullish,of 2 ratings,$17
CASY,$104.8974,1440271238382,"370,086",50% bullish,of 2 ratings,$99.50
CASI,$1.42,1440271238437,"13,082",100% bullish,of 1 rating,$3.50
CPRX,$3.66,1440271238545,"846,503",71% bullish,of 7 ratings,$7
CASS,$47.46,1440271238573,"46,174",100% bearish,of 1 rating,N/A
CATB,$11.26,1440271238608,"70,464",100% bearish,of 1 rating,$28
CATYW,$10.54,1440271238705,100,100% bearish,of 1 rating,N/A
CATY,$30.2864,1440271238731,"491,578",100% bearish,of 1 rating,$33.50
CBFV,$20.75,1440271238972,"4,266",Not yet rated,NULL,N/A
CAVM,$66.14,1440271239003,"458,453",67% bearish,of 3 ratings,$72
CVCO,$73.17,1440271239035,"73,964",100% bearish,of 1 rating,N/A
CNLM,$9.97,1440271239056,"1,883",Not yet rated,NULL,N/A
CNLMU,NULL,1440271239102,0,100% bullish,of 1 rating,N/A
CNLMR,NULL,1440271239128,0,Not yet rated,NULL,N/A
CBOE,$61.4126,1440271239296,"495,206",Not yet rated,NULL,$60
CNLMW,NULL,1440271239327,0,Not yet rated,NULL,N/A
CDK,$48.5,1440271239431,"517,921",67% bearish,of 3 ratings,$50
CDW,$38.25,1440271239458,"1,490,342",75% bullish,of 4 ratings,$44
CECE,$9.45,1440271239484,"124,266",50% bullish,of 2 ratings,$16
CPXX,$2.13,1440271239516,"85,814",100% bullish,of 2 ratings,$7
CELGZ,$1.81,1440271239541,"14,200",80% bullish,of 5 ratings,N/A
CLDN,$1.05,1440271239673,"324,992",71% bullish,of 7 ratings,$3
CELG,$119.5,1440271239699,"5,582,818",92% bullish,of 13 ratings,$155.50
CLDX,$13.53,1440271239774,"2,065,127",89% bullish,of 9 ratings,$36
CLRB,$3.05,1440271239845,"5,111",100% bearish,of 1 rating,N/A
CLLS,$30.45,1440271239910,"113,250",75% bullish,of 4 ratings,$51.50
CLRBW,$0.94,1440271240011,300,Not yet rated,NULL,N/A
CLSN,$2,1440271240113,"140,086",80% bullish,of 10 ratings,$7.50
CLTX,$3,1440271240142,"2,660,088",100% bullish,of 2 ratings,N/A
CBMG,$22.63,1440271240196,"40,791",50% bullish,of 2 ratings,N/A
CEMP,$35.5,1440271240240,"686,260",71% bullish,of 7 ratings,$52
CETX,$2.47,1440271240274,"12,950",Not yet rated,NULL,$5.60
CYAD,$50.47,1440271240329,"5,476",100% bullish,of 1 rating,$87.50
CSFL,$14.06,1440271240354,"147,356",Not yet rated,NULL,$15
CETV,$2.02,1440271240405,"177,717",67% bullish,of 3 ratings,$2.80
CFBK,$1.38,1440271240499,"6,308",Not yet rated,NULL,N/A
CENT,$11.93,1440271240539,"28,453",Not yet rated,NULL,$10
CVCY,$11.19,1440271240673,675,Not yet rated,NULL,$12
CENTA,$12.57,1440271240723,"238,725",Not yet rated,NULL,N/A
CENX,$5.17,1440271240855,"1,660,584",67% bullish,of 6 ratings,$9
CRNT,$1.37,1440271240883,"280,066",50% bullish,of 2 ratings,$2
CNTY,$6.02,1440271240915,"6,571",80% bullish,of 5 ratings,$7.75
CNBKA,$40.33,1440271240937,"9,839",100% bullish,of 1 rating,N/A
CERE,$1.1,1440271240973,"479,152",88% bullish,of 8 ratings,N/A
CPHD,$47.8043,1440271241011,"535,219",50% bullish,of 2 ratings,$66.50
CERN,$61.72,1440271241081,"1,895,743",67% bullish,of 3 ratings,$79
CERU,$3.42,1440271241144,"35,413",75% bullish,of 4 ratings,$15
CERS,$4.73,1440271241226,"650,339",75% bullish,of 4 ratings,$7
KOOL,$0.6998,1440271241273,"19,783",100% bullish,of 5 ratings,$7
CEVA,$18.37,1440271241299,"70,931",100% bearish,of 1 rating,$25
CYOU,$20.0874,1440271241375,"457,679",50% bullish,of 6 ratings,$24
CTHR,$1.23,1440271241564,"48,304",50% bullish,of 2 ratings,$2.50
HOTR,$1.5,1440271241595,"212,526",100% bullish,of 2 ratings,$5
HOTRW,NULL,1440271241629,0,Not yet rated,NULL,N/A
CHFN,$12.45,1440271241696,"35,096",Not yet rated,NULL,$14
GTLS,$22.3973,1440271241723,"330,795",50% bullish,of 4 ratings,$40
CHEKW,NULL,1440271241754,0,Not yet rated,NULL,N/A
CHEK,$3.16,1440271241781,"1,665",Not yet rated,NULL,$7.75
CHTR,$177.5087,1440271241807,"962,693",100% bearish,of 2 ratings,$196
CHKP,$76.9,1440271241909,"1,048,652",50% bullish,of 4 ratings,$92
CHFC,$31.81,1440271242079,"100,386",100% bearish,of 1 rating,$36
CCXI,$6.66,1440271242105,"125,627",67% bullish,of 3 ratings,$14
CHKE,$25.42,1440271242174,"26,595",100% bearish,of 1 rating,$32.50
CHMG,$26.6,1440271242204,700,Not yet rated,NULL,$30
CHEV,$14.63,1440271242309,"8,266",Not yet rated,NULL,N/A
CEMI,$4.25,1440271242339,"5,139",50% bullish,of 2 ratings,$7.50
CBNK,$16.48,1440271242440,297,100% bearish,of 1 rating,N/A
CADC,NULL,1440271242511,0,78% bullish,of 9 ratings,N/A
CHMA,$24.05,1440271242544,"123,730",Not yet rated,NULL,$40
CMRX,$46.44,1440271242580,"341,351",50% bullish,of 2 ratings,$57
CAAS,$6.48,1440271242645,"52,022",93% bullish,of 14 ratings,$11.50
CBAK,$1.8,1440271242671,"39,266",67% bullish,of 9 ratings,N/A
PLCE,$58.5,1440271242702,"386,298",100% bearish,of 1 rating,$71
CALI,$0.87,1440271242805,"7,037",67% bullish,of 3 ratings,N/A
CBPO,$97.5633,1440271242871,"275,264",75% bullish,of 8 ratings,$140.50
CCCR,$0.89,1440271243003,"36,866",67% bearish,of 3 ratings,N/A
CCCL,$0.85,1440271243039,"10,030",100% bullish,of 6 ratings,N/A
CHOP,$1.2,1440271243079,"146,084",50% bullish,of 2 ratings,N/A
JRJC,$3.88,1440271243109,"166,421",82% bullish,of 11 ratings,N/A
HGSH,$1.89,1440271243173,"13,900",67% bullish,of 3 ratings,N/A
CHLN,$2.05,1440271243205,"8,803",67% bullish,of 3 ratings,N/A
CNIT,$1.54,1440271243306,"31,123",67% bullish,of 6 ratings,N/A
HTHT,$24.5,1440271243436,"81,284",50% bullish,of 2 ratings,$28
CHNR,$2.01,1440271243469,"1,911",100% bearish,of 1 rating,N/A
CJJD,$1.9,1440271243491,"52,186",100% bullish,of 1 rating,N/A
CREG,$0.7,1440271243527,"109,561",100% bullish,of 3 ratings,N/A
CSUN,$1.38,1440271243577,"19,180",80% bullish,of 5 ratings,N/A
CPGI,$6.94,1440271243626,"2,888",Not yet rated,NULL,N/A
CNTF,$0.85,1440271243760,"130,860",Not yet rated,NULL,N/A
CXDC,$6.21,1440271243789,"128,308",67% bullish,of 3 ratings,N/A
CNYD,$3.17,1440271243817,"7,840",67% bullish,of 3 ratings,N/A
CCIH,$6.0688,1440271243894,"995,724",67% bullish,of 6 ratings,$12.65
IMOS,$16.0456,1440271244023,"208,767",60% bullish,of 5 ratings,$21.50
CHSCL,$27.06,1440271244050,"26,654",Not yet rated,NULL,N/A
CNET,$0.8899,1440271244077,"36,501",50% bullish,of 2 ratings,N/A
CHSCO,$28.32,1440271244109,"9,147",Not yet rated,NULL,N/A
CHDN,$134.37,1440271244239,"57,359",Not yet rated,NULL,$165
CHSCM,$25.86,1440271244273,"33,418",Not yet rated,NULL,N/A
CHSCN,$27.02,1440271244295,"3,839",Not yet rated,NULL,N/A
CHSCP,$30.29,1440271244372,"3,905",Not yet rated,NULL,N/A
CHUY,$31.27,1440271244425,"229,822",50% bullish,of 2 ratings,$34
CDTX,$14.04,1440271244454,"21,619",Not yet rated,NULL,$22
CIFC,$6.85,1440271244504,"10,311",Not yet rated,NULL,N/A
CMCT,$15,1440271244660,"2,992",100% bearish,of 1 rating,N/A
CMPR,$67.75,1440271244712,"558,567",50% bullish,of 2 ratings,$72.50
CINF,$53.8535,1440271244747,"1,065,857",50% bullish,of 4 ratings,$50.50
CTAS,$84.87,1440271244803,"522,195",100% bearish,of 1 rating,$91
CIDM,$0.62,1440271244842,"87,510",50% bullish,of 2 ratings,$2.10
CPHR,$6.2,1440271244874,"1,500",100% bearish,of 1 rating,$16
CRUS,$27.46,1440271244972,"973,633",75% bullish,of 12 ratings,$44.50
CSCO,$26.48,1440271245156,"34,066,946",84% bullish,of 208 ratings,$32
CTRN,$27.92,1440271245183,"144,202",100% bearish,of 1 rating,$31.50
CTXS,$73.91,1440271245320,"1,231,547",86% bullish,of 7 ratings,$80
CZNC,$19.63,1440271245352,"13,840",Not yet rated,NULL,N/A
CZWI,$9.09,1440271245373,10,Not yet rated,NULL,N/A
CZFC,$12.7201,1440271245406,700,Not yet rated,NULL,N/A
CIZN,$19.55,1440271245427,"1,220",Not yet rated,NULL,N/A
CHCO,$47.47,1440271245456,"74,330",Not yet rated,NULL,$46
CIVB,$10.29,1440271245585,"5,841",Not yet rated,NULL,$11
CLNT,$1.69,1440271245739,"56,834",75% bullish,of 8 ratings,N/A
CIVBP,NULL,1440271245773,0,Not yet rated,NULL,N/A
CDTI,$1.56,1440271245806,"65,316",75% bullish,of 4 ratings,$3.20
CLRO,$11.74,1440271245832,"4,663",50% bullish,of 2 ratings,$14.25
CLFD,$16.89,1440271245869,"50,082",67% bullish,of 3 ratings,$18
CLNE,$4.02,1440271245901,"1,114,136",80% bullish,of 15 ratings,$9
CLIR,$5.07,1440271246005,"32,472",100% bullish,of 3 ratings,N/A
CSBK,$13.76,1440271246106,"62,601",Not yet rated,NULL,N/A
CMFN,$11.79,1440271246211,"14,093",100% bearish,of 1 rating,$15.50
CBLI,$3.82,1440271246250,"47,562",60% bullish,of 5 ratings,N/A
CLVS,$72.68,1440271246302,"346,682",60% bullish,of 5 ratings,$101.50
CCNE,$17.08,1440271246331,"21,997",50% bullish,of 2 ratings,$21.50
CME,$91.629,1440271246352,"3,306,208",67% bullish,of 3 ratings,$102
CNV,$4.72,1440271246483,"20,202",50% bullish,of 2 ratings,$7.15
CISG,$7.78,1440271246567,"151,935",100% bullish,of 5 ratings,$10
COBZ,$13,1440271246624,"155,494",100% bullish,of 1 rating,$14
COKE,$154.15,1440271246645,"30,930",79% bullish,of 19 ratings,N/A
CWAY,$11.36,1440271246677,502,Not yet rated,NULL,N/A
CDXS,$3.96,1440271246698,"51,237",64% bullish,of 11 ratings,$6
CDRB,$11.18,1440271246737,"11,033",67% bullish,of 3 ratings,N/A
CVLY,$20.55,1440271246859,"8,047",Not yet rated,NULL,N/A
CCOI,$28.31,1440271246956,"322,021",50% bullish,of 4 ratings,$35
JVA,$4.57,1440271246982,"28,204",83% bullish,of 6 ratings,$7
CGNT,$1.66,1440271247058,"34,162",100% bullish,of 2 ratings,$2
CHRS,$29.87,1440271247189,"170,994",67% bearish,of 3 ratings,$37
COHU,$9.89,1440271247254,"271,999",100% bearish,of 1 rating,$14.25
CGNX,$35.7,1440271247322,"695,000",50% bullish,of 2 ratings,$47
CTSH,$62.85,1440271247352,"3,763,692",90% bullish,of 10 ratings,$75
COHR,$57.2,1440271247374,"130,953",50% bullish,of 2 ratings,$72
CLRX,$0.4901,1440271247395,"59,544",50% bullish,of 2 ratings,N/A
COLL,$15.25,1440271247435,"33,838",100% bearish,of 1 rating,$26
CLCT,$18.06,1440271247457,"74,153",100% bearish,of 1 rating,N/A
CLCD,$6.91,1440271247590,"23,570",100% bearish,of 1 rating,$20.50
CIGI,$44.35,1440271247718,"9,835",100% bearish,of 1 rating,$52
CBAN,$8.95,1440271247744,520,Not yet rated,NULL,N/A
COLB,$31.17,1440271247814,"236,131",Not yet rated,NULL,$36
COLM,$62.63,1440271247898,"170,550",100% bearish,of 1 rating,$71
CBMX,$1.21,1440271247943,"39,549",83% bullish,of 6 ratings,$3.15
CMCO,$19.42,1440271248078,"118,644",60% bullish,of 5 ratings,$28
CBSHP,$25.25,1440271248210,"1,462",100% bearish,of 1 rating,N/A
CBSH,$45.3446,1440271248237,"380,222",50% bullish,of 2 ratings,$46
CMCSA,$56.78,1440271248272,"15,010,891",66% bullish,of 35 ratings,$69.50
CMCSK,$57.64,1440271248311,"4,128,285",Not yet rated,NULL,$84
CUBN,$13.6,1440271248371,"2,416",Not yet rated,NULL,N/A
CSAL,$20.6075,1440271248399,"718,045",75% bullish,of 4 ratings,$30
CVGI,$4.69,1440271248475,"105,073",50% bullish,of 2 ratings,$6
COMM,$29.31,1440271248534,"1,032,402",67% bearish,of 3 ratings,$35
JCS,$9.21,1440271248581,626,67% bullish,of 3 ratings,N/A
ESXB,$5.12,1440271248710,"12,099",Not yet rated,NULL,N/A
CYHHZ,$0.011,1440271248778,"5,341",100% bullish,of 1 rating,N/A
CTBI,$34.8,1440271248810,"47,075",Not yet rated,NULL,$36
CWBC,$6.78,1440271248911,"5,828",Not yet rated,NULL,N/A
COB,$10.42,1440271248939,"21,470",100% bullish,of 1 rating,$11.75
CVLT,$36.34,1440271248970,"370,999",75% bullish,of 4 ratings,$44.50
CIL,$33.53,1440271248996,500,Not yet rated,NULL,N/A
CIZ,$33.33,1440271249041,"5,278",100% bearish,of 1 rating,N/A
CID,$33.93,1440271249130,300,Not yet rated,NULL,N/A
CSA,$33.32,1440271249168,"2,560",Not yet rated,NULL,N/A
CDC,$35.22,1440271249232,"23,106",Not yet rated,NULL,N/A
CSF,$36.84,1440271249260,"5,120",100% bearish,of 1 rating,N/A
CDL,$34.42,1440271249405,"7,600",Not yet rated,NULL,N/A
CFO,$35.7,1440271249437,"16,998",100% bearish,of 1 rating,N/A
CFA,$35.77,1440271249464,"2,458",100% bearish,of 1 rating,N/A
CSB,NULL,1440271249540,0,Not yet rated,NULL,N/A
CPSI,$45.08,1440271249615,"89,664",100% bearish,of 1 rating,$45.50
CGEN,$5.15,1440271249644,"114,352",50% bullish,of 2 ratings,$11
CHCI,$0.6,1440271249747,"23,882",50% bullish,of 2 ratings,N/A
CTG,$6.63,1440271249773,"46,409",100% bearish,of 1 rating,$8.50
SCOR,$56.5,1440271249902,"463,584",100% bearish,of 1 rating,$66
CNSI,$18.79,1440271249927,"160,869",100% bearish,of 2 ratings,$29
CNCE,$15.39,1440271249960,"221,475",75% bullish,of 4 ratings,$22
CMTL,$26.49,1440271250062,"90,800",100% bearish,of 2 ratings,$37
CNAT,$4,1440271250116,"134,269",83% bullish,of 6 ratings,$13
CCUR,$5.18,1440271250145,"18,754",75% bullish,of 4 ratings,N/A
CXRX,$71.01,1440271250172,"3,584",Not yet rated,NULL,$90
CDORO,NULL,1440271250305,0,100% bearish,of 1 rating,N/A
CDOR,$1.47,1440271250335,"5,359",100% bullish,of 1 rating,N/A
CDORP,$6.7921,1440271250366,800,100% bearish,of 1 rating,N/A
CFMS,$21.32,1440271250433,"241,608",Not yet rated,NULL,$27
CNFR,$10.42,1440271250466,"16,866",Not yet rated,NULL,N/A
CTWS,$35.1,1440271250564,"49,177",100% bearish,of 1 rating,$44
CNMD,$54.8,1440271250591,"186,789",Not yet rated,NULL,$59
CNOB,$19.5,1440271250660,"153,863",100% bullish,of 1 rating,$23.50
CNXR,$6.26,1440271250725,"22,458",100% bearish,of 1 rating,$12
CNSL,$20.06,1440271250791,"235,939",100% bearish,of 1 rating,$23
CONN,$31.23,1440271250821,"383,835",67% bullish,of 3 ratings,$48.50
CWCO,$10.65,1440271250851,"129,607",67% bullish,of 3 ratings,$14.50
CTCT,$24.27,1440271250926,"286,115",67% bullish,of 3 ratings,$37
CPSS,$5.64,1440271251031,"88,625",100% bullish,of 1 rating,$10
CFRXW,$1.87,1440271251064,"4,588",100% bearish,of 1 rating,N/A
CFRX,$5.14,1440271251093,"29,285",Not yet rated,NULL,$14
CFRXZ,$0.531,1440271251123,"2,550",Not yet rated,NULL,N/A
CTRV,$3.55,1440271251202,"57,680",Not yet rated,NULL,$6.40
CTRL,$7.91,1440271251232,"125,610",50% bullish,of 2 ratings,$11
CPRT,$34.5858,1440271251308,"275,415",67% bearish,of 3 ratings,$40
CRBP,$2.13,1440271251437,"925,466",100% bullish,of 2 ratings,$6.25
BVA,$3.75,1440271251462,"3,794",50% bullish,of 2 ratings,N/A
CORE,$59.8,1440271251521,"94,606",100% bearish,of 1 rating,$72
CORT,$4.57,1440271251547,"394,867",67% bullish,of 3 ratings,$12
CORI,$10.8,1440271251679,"63,491",100% bearish,of 1 rating,$18
CSOD,$36.95,1440271251710,"368,582",50% bullish,of 2 ratings,$42
COSI,$1.11,1440271251818,"87,642",100% bullish,of 1 rating,N/A
ICBK,$18.6,1440271251851,402,Not yet rated,NULL,$21
CSGP,$181.61,1440271251872,"73,784",50% bullish,of 2 ratings,$235
CRVL,$32.1,1440271251902,"47,501",100% bearish,of 1 rating,N/A
CPAH,$0.4625,1440271251959,"11,752",50% bullish,of 2 ratings,N/A
CVTI,$22.53,1440271252203,"149,049",67% bearish,of 3 ratings,$39
COST,$139.357,1440271252268,"2,522,098",79% bullish,of 24 ratings,$154.50
COVS,$2.56,1440271252293,"72,882",67% bullish,of 3 ratings,N/A
COWN,$5.1,1440271252320,"839,094",75% bullish,of 4 ratings,$7
COWNL,$27.19,1440271252341,"3,700",Not yet rated,NULL,N/A
CPSH,$2.36,1440271252495,300,Not yet rated,NULL,N/A
CBRL,$143.9027,1440271252568,"281,725",50% bullish,of 2 ratings,$155
CRAI,$22.39,1440271252629,"55,819",Not yet rated,NULL,$36
CRAY,$20.49,1440271252656,"284,812",83% bullish,of 6 ratings,$38.50
BREW,$7.3,1440271252730,"59,792",67% bullish,of 6 ratings,$15
GLDI,$11.09,1440271252792,"41,785",100% bearish,of 1 rating,N/A
SLVO,$10.46,1440271252819,"9,370",100% bearish,of 1 rating,N/A
CACC,$192.85,1440271252869,"121,732",50% bullish,of 2 ratings,$158.50
CRESY,$10.29,1440271252899,"38,860",100% bearish,of 1 rating,$19
CREE,$25.45,1440271253000,"1,082,980",65% bullish,of 17 ratings,$29.50
CRTO,$43.49,1440271253142,"541,309",67% bullish,of 6 ratings,$64
CROX,$14.19,1440271253172,"1,360,754",63% bullish,of 8 ratings,$16.50
CCRN,$14.41,1440271253238,"188,998",100% bearish,of 1 rating,$14.25
CRDS,$1.05,1440271253268,"13,476",50% bullish,of 4 ratings,$4.50
CRWN,$4.56,1440271253303,"130,545",75% bullish,of 4 ratings,N/A
CRWS,$8.03,1440271253437,"2,485",Not yet rated,NULL,$10
CSGS,$31.06,1440271253492,"172,648",Not yet rated,NULL,$40
CYRXW,$0.86,1440271253523,"41,500",Not yet rated,NULL,N/A
CCLP,$13.8063,1440271253568,"64,248",67% bearish,of 3 ratings,$21
CSPI,$6.18,1440271253593,"3,803",67% bullish,of 3 ratings,N/A
CYRX,$2.88,1440271253626,"35,137",Not yet rated,NULL,$9
CTIC,$1.68,1440271253729,"1,708,372",84% bullish,of 76 ratings,$5.75
CTCM,$1.71,1440271253756,"372,018",80% bearish,of 5 ratings,$3.90
CTIB,NULL,1440271253827,0,100% bearish,of 1 rating,N/A
CTRP,$64.2374,1440271253971,"1,571,691",75% bullish,of 8 ratings,$92
CUNB,$22.03,1440271254017,"49,607",Not yet rated,NULL,$24.50
CUI,$4.8908,1440271254100,"121,551",50% bullish,of 2 ratings,$10
CMLS,$1.3,1440271254143,"970,308",50% bullish,of 4 ratings,$6
CPIX,$5.87,1440271254185,"3,515",Not yet rated,NULL,N/A
CRIS,$2.57,1440271254229,"442,411",100% bullish,of 8 ratings,$6
CUTR,$14.4,1440271254258,"57,497",67% bearish,of 3 ratings,$18
CVBF,$16.66,1440271254279,"658,942",Not yet rated,NULL,$18
CYAN,$7.3,1440271254415,"5,900",100% bearish,of 1 rating,N/A
CVV,$11.44,1440271254442,"25,260",100% bullish,of 5 ratings,N/A
CYBX,$66.48,1440271254595,"561,566",50% bullish,of 4 ratings,$70
CYBR,$51.5,1440271254622,"2,002,023",86% bullish,of 7 ratings,$66
CYCC,$0.5699,1440271254680,"125,541",73% bullish,of 11 ratings,N/A
CYBE,$5.96,1440271254752,"9,802",100% bearish,of 1 rating,N/A
CYCCP,NULL,1440271254781,0,100% bearish,of 1 rating,N/A
CBAY,$2.69,1440271254887,"42,788",100% bullish,of 1 rating,$4
CYNA,$16.08,1440271254919,"23,175",100% bullish,of 1 rating,$31.50
CYNO,$31.99,1440271254948,"242,311",67% bearish,of 3 ratings,$45.50
CYRN,$1.64,1440271254974,"253,906",67% bullish,of 3 ratings,$4
CY,$9.447,1440271255027,"3,384,357",80% bullish,of 10 ratings,$15.50
CYTK,$6.54,1440271255113,"193,233",71% bullish,of 14 ratings,$13.50
CONE,$32.98,1440271255220,"454,437",67% bearish,of 3 ratings,$35
CYTX,$0.375,1440271255250,"766,187",83% bullish,of 12 ratings,$5.50
CTSO,$6.95,1440271255351,"54,249",Not yet rated,NULL,$15.625
CYTR,$2.18,1440271255506,"755,510",67% bullish,of 6 ratings,$10
TVIZ,$14.69,1440271255533,"3,240",100% bearish,of 1 rating,N/A
TVIX,$8.99,1440271255554,"19,877,376",81% bullish,of 16 ratings,N/A
DAEG,$0.3443,1440271255589,"4,306",100% bearish,of 1 rating,N/A
XIV,$36.2,1440271255687,"25,218,869",75% bearish,of 4 ratings,N/A
ZIV,$46.57,1440271255715,"149,070",Not yet rated,NULL,N/A
DARA,$0.9,1440271255881,"39,987",83% bullish,of 6 ratings,$1.50
DJCO,$197.2,1440271255918,"1,966",Not yet rated,NULL,N/A
DTLK,$5.5,1440271255951,"91,469",100% bearish,of 1 rating,$9
DAIO,$2.55,1440271256009,"4,354",Not yet rated,NULL,N/A
DRAM,$1.4,1440271256037,"5,900",78% bullish,of 9 ratings,N/A
DAKT,$11.7,1440271256063,"198,964",50% bullish,of 2 ratings,$14
DWCH,$4.97,1440271256102,"77,045",75% bullish,of 4 ratings,$8.25
PLAY,$34.47,1440271256275,"228,236",100% bullish,of 5 ratings,$42
DWSN,$4.02,1440271256338,"44,331",67% bullish,of 3 ratings,$6
DBVT,$39.13,1440271256407,"112,606",100% bearish,of 1 rating,$53
DTEA,$13.49,1440271256439,"126,308",100% bearish,of 2 ratings,$24
TRAK,$62.93,1440271256489,"1,034,755",50% bullish,of 2 ratings,$62.50
DHRM,$1.68,1440271256684,"4,586",Not yet rated,NULL,N/A
TACO,$13.13,1440271256710,"216,919",100% bullish,of 3 ratings,$20
DCTH,$0.48,1440271256767,"110,038",78% bullish,of 9 ratings,N/A
DFRG,$14.75,1440271256838,"199,012",100% bearish,of 1 rating,$20
TACOW,$4.01,1440271256864,"3,651",100% bullish,of 1 rating,N/A
DGAS,$20.24,1440271256931,"1,955",67% bearish,of 3 ratings,N/A
DELT,$2.59,1440271256995,"2,349",Not yet rated,NULL,N/A
DELTW,NULL,1440271257023,0,Not yet rated,NULL,N/A
DENN,$11.6,1440271257051,"551,633",100% bullish,of 3 ratings,$15
XRAY,$53.63,1440271257224,"910,051",100% bullish,of 1 rating,$58
DEPO,$28.75,1440271257402,"1,112,213",60% bullish,of 5 ratings,$29
DSCI,$6.45,1440271257432,"49,351",50% bullish,of 2 ratings,$16
DERM,$24.15,1440271257466,"253,637",100% bearish,of 1 rating,$33.50
DXLG,$4.5,1440271257535,"65,758",100% bearish,of 1 rating,$8
DXCM,$89.9992,1440271257563,"957,976",57% bullish,of 7 ratings,$98
DSWL,$1.75,1440271257588,"10,432",100% bullish,of 1 rating,N/A
DEST,$11.83,1440271257613,"39,808",50% bullish,of 2 ratings,N/A
DMND,$30.41,1440271257785,"181,308",75% bullish,of 12 ratings,$32
DHIL,$190.8,1440271257815,"18,491",Not yet rated,NULL,N/A
DHXM,NULL,1440271257856,0,Not yet rated,NULL,N/A
FANG,$66.542,1440271257914,"1,043,554",50% bullish,of 2 ratings,$86
DXM,$0.32,1440271257946,"22,270",50% bullish,of 2 ratings,N/A
DRNA,$10.34,1440271258017,"90,197",67% bearish,of 3 ratings,$25
DCIX,$1.74,1440271258047,"92,529",50% bullish,of 4 ratings,$3.50
DGII,$9.95,1440271258148,"78,052",100% bearish,of 1 rating,$10
DGLY,$6.75,1440271258340,"241,709",50% bullish,of 6 ratings,$20
DMRC,$36.52,1440271258387,"70,922",100% bearish,of 1 rating,$44
DCOM,$16.82,1440271258478,"156,270",100% bearish,of 2 ratings,$16.50
DIOD,$19.31,1440271258506,"281,801",75% bearish,of 4 ratings,$24
DRAD,$3.88,1440271258536,"12,681",100% bullish,of 1 rating,$5.25
DISCA,$27.1,1440271258557,"3,037,195",67% bullish,of 3 ratings,$34
DPRX,$11.95,1440271258592,"18,525",100% bullish,of 2 ratings,$27.75
APPS,$2.36,1440271258685,"204,374",100% bearish,of 1 rating,$10.25
DISCK,$25.9869,1440271258770,"2,884,033",100% bearish,of 1 rating,$32
DSCO,$0.4055,1440271258968,"156,711",83% bullish,of 6 ratings,$2.75
DISH,$60.9427,1440271258999,"1,735,171",69% bullish,of 13 ratings,$73
DISCB,NULL,1440271259026,0,100% bearish,of 1 rating,$35
BAGR,$3.01,1440271259053,"16,511",100% bearish,of 1 rating,$6
DVCR,$10.25,1440271259099,"18,982",100% bullish,of 1 rating,N/A
DLTR,$76.3408,1440271259367,"2,448,980",82% bullish,of 11 ratings,$88
DGICA,$14.4,1440271259455,"16,557",100% bearish,of 1 rating,$17
DNBF,$27.15,1440271259488,"8,727",Not yet rated,NULL,$27.50
DMLP,$13.9,1440271259548,"47,201",100% bearish,of 1 rating,N/A
DLHC,$2.5,1440271259569,"6,270",100% bearish,of 1 rating,N/A
DGICB,NULL,1440271259591,0,100% bearish,of 1 rating,N/A
HILL,$9.69,1440271259612,"2,314,246",60% bearish,of 5 ratings,$9.75
DORM,$49.7,1440271259656,"307,182",100% bearish,of 1 rating,$56
DWA,$19.0777,1440271259869,"879,680",63% bullish,of 8 ratings,$26
DRWIW,$0.0589,1440271259895,"1,581",Not yet rated,NULL,N/A
DRYS,$0.357,1440271259928,"1,482,398",77% bullish,of 31 ratings,$.60
DRWI,$0.2625,1440271260129,"193,656",60% bullish,of 5 ratings,$.45
DSKX,$3.44,1440271260160,"117,971",100% bullish,of 1 rating,N/A
CADT,$10.02,1440271260190,206,Not yet rated,NULL,N/A
DSPG,$8.595,1440271260216,"67,339",100% bearish,of 1 rating,$13.50
CADTR,NULL,1440271260255,0,Not yet rated,NULL,N/A
CADTW,NULL,1440271260288,0,Not yet rated,NULL,N/A
DNKN,$49.874,1440271260354,"1,291,182",67% bullish,of 15 ratings,$56.50
CADTU,NULL,1440271260383,0,Not yet rated,NULL,N/A
DXPE,$28.59,1440271260489,"166,279",50% bullish,of 2 ratings,N/A
DTSI,$26.055,1440271260560,"125,141",100% bearish,of 2 ratings,$39.50
DRRX,$1.99,1440271260689,"346,049",50% bullish,of 6 ratings,$3
BOOM,$9.64,1440271260717,"57,962",67% bullish,of 3 ratings,$12
DYAX,$22.55,1440271260738,"854,965",89% bullish,of 9 ratings,$30
DYSL,$1.55,1440271260936,"180,829",100% bullish,of 2 ratings,N/A
ETFC,$25.3,1440271260966,"2,489,422",57% bullish,of 14 ratings,$33
DVAX,$27.73,1440271261026,"350,077",70% bullish,of 10 ratings,$40
EBMT,$11.53,1440271261069,"19,207",Not yet rated,NULL,$13.50
EGBN,$42.84,1440271261098,"89,593",Not yet rated,NULL,$48
EGRX,$65.38,1440271261167,"389,557",67% bullish,of 3 ratings,$97
EROC,$1.1,1440271261306,"356,235",50% bullish,of 2 ratings,$3
EWBC,$41.405,1440271261364,"1,077,281",100% bearish,of 1 rating,$50
DYNT,$2.86,1440271261408,"3,600",75% bullish,of 4 ratings,N/A
EGLE,$6,1440271261458,"60,394",60% bullish,of 5 ratings,N/A
ELNK,$8.58,1440271261498,"814,740",60% bullish,of 5 ratings,$9.50
EACQU,NULL,1440271261526,0,Not yet rated,NULL,N/A
EML,$16.81,1440271261662,"6,029",Not yet rated,NULL,N/A
EBIX,$28.05,1440271261795,"477,773",69% bullish,of 13 ratings,$40
ELON,$0.545,1440271261821,"64,729",50% bullish,of 2 ratings,N/A
ECHO,$24.82,1440271261862,"412,036",67% bearish,of 3 ratings,$35.50
EVBS,$6.45,1440271261889,"6,522",Not yet rated,NULL,$7
ECTE,$1.63,1440271261950,"78,541",75% bullish,of 4 ratings,N/A
EBAY,$25.613,1440271261976,"13,096,604",81% bullish,of 117 ratings,$48
EEI,$11.09,1440271262041,"4,741",67% bearish,of 3 ratings,N/A
SATS,$45.42,1440271262106,"155,588",50% bullish,of 2 ratings,$60
ECACU,$10.1,1440271262239,"1,738",Not yet rated,NULL,N/A
EDAP,$3.085,1440271262310,"136,353",60% bullish,of 5 ratings,$4.50
ESES,$3.45,1440271262370,"8,309",100% bearish,of 1 rating,$7
EDGW,$7.14,1440271262527,"35,959",100% bearish,of 1 rating,N/A
EGLT,$11.42,1440271262560,"23,570",50% bullish,of 2 ratings,$21
EFUT,NULL,1440271262589,0,Not yet rated,NULL,N/A
EHTH,$14.08,1440271262615,"414,120",50% bullish,of 4 ratings,$16.50
EDUC,$4.59,1440271262658,"7,183",100% bearish,of 1 rating,N/A
EGAN,$3.47,1440271262685,"10,092",50% bullish,of 2 ratings,$6.25
LOCO,$12.26,1440271262816,"1,085,303",69% bullish,of 13 ratings,$20
ESLT,$80.34,1440271262864,"5,018",100% bullish,of 2 ratings,N/A
ERI,$9.6,1440271262956,"124,258",100% bearish,of 1 rating,$10
EMITF,$1.29,1440271263011,"7,100",75% bullish,of 4 ratings,N/A
ELRC,$10.65,1440271263052,"75,948",100% bearish,of 1 rating,N/A
ESIO,$4.58,1440271263081,"42,139",50% bullish,of 2 ratings,$10
EA,$66.47,1440271263109,"3,731,767",77% bullish,of 35 ratings,$80
EFII,$43.93,1440271263242,"255,202",80% bullish,of 5 ratings,$55
ELSE,$4.02,1440271263342,"1,000",60% bullish,of 5 ratings,N/A
ELECU,NULL,1440271263442,0,Not yet rated,NULL,N/A
RDEN,$10.38,1440271263511,"93,838",100% bearish,of 4 ratings,$15
ELECW,NULL,1440271263538,0,Not yet rated,NULL,N/A
EBIO,$3.39,1440271263569,"858,193",100% bearish,of 2 ratings,$8.35
ESBK,$19.8,1440271263666,879,Not yet rated,NULL,N/A
ELEC,NULL,1440271263709,0,Not yet rated,NULL,N/A
LONG,$17.39,1440271263741,"18,568",67% bullish,of 3 ratings,$15.75
CAPX,$22.63,1440271263846,"1,168",Not yet rated,NULL,N/A
ELTK,$1.04,1440271263878,"51,304",67% bearish,of 3 ratings,N/A
EMCI,$23,1440271263988,"15,824",Not yet rated,NULL,N/A
EMCF,NULL,1440271264039,0,100% bearish,of 1 rating,N/A
EMKR,$7.16,1440271264090,"129,455",75% bullish,of 4 ratings,$8.50
EMMS,$1.28,1440271264115,"12,299",67% bullish,of 6 ratings,N/A
NYNY,$4.06,1440271264264,"74,163",50% bullish,of 2 ratings,N/A
EMMSP,$3.25,1440271264289,400,100% bearish,of 1 rating,N/A
ERS,$2.86,1440271264363,"1,336",Not yet rated,NULL,N/A
ECPG,$39.21,1440271264496,"126,955",100% bullish,of 2 ratings,$52
ENDP,$76.6008,1440271264525,"2,114,082",50% bullish,of 6 ratings,$104
ECYT,$5.2,1440271264552,"252,908",83% bullish,of 6 ratings,$12
ENTA,$40.22,1440271264574,"172,455",50% bullish,of 2 ratings,$42
WIRE,$32.7,1440271264605,"124,660",100% bearish,of 1 rating,$37
ELGX,$13.15,1440271264744,"557,451",75% bullish,of 4 ratings,$17
EIGI,$15.18,1440271264842,"788,018",67% bearish,of 3 ratings,$22.50
EFOI,$15.8,1440271264875,"328,386",50% bullish,of 2 ratings,$20.50
ERII,$2.89,1440271264906,"84,939",80% bullish,of 5 ratings,$2.50
WATT,$6.74,1440271264932,"109,967",50% bullish,of 2 ratings,$13
ENOC,$8.08,1440271264972,"211,114",75% bullish,of 4 ratings,$18
EXXI,$1.44,1440271265001,"1,757,742",86% bullish,of 7 ratings,$3.50
ENG,$1.02,1440271265132,"5,407",100% bullish,of 3 ratings,N/A
ENFC,$18.34,1440271265262,"2,236",Not yet rated,NULL,N/A
ENPH,$4.42,1440271265300,"567,322",75% bullish,of 4 ratings,$11
ESGR,$151,1440271265329,"69,547",100% bearish,of 1 rating,$185
ENTL,$21.44,1440271265356,"15,857",Not yet rated,NULL,$28
ENTG,$13.72,1440271265386,"439,650",100% bearish,of 1 rating,$18
EBTC,$20.07,1440271265490,"8,123",Not yet rated,NULL,N/A
ETRM,$0.2331,1440271265569,"441,727",69% bearish,of 35 ratings,$1.625
EFSC,$24.75,1440271265635,"69,838",Not yet rated,NULL,$27
ENZN,$1,1440271265703,"766,555",100% bullish,of 9 ratings,N/A
EGT,$2.09,1440271265731,"1,500",100% bullish,of 1 rating,N/A
ENVI,$1.85,1440271265762,"15,528",67% bullish,of 3 ratings,N/A
ENZY,$8.98,1440271265892,"9,946",67% bullish,of 3 ratings,$9.50
EPIQ,$13.87,1440271265918,"92,324",100% bearish,of 1 rating,$18
EPRS,$4.76,1440271265991,"74,298",82% bullish,of 11 ratings,$15
EPZM,$15.93,1440271266127,"285,509",60% bullish,of 5 ratings,$34
PLUS,$77.81,1440271266157,"952,339",50% bullish,of 2 ratings,$88
EQFN,$8.3,1440271266190,300,Not yet rated,NULL,N/A
EQIX,$273,1440271266239,"589,444",75% bullish,of 4 ratings,$312.50
EAC,$3.67,1440271266283,"15,388",100% bearish,of 1 rating,$8
ERIC,$9.83,1440271266309,"2,368,815",63% bullish,of 8 ratings,$12.20
ESCR,$0.14,1440271266464,"63,314",50% bullish,of 2 ratings,N/A
ESCA,$18.35,1440271266495,"25,641",100% bearish,of 1 rating,$22
ERIE,$84.5099,1440271266527,"26,146",Not yet rated,NULL,$73
ESCRP,$1.65,1440271266595,"5,017",100% bearish,of 1 rating,N/A
ESSA,$12.45,1440271266629,"16,679",100% bearish,of 1 rating,N/A
ESPR,$54.47,1440271266730,"1,355,738",67% bearish,of 9 ratings,$123
ESMC,$1.33,1440271266762,502,Not yet rated,NULL,N/A
EPIX,$6.1,1440271266860,"1,200",Not yet rated,NULL,N/A
ESND,$35.095,1440271266889,"147,368",100% bearish,of 2 ratings,$40
ESSX,$0.5249,1440271266988,"6,504",50% bullish,of 2 ratings,N/A
EEFT,$64.81,1440271267051,"236,603",100% bearish,of 1 rating,$67.50
CLWT,NULL,1440271267082,0,100% bearish,of 1 rating,N/A
EVK,$3.74,1440271267218,982,75% bearish,of 4 ratings,N/A
ETSY,$13.46,1440271267254,"796,058",80% bullish,of 5 ratings,$16
EVEP,$7.26,1440271267276,"294,425",50% bullish,of 2 ratings,$15
ESEA,$6.15,1440271267310,"3,082",100% bullish,of 1 rating,$15
EVOK,$4,1440271267347,"114,285",100% bearish,of 1 rating,$13.375
EVLV,$2.14,1440271267412,"85,207",60% bullish,of 5 ratings,$6.50
EXA,$10.73,1440271267543,"22,120",100% bearish,of 1 rating,$13
EVOL,$5.85,1440271267579,"13,690",75% bullish,of 4 ratings,$10
EXAS,$20.31,1440271267612,"1,234,918",78% bullish,of 9 ratings,$31
EXEL,$5.25,1440271267708,"5,463,517",81% bullish,of 16 ratings,$6
EXAC,$18.17,1440271267733,"136,951",100% bearish,of 1 rating,$22.50
EXPD,$48.2,1440271267873,"1,810,722",80% bullish,of 5 ratings,$51.50
EXFO,$2.9,1440271267895,"3,300",67% bearish,of 3 ratings,$3.95
EXPE,$114.6,1440271267931,"1,238,899",64% bullish,of 11 ratings,$130
EXLS,$36.55,1440271267953,"207,530",100% bullish,of 1 rating,$41
EXPO,$42.83,1440271267984,"146,412",100% bearish,of 1 rating,$45.50
ESRX,$84.81,1440271268024,"5,163,905",67% bearish,of 6 ratings,$101
EXTR,$2.85,1440271268121,"805,798",80% bullish,of 5 ratings,$3
EYEGW,$1.24,1440271268397,800,Not yet rated,NULL,N/A
EXLP,$18.2,1440271268424,"94,863",100% bearish,of 1 rating,$27
EZCH,$21.4963,1440271268446,"127,057",75% bullish,of 8 ratings,$19.50
EYEG,$4.17,1440271268476,"19,980",Not yet rated,NULL,N/A
FFIV,$122.51,1440271268610,"846,241",63% bullish,of 8 ratings,$132
FB,$85.88,1440271268637,"39,696,768",73% bullish,of 1066 ratings,$111
EZPW,$6.08,1440271268670,"351,949",50% bullish,of 4 ratings,$7.50
FRP,$16.9,1440271268766,"50,706",100% bearish,of 1 rating,$18
FWM,$2.25,1440271268792,"178,419",100% bearish,of 2 ratings,$3.20
FCS,$13.14,1440271268821,"1,086,086",67% bearish,of 3 ratings,$17
FALC,$1.65,1440271268843,"10,845",63% bearish,of 8 ratings,N/A
FARM,$22.62,1440271268983,"21,053",100% bearish,of 1 rating,$35
DAVE,$14.36,1440271269010,"19,659",100% bearish,of 1 rating,$15.50
FFKT,$26.79,1440271269046,"20,439",Not yet rated,NULL,$29
FMNB,$8.03,1440271269140,"3,562",Not yet rated,NULL,N/A
FARO,$38.92,1440271269213,"118,530",50% bullish,of 2 ratings,$48
FAST,$39.1,1440271269346,"3,000,801",80% bullish,of 5 ratings,$46
FATE,$6.24,1440271269409,"82,980",50% bullish,of 2 ratings,$11
FBSS,NULL,1440271269447,0,Not yet rated,NULL,N/A
FNHC,$21.92,1440271269479,"80,132",100% bearish,of 1 rating,$35
FBRC,$22.24,1440271269507,"44,108",100% bearish,of 1 rating,$29
FEIC,$77.57,1440271269589,"344,496",50% bullish,of 2 ratings,$95.50
FDML,$8.96,1440271269610,"230,349",50% bullish,of 4 ratings,$14
FHCO,$1.43,1440271269693,"18,402",50% bullish,of 4 ratings,N/A
FCSC,$5.86,1440271269758,"212,270",100% bearish,of 1 rating,$8.125
FENX,$9.84,1440271269784,"59,141",100% bullish,of 1 rating,$14.25
FGEN,$22.96,1440271269847,"374,029",100% bearish,of 1 rating,$39
LION,$19.31,1440271269930,"108,630",100% bullish,of 1 rating,$20
ONEQ,$185.63,1440271269972,"41,902",100% bullish,of 1 rating,N/A
FDUS,$14.42,1440271269997,"64,363",100% bullish,of 1 rating,$18
FRGI,$51.57,1440271270195,"149,676",50% bullish,of 2 ratings,$70
FSAM,$8.56,1440271270326,"20,457",100% bearish,of 1 rating,$11
FSCFL,$24.7,1440271270352,"11,419",Not yet rated,NULL,N/A
FITBI,$27.68,1440271270375,"5,800",Not yet rated,NULL,N/A
FITB,$19.7,1440271270409,"7,100,591",54% bullish,of 13 ratings,$22
FSC,$6.42,1440271270431,"839,385",75% bullish,of 4 ratings,$8
FSFR,$8.92,1440271270460,"131,626",100% bearish,of 1 rating,$11.50
FISI,$24.77,1440271270509,"41,074",100% bullish,of 2 ratings,$24.50
FNGN,$33.616,1440271270639,"485,960",67% bullish,of 3 ratings,$47
FNSR,$15.33,1440271270670,"1,137,273",71% bullish,of 7 ratings,$24.50
FNTC,NULL,1440271270733,0,Not yet rated,NULL,N/A
FNTCU,NULL,1440271270766,0,Not yet rated,NULL,N/A
FNJN,$1.66,1440271270796,"15,161",100% bearish,of 1 rating,$5
FNTCW,NULL,1440271270866,0,Not yet rated,NULL,N/A
FEYE,$37,1440271271062,"7,331,774",87% bullish,of 15 ratings,$55.50
FBNC,$16.81,1440271271088,"59,972",100% bullish,of 1 rating,$20
FRBA,$6.02,1440271271125,611,Not yet rated,NULL,$8
FNLC,$18.46,1440271271162,"17,421",100% bullish,of 1 rating,N/A
BUSE,$6.37,1440271271264,"197,401",Not yet rated,NULL,$6.875
FBIZ,$44.04,1440271271294,"28,467",100% bearish,of 2 ratings,$52
FCVA,$4.75,1440271271320,"1,132",Not yet rated,NULL,N/A
FCFS,$38.15,1440271271454,"157,660",100% bearish,of 2 ratings,$48
FCNCA,$241.45,1440271271591,"17,885",Not yet rated,NULL,N/A
FCCO,$12.11,1440271271620,202,Not yet rated,NULL,$13.25
FCAP,$26.55,1440271271662,226,Not yet rated,NULL,N/A
FCLF,$9.08,1440271271687,55,Not yet rated,NULL,N/A
FCBC,$17.88,1440271271721,"60,860",Not yet rated,NULL,$18
FDEF,$38.3,1440271271815,"42,408",Not yet rated,NULL,$38
FCFP,$6.9,1440271271861,"2,500",Not yet rated,NULL,N/A
FBNK,$16.65,1440271271887,"60,146",100% bearish,of 1 rating,$17.50
FFBC,$18.76,1440271272052,"176,775",67% bearish,of 3 ratings,$20.25
FFNM,$6.32,1440271272085,"3,040",Not yet rated,NULL,N/A
FFIN,$31.1263,1440271272111,"286,801",50% bullish,of 2 ratings,$31.75
FFBCW,NULL,1440271272141,0,100% bearish,of 1 rating,N/A
THFF,$33.27,1440271272179,"47,577",Not yet rated,NULL,$35
INBK,$32.43,1440271272281,"13,595",50% bullish,of 2 ratings,$37
FFWM,$21.44,1440271272322,"10,014",Not yet rated,NULL,$24
FFNW,$12.46,1440271272349,"21,487",Not yet rated,NULL,$14
FRME,$25.47,1440271272509,"199,009",Not yet rated,NULL,$26.50
FIBK,$26.83,1440271272562,"83,623",Not yet rated,NULL,$32
FMBH,NULL,1440271272696,0,Not yet rated,NULL,N/A
FNFG,$9.2289,1440271272725,"1,658,831",80% bullish,of 5 ratings,$9
FNBC,$34.45,1440271272786,"116,074",Not yet rated,NULL,$41.50
FNWB,$12.08,1440271272819,"8,662",Not yet rated,NULL,N/A
FMBI,$17.84,1440271272852,"374,767",Not yet rated,NULL,$20
FSFG,$30.1754,1440271272918,729,Not yet rated,NULL,N/A
FSGI,$2.45,1440271273062,"4,889",Not yet rated,NULL,N/A
FBZ,NULL,1440271273146,0,Not yet rated,NULL,N/A
BICK,$19.6,1440271273191,"1,801",100% bullish,of 1 rating,N/A
FSLR,$45.5,1440271273245,"2,207,203",74% bullish,of 39 ratings,$65
FSBK,$7.93,1440271273279,"1,441",100% bullish,of 1 rating,N/A
FTCS,$36.65,1440271273300,"33,745",Not yet rated,NULL,N/A
FCAN,$24.47,1440271273328,964,Not yet rated,NULL,N/A
FCA,$20,1440271273354,"2,607",Not yet rated,NULL,N/A
IFV,$17.6,1440271273599,"2,040,199",100% bearish,of 1 rating,N/A
FV,$23.23,1440271273637,"4,139,653",Not yet rated,NULL,N/A
FEMB,NULL,1440271273670,0,Not yet rated,NULL,N/A
MDIV,$19.22,1440271273770,"565,706",Not yet rated,NULL,N/A
FTSM,$59.9,1440271273795,"20,701",100% bearish,of 1 rating,N/A
FEUZ,$30.69,1440271273825,"5,731",Not yet rated,NULL,N/A
TDIV,$24.46,1440271273929,"449,109",100% bearish,of 1 rating,N/A
HYLS,$49.21,1440271273960,"102,494",100% bearish,of 1 rating,N/A
FTHI,$19.4,1440271274061,"10,468",Not yet rated,NULL,N/A
FGM,$35.03,1440271274118,"69,317",Not yet rated,NULL,N/A
FHK,$32.72,1440271274146,"128,700",Not yet rated,NULL,N/A
FTGC,$22.05,1440271274178,"122,767",Not yet rated,NULL,N/A
FPXI,$27.51,1440271274310,"1,318",Not yet rated,NULL,N/A
YDIV,$16.62,1440271274339,"2,670",Not yet rated,NULL,N/A
SKYY,$28.68,1440271274507,"76,557",100% bullish,of 1 rating,N/A
CU,$12.76,1440271274587,"13,066",100% bearish,of 1 rating,N/A
PLTM,$6.66,1440271274612,"3,862",100% bearish,of 1 rating,N/A
FTLB,$19.28,1440271274760,"2,451",100% bearish,of 1 rating,N/A
FJP,$46.13,1440271274785,"49,025",Not yet rated,NULL,N/A
LMBS,$50.49,1440271274813,862,Not yet rated,NULL,N/A
QABA,$38.13,1440271274845,"44,503",100% bearish,of 1 rating,N/A
CIBR,$18.04,1440271274870,"162,032",Not yet rated,NULL,N/A
FMB,$51.195,1440271274947,"1,778",Not yet rated,NULL,N/A
FONE,$34.05,1440271275005,"1,800",Not yet rated,NULL,N/A
QCLN,$14.54,1440271275136,"17,473",Not yet rated,NULL,N/A
CARZ,$34.42,1440271275165,"11,011",100% bearish,of 1 rating,N/A
GRID,$33.62,1440271275196,834,100% bearish,of 1 rating,N/A
RDVY,$21.64,1440271275298,"318,269",Not yet rated,NULL,N/A
QQXT,$40.09,1440271275343,"60,503",Not yet rated,NULL,N/A
QQEW,$41.94,1440271275403,"313,108",Not yet rated,NULL,N/A
QTEC,$39.35,1440271275567,"147,804",Not yet rated,NULL,N/A
AIRR,$16.37,1440271275597,"9,058",100% bearish,of 1 rating,N/A
QINC,$20.71,1440271275624,"1,700",Not yet rated,NULL,N/A
FTSL,$48.8,1440271275663,"33,452",100% bearish,of 1 rating,N/A
FDIV,$47.59,1440271275691,"6,143",100% bearish,of 1 rating,N/A
FKO,$22.32,1440271275755,"3,700",Not yet rated,NULL,N/A
FSZ,$38.85,1440271275858,"76,690",Not yet rated,NULL,N/A
FTW,$29.425,1440271275890,"1,534",Not yet rated,NULL,N/A
FKU,$41.6,1440271275995,"86,339",Not yet rated,NULL,N/A
SVVC,$10.15,1440271276093,"36,001",100% bullish,of 1 rating,$26
TUSA,$25.08,1440271276130,"4,920",Not yet rated,NULL,N/A
FMER,$17.6579,1440271276155,"1,802,777",50% bullish,of 2 ratings,$20
FUNC,$8.33,1440271276193,"3,636",Not yet rated,NULL,N/A
FSV,$31.87,1440271276361,"12,538",Not yet rated,NULL,$33.60
FIVE,$35.34,1440271276460,"409,909",75% bearish,of 4 ratings,$44
FISV,$84.87,1440271276502,"1,522,717",100% bearish,of 3 ratings,$90
FLKS,$13.13,1440271276530,"55,627",50% bullish,of 2 ratings,$27
FLML,$21.11,1440271276593,"134,027",50% bullish,of 2 ratings,$30
FIVN,$4.11,1440271276669,"185,266",100% bullish,of 1 rating,$8.50
SKOR,$50.52,1440271276699,"1,000",Not yet rated,NULL,N/A
FLXN,$24.39,1440271276808,"86,363",100% bearish,of 1 rating,$40
FPRX,$18.26,1440271276835,"303,751",50% bullish,of 2 ratings,$35
MBSD,NULL,1440271276862,0,Not yet rated,NULL,N/A
FLXS,$30.45,1440271276996,"36,609",100% bearish,of 2 ratings,N/A
FLEX,$10.51,1440271277071,"2,454,407",63% bullish,of 8 ratings,$12
FLDM,$12.54,1440271277154,"686,894",67% bearish,of 3 ratings,$21.50
FFIC,$20.38,1440271277201,"69,120",Not yet rated,NULL,$21
FLIR,$28.75,1440271277233,"720,631",100% bearish,of 1 rating,$38.50
FOMX,$9.79,1440271277254,"135,576",50% bullish,of 2 ratings,$23.50
FOGO,$18.84,1440271277292,"114,696",50% bullish,of 2 ratings,$25.50
FES,$0.92,1440271277335,"4,841",50% bullish,of 2 ratings,$1
FONR,$9.54,1440271277428,"18,526",100% bullish,of 1 rating,N/A
FORTY,$32.4,1440271277640,"4,710",Not yet rated,NULL,N/A
FORM,$6,1440271277666,"267,226",67% bullish,of 3 ratings,$10.50
FTNT,$42.98,1440271277694,"1,928,364",80% bullish,of 10 ratings,$52
FORR,$32.21,1440271277724,"52,356",Not yet rated,NULL,N/A
FBIO,$2.51,1440271277824,"188,268",83% bullish,of 6 ratings,N/A
FORD,$1.04,1440271277863,"120,974",50% bullish,of 2 ratings,N/A
FWRD,$46.8,1440271277892,"307,366",100% bearish,of 1 rating,$50
FWP,$25.67,1440271278020,"46,088",100% bearish,of 1 rating,$45
FOSL,$59.15,1440271278075,"1,014,809",50% bullish,of 4 ratings,$80
FOXF,$15.28,1440271278101,"65,653",100% bearish,of 1 rating,$19
FXCB,$17.3,1440271278135,"17,445",Not yet rated,NULL,$19
FMI,$21.61,1440271278166,"391,770",100% bearish,of 2 ratings,$27.50
FRAN,$10.24,1440271278187,"689,114",50% bullish,of 4 ratings,$15
FELE,$28.92,1440271278231,"341,251",50% bullish,of 4 ratings,$33
FREE,$0.43,1440271278461,"823,292",92% bullish,of 12 ratings,N/A
FRED,$14.505,1440271278496,"342,264",50% bullish,of 2 ratings,$16.50
FRPT,$13,1440271278594,"495,123",67% bearish,of 3 ratings,$23.50
FEIM,$11.17,1440271278620,"8,777",100% bearish,of 1 rating,N/A
RAIL,$20.87,1440271278655,"125,948",100% bearish,of 1 rating,$24.50
FTR,$5.2,1440271278685,"19,477,135",78% bullish,of 27 ratings,$6.25
FTRPR,$102.05,1440271278790,"61,829",100% bearish,of 1 rating,N/A
FSBW,$23.34,1440271278848,"2,300",Not yet rated,NULL,N/A
FRPH,$30.33,1440271278892,"14,572",100% bearish,of 1 rating,N/A
FCEL,$0.7366,1440271278954,"1,658,337",88% bullish,of 40 ratings,$2.65
FULL,$3.14,1440271279041,"56,049",67% bearish,of 3 ratings,$4.25
FTD,$29.45,1440271279070,"149,230",100% bearish,of 1 rating,$40
FSYS,$6.38,1440271279091,"45,792",67% bullish,of 3 ratings,$10
FTEK,$2.16,1440271279126,"40,018",75% bullish,of 4 ratings,N/A
FLL,$1.58,1440271279275,"14,473",75% bullish,of 4 ratings,$2.825
FULLL,$25.3,1440271279346,"2,099",Not yet rated,NULL,N/A
FULT,$12.4385,1440271279443,"1,361,369",100% bearish,of 1 rating,$13
FSNN,$2.61,1440271279553,"1,800",67% bullish,of 3 ratings,$6
FFHL,NULL,1440271279581,0,50% bullish,of 4 ratings,N/A
FXENP,$15.9,1440271279610,"2,740",100% bearish,of 1 rating,N/A
FXEN,$0.82,1440271279636,"170,889",75% bullish,of 4 ratings,$1.10
GK,$70.3,1440271279661,"83,887",Not yet rated,NULL,$78
WILC,$5.06,1440271279716,"5,946",100% bullish,of 2 ratings,N/A
GALTU,NULL,1440271279807,0,100% bearish,of 1 rating,N/A
GAIA,$5.86,1440271279842,"23,978",50% bullish,of 2 ratings,$8.50
GLPG,$61.54,1440271279948,"27,887",100% bullish,of 1 rating,$75
GALTW,NULL,1440271279979,0,100% bullish,of 1 rating,N/A
GALT,$1.99,1440271280013,"104,198",80% bullish,of 5 ratings,N/A
GLMD,$8.52,1440271280109,"7,887",67% bullish,of 3 ratings,$20.50
GALE,$1.34,1440271280134,"1,297,229",89% bullish,of 47 ratings,$4
GLPI,$31.6262,1440271280334,"495,016",100% bearish,of 1 rating,$37.50
GPIC,$11.09,1440271280411,8,100% bearish,of 1 rating,N/A
GRMN,$38.26,1440271280503,"1,619,493",50% bullish,of 6 ratings,$48
GGACR,NULL,1440271280529,0,100% bullish,of 1 rating,N/A
GGAC,NULL,1440271280586,0,100% bearish,of 1 rating,N/A
GGACW,$0.12,1440271280658,438,Not yet rated,NULL,N/A
GGACU,NULL,1440271280689,0,Not yet rated,NULL,N/A
GARS,$14.82,1440271280721,"25,735",Not yet rated,NULL,$16
GENC,$9.48,1440271280746,"1,326",100% bearish,of 1 rating,N/A
GNCMA,$16.75,1440271280791,"180,927",100% bearish,of 1 rating,$12
GFN,$3.59,1440271280851,"35,382",100% bearish,of 2 ratings,$8
GFNCP,NULL,1440271280916,0,Not yet rated,NULL,N/A
GFNSL,$25.8,1440271280995,"1,200",Not yet rated,NULL,N/A
GENE,$2.36,1440271281022,"148,645",100% bullish,of 12 ratings,N/A
GNCA,$12.48,1440271281174,"168,679",100% bearish,of 1 rating,$20
GNMK,$9.4,1440271281207,"146,170",67% bullish,of 6 ratings,$14
THRM,$44.01,1440271281309,"309,602",75% bearish,of 4 ratings,$55.50
GNVC,$2.24,1440271281335,"34,502",90% bullish,of 10 ratings,$8.50
GNTX,$15.0882,1440271281394,"1,731,017",Not yet rated,NULL,$20
GHDX,$25.37,1440271281464,"139,056",50% bullish,of 2 ratings,$30
GTWN,NULL,1440271281524,0,Not yet rated,NULL,N/A
GERN,$3.08,1440271281602,"2,161,517",88% bullish,of 16 ratings,$5.25
GEOS,$15.3,1440271281636,"116,850",100% bearish,of 3 ratings,$25.50
GABC,$29.73,1440271281736,"47,076",Not yet rated,NULL,$31.50
GEVO,$2.29,1440271281766,"240,735",75% bullish,of 12 ratings,$5
ROCK,$17.57,1440271281793,"235,847",80% bullish,of 5 ratings,$24
GIGM,$0.6,1440271281837,"112,719",100% bullish,of 2 ratings,N/A
GIGA,$1.42,1440271281966,"46,287",100% bearish,of 1 rating,N/A
GILT,$4.47,1440271282026,"2,023",50% bullish,of 2 ratings,N/A
GILD,$105.383,1440271282196,"15,611,252",91% bullish,of 87 ratings,$129
GIII,$64.77,1440271282229,"271,077",67% bullish,of 3 ratings,$75
GBCI,$26.4218,1440271282254,"334,049",50% bullish,of 2 ratings,$31
GLAD,$8.51,1440271282284,"155,251",50% bullish,of 2 ratings,$8.75
GLADO,$25.59,1440271282325,"3,000",Not yet rated,NULL,N/A
GOOD,$15.44,1440271282355,"98,286",Not yet rated,NULL,$19
GOODN,$25.64,1440271282485,426,Not yet rated,NULL,N/A
GOODO,$25.1,1440271282523,"1,266",Not yet rated,NULL,N/A
GAIN,$7.47,1440271282550,"246,309",100% bullish,of 2 ratings,$8.25
GAINN,$25.2379,1440271282614,150,Not yet rated,NULL,N/A
GOODP,$25.14,1440271282640,"1,250",Not yet rated,NULL,N/A
GAINP,$25.85,1440271282774,"3,950",Not yet rated,NULL,N/A
GAINO,$25.31,1440271282798,"1,726",Not yet rated,NULL,N/A
LAND,$9.5,1440271282827,"16,439",50% bullish,of 2 ratings,$13.75
GLBZ,NULL,1440271282928,0,Not yet rated,NULL,N/A
GPACU,$10.1,1440271283139,"2,854",Not yet rated,NULL,N/A
GBT,$45.75,1440271283169,"252,564",100% bearish,of 1 rating,N/A
GDEF,$10.5401,1440271283190,100,Not yet rated,NULL,N/A
GBLI,$26.25,1440271283226,"16,164",Not yet rated,NULL,N/A
ENT,$11.73,1440271283247,"196,363",100% bearish,of 1 rating,$18
ACTX,$13.25,1440271283327,600,100% bullish,of 1 rating,N/A
QQQC,$19.26,1440271283377,"4,950",100% bearish,of 1 rating,N/A
GSOL,$8.26,1440271283431,"15,789",100% bearish,of 1 rating,N/A
SOCL,$17.18,1440271283458,"100,120",100% bullish,of 2 ratings,N/A
ALTY,$14.587,1440271283592,700,Not yet rated,NULL,N/A
YLCO,$11.75,1440271283617,"1,235",Not yet rated,NULL,N/A
SRET,$13.6,1440271283752,"4,194",Not yet rated,NULL,N/A
GSM,$13.26,1440271283792,"403,098",50% bullish,of 2 ratings,$24.50
GAI,$5.27,1440271283817,"3,415",50% bullish,of 2 ratings,N/A
GBIM,$2.26,1440271283845,"43,964",50% bullish,of 2 ratings,N/A
GLRI,$1.1,1440271283981,"80,101",100% bearish,of 1 rating,$6
GLUU,$4.37,1440271284014,"2,317,587",92% bullish,of 26 ratings,$9
GLBS,$1.06,1440271284036,"10,500",67% bullish,of 3 ratings,N/A
GLYC,$7.26,1440271284125,"7,663",50% bullish,of 2 ratings,$14
GOGO,$15.48,1440271284170,"479,979",80% bullish,of 5 ratings,$25
GLNG,$35.44,1440271284199,"792,592",83% bullish,of 6 ratings,$58
GLDC,$4.13,1440271284223,"3,480",50% bullish,of 2 ratings,N/A
GMLP,$19.13,1440271284273,"137,734",50% bullish,of 4 ratings,$32.50
GDEN,$8.88,1440271284406,"11,961",50% bullish,of 2 ratings,N/A
GOGL,$2.92,1440271284537,"540,722",75% bullish,of 4 ratings,$5
GTIM,$6.47,1440271284638,"80,995",Not yet rated,NULL,$11.50
GOOG,$616,1440271284740,"2,256,491",90% bullish,of 68 ratings,$825
GMAN,$4.4,1440271284772,"71,999",60% bullish,of 5 ratings,$8
GOOGL,$647,1440271284883,"2,533,646",88% bullish,of 1079 ratings,$749
GPRO,$48.84,1440271284910,"5,811,963",78% bullish,of 58 ratings,$72
GPIAU,NULL,1440271284939,0,Not yet rated,NULL,N/A
GBDC,$16.5151,1440271284984,"145,009",Not yet rated,NULL,$17.75
GPIA,NULL,1440271285038,0,Not yet rated,NULL,N/A
GPIAW,NULL,1440271286770,0,Not yet rated,NULL,N/A
LOPE,$37.1955,1440271286857,"420,323",100% bearish,of 2 ratings,$50
GRVY,$3.43,1440271286922,"1,202",50% bullish,of 2 ratings,N/A
GBSN,$1.46,1440271287079,"747,556",100% bearish,of 1 rating,$8.25
GBSNU,$16,1440271287212,"22,548",Not yet rated,NULL,N/A
GLDD,$5.39,1440271288641,"288,709",100% bearish,of 4 ratings,$7.75
GSBC,$40.6,1440271288832,"36,220",100% bullish,of 1 rating,$44
GNBC,$12.08,1440271288869,"33,737",100% bearish,of 1 rating,$17
GRBK,$13.35,1440271289051,"154,269",77% bullish,of 13 ratings,N/A
GLRE,$24.86,1440271289084,"262,384",50% bullish,of 2 ratings,$41
GPP,$14.94,1440271289134,"24,630",Not yet rated,NULL,$20.50
GRIF,$30.945,1440271289160,209,100% bearish,of 1 rating,N/A
GCBC,NULL,1440271289216,0,100% bullish,of 1 rating,N/A
GPRE,$18.8277,1440271289242,"832,352",67% bullish,of 6 ratings,$28.50
GRPN,$4.077,1440271289294,"7,070,465",61% bullish,of 71 ratings,$6.75
GRFS,$30.3,1440271289319,"180,141",50% bullish,of 2 ratings,$35
GGAL,$18.96,1440271289480,"423,209",80% bullish,of 5 ratings,$40
GSIG,$13.11,1440271289613,"71,415",100% bearish,of 2 ratings,N/A
OMAB,$39.57,1440271289641,"24,030",100% bullish,of 1 rating,$44
GSVC,$8.56,1440271289666,"118,374",50% bullish,of 2 ratings,$14.50
GSIT,$4.97,1440271289703,"9,824",100% bearish,of 1 rating,N/A
GFED,$14.94,1440271289946,10,Not yet rated,NULL,$17
GULTU,$0.2905,1440271289972,"102,116",100% bearish,of 1 rating,N/A
GBNK,$15.76,1440271290003,"43,034",100% bearish,of 1 rating,$18
GUID,$7.29,1440271290033,"187,217",100% bearish,of 3 ratings,$10
GURE,$1.62,1440271290107,"151,052",88% bullish,of 8 ratings,N/A
GTXI,$0.83,1440271290136,"67,416",100% bullish,of 5 ratings,$.75
GWPH,$104.03,1440271290161,"200,237",78% bullish,of 9 ratings,$148.50
GIFI,$11.97,1440271290191,"46,892",100% bearish,of 1 rating,$16
GWGH,$7.35,1440271290362,"1,284",100% bearish,of 1 rating,$15.05
GYRO,$2.85,1440271290387,"76,416",100% bearish,of 1 rating,N/A
GPOR,$33.8159,1440271290412,"937,085",75% bullish,of 4 ratings,$55
HEES,$16.51,1440271290671,"306,657",67% bearish,of 3 ratings,$31
HNRG,$7.22,1440271290707,"124,047",100% bearish,of 1 rating,$10
HLG,$9.64,1440271290735,"5,100",100% bearish,of 1 rating,N/A
HMPR,$1.89,1440271290764,"118,740",100% bullish,of 1 rating,N/A
HALL,$11.67,1440271290801,"28,021",Not yet rated,NULL,N/A
HALO,$17.33,1440271290826,"1,204,693",67% bullish,of 3 ratings,$22.50
HBK,$13.8,1440271290860,8,50% bullish,of 2 ratings,N/A
HBHCL,$24.49,1440271290956,"18,426",Not yet rated,NULL,N/A
HBHC,$26.8668,1440271291103,"451,705",50% bullish,of 2 ratings,$30
HNSN,$0.501,1440271291145,"78,898",88% bullish,of 8 ratings,$.40
HAFC,$24.565,1440271291173,"117,041",100% bullish,of 2 ratings,$28.50
HQCL,$8.63,1440271291200,"24,293",67% bullish,of 3 ratings,N/A
HNH,$27.82,1440271291232,"21,502",100% bullish,of 1 rating,N/A
HDNG,$9.98,1440271291426,"11,225",50% bullish,of 4 ratings,N/A
HLIT,$5.58,1440271291479,"331,156",100% bearish,of 1 rating,$6.50
HRMNU,NULL,1440271291503,0,Not yet rated,NULL,N/A
TINY,$2.45,1440271291568,"20,315",50% bullish,of 2 ratings,$5.26
HRMN,NULL,1440271291593,0,Not yet rated,NULL,N/A
HRMNW,NULL,1440271291634,0,Not yet rated,NULL,N/A
HART,$0.775,1440271291659,"213,330",100% bearish,of 1 rating,N/A
HBIO,$4.39,1440271291808,"81,394",Not yet rated,NULL,$10
HCAPL,$25.4,1440271291892,"1,773",Not yet rated,NULL,N/A
HCAP,$12.17,1440271291921,"24,008",50% bullish,of 2 ratings,$15
HA,$23.05,1440271291994,"931,944",67% bullish,of 9 ratings,$27
HAS,$75.171,1440271292024,"1,049,605",63% bullish,of 8 ratings,$84.50
HWKN,$36.84,1440271292124,"29,157",Not yet rated,NULL,N/A
HWBK,$13.8,1440271292203,674,100% bearish,of 1 rating,N/A
HCOM,$22.51,1440271292229,"37,331",100% bearish,of 1 rating,$28
HAYN,$37.88,1440271292262,"48,863",100% bearish,of 1 rating,$59
HCSG,$33.546,1440271292363,"309,474",50% bullish,of 4 ratings,$35
HIIQ,$4.48,1440271292393,"28,731",50% bullish,of 2 ratings,$7
HDS,$33.08,1440271292423,"1,295,702",100% bearish,of 2 ratings,$39.50
HQY,$29.27,1440271292461,"394,569",67% bullish,of 3 ratings,$31
HSTM,$24.87,1440271292491,"220,098",50% bullish,of 2 ratings,$33.75
HWAY,$12.48,1440271292620,"386,123",100% bearish,of 1 rating,$15
HTLD,$20.165,1440271292645,"492,188",Not yet rated,NULL,$22.50
HTLF,$36.24,1440271292707,"48,371",100% bullish,of 1 rating,$39.50
HTBX,$5.31,1440271292875,"21,712",50% bullish,of 2 ratings,$15.50
HTWR,$83.28,1440271292929,"239,502",50% bullish,of 2 ratings,$103
HMNY,$2.2261,1440271292959,"2,878",100% bearish,of 1 rating,N/A
HSII,$20.17,1440271293019,"59,389",100% bullish,of 3 ratings,$25
HELE,$87.93,1440271293049,"151,548",67% bearish,of 3 ratings,$100
HNNA,$24.57,1440271293078,"15,081",Not yet rated,NULL,N/A
HCACU,$10.0043,1440271293126,"2,000",Not yet rated,NULL,N/A
HMTV,$12.84,1440271293155,"12,852",100% bearish,of 1 rating,$16
HERO,$0.06,1440271293287,"5,839,839",81% bullish,of 16 ratings,$.75
HSIC,$138.0834,1440271293364,"512,882",83% bullish,of 6 ratings,$146
HFWA,$17.74,1440271293393,"62,742",100% bullish,of 1 rating,$20
HTBK,$11.04,1440271293424,"93,871",Not yet rated,NULL,$12
HEOP,$7.68,1440271293499,"27,087",Not yet rated,NULL,$8.50
HCCI,$11.65,1440271293731,"27,277",100% bearish,of 1 rating,$16.50
HSKA,$33.2,1440271293760,"28,561",100% bearish,of 1 rating,$38
HRTX,$35.05,1440271293791,"839,423",67% bullish,of 6 ratings,$41
MLHR,$28.1966,1440271293812,"238,584",50% bullish,of 2 ratings,$33.50
HFFC,$16.27,1440271293840,946,Not yet rated,NULL,N/A
HPJ,$2.25,1440271293867,"130,395",75% bullish,of 4 ratings,$12.43
HIHO,$4,1440271293998,"9,057",Not yet rated,NULL,N/A
HIMX,$6.29,1440271294077,"1,170,901",86% bullish,of 21 ratings,$8.50
HIFS,$118.11,1440271294131,"8,734",Not yet rated,NULL,N/A
HMNF,$11.42,1440271294163,"2,480",Not yet rated,NULL,N/A
HSGX,$5.92,1440271294184,"24,278",100% bearish,of 1 rating,$17
HIBB,$37.37,1440271294262,"1,128,881",100% bearish,of 1 rating,$48.50
HMSY,$8.8389,1440271294313,"1,363,874",67% bullish,of 3 ratings,$19.35
HOLI,$16.9527,1440271294350,"228,631",50% bullish,of 4 ratings,$27
HOLX,$39.74,1440271294567,"2,134,552",67% bullish,of 3 ratings,$42
HOMB,$39.23,1440271294593,"321,450",Not yet rated,NULL,$41
HBCP,$24.4,1440271294668,"41,618",Not yet rated,NULL,$29
AWAY,$29.3662,1440271294792,"943,583",67% bullish,of 3 ratings,$36
HTBI,$18.39,1440271294820,"70,970",67% bullish,of 3 ratings,$18.625
HFBL,$21.69,1440271294841,"1,800",Not yet rated,NULL,N/A
HMST,$21.57,1440271294878,"119,006",100% bullish,of 2 ratings,$27
HMIN,$29.096,1440271294905,"61,111",100% bearish,of 2 ratings,$35
HKTV,$4.68,1440271294984,"7,455",100% bearish,of 1 rating,N/A
HOFT,$24.43,1440271295036,"62,910",100% bearish,of 1 rating,N/A
CETC,$0.77,1440271295120,"45,584",86% bullish,of 7 ratings,N/A
HBNC,$24.3,1440271295184,"31,745",100% bullish,of 1 rating,$27
HFBC,$11.61,1440271295260,"2,835",Not yet rated,NULL,N/A
HZNP,$29.2,1440271295331,"2,449,005",85% bullish,of 20 ratings,$40
HRZN,$10.59,1440271295392,"54,947",100% bearish,of 1 rating,$14.25
ZINC,$7.25,1440271295490,"624,456",100% bearish,of 1 rating,$17
HDP,$25.5,1440271295518,"235,894",67% bearish,of 3 ratings,$30.50
HMHC,$22.4,1440271295539,"923,176",Not yet rated,NULL,$27
HWCC,$7.22,1440271295671,"136,206",100% bearish,of 1 rating,$9
HOVNP,NULL,1440271295697,0,100% bearish,of 1 rating,N/A
HSNI,$60.9227,1440271295725,"239,269",Not yet rated,NULL,$80
HBMD,$14.95,1440271295759,502,100% bearish,of 1 rating,N/A
HTGM,$5.59,1440271295864,"9,721",100% bearish,of 1 rating,$19.50
HSON,$2.8,1440271295941,"20,391",100% bearish,of 1 rating,$5
HUBG,$39.18,1440271295972,"205,184",100% bearish,of 1 rating,$43
HDSN,$2.81,1440271296045,"30,286",100% bullish,of 1 rating,$6.25
HCBK,$9.5789,1440271296182,"2,422,499",83% bullish,of 6 ratings,$8.61
HBAN,$11.11,1440271296213,"6,980,840",76% bullish,of 17 ratings,$12.29
HBANP,$1337,1440271296254,12,100% bearish,of 1 rating,N/A
HURC,$29.88,1440271296314,"26,946",100% bearish,of 1 rating,N/A
HURN,$73.02,1440271296442,"109,473",50% bullish,of 2 ratings,$80
HDRA,NULL,1440271296467,0,Not yet rated,NULL,N/A
HBP,$3.09,1440271296494,"1,457",100% bullish,of 1 rating,N/A
HTCH,$1.58,1440271296538,"60,402",100% bearish,of 1 rating,$3.50
HDRAR,NULL,1440271296677,0,Not yet rated,NULL,N/A
HYGS,$7.48,1440271296721,"42,666",50% bullish,of 2 ratings,$13
HDRAW,NULL,1440271296746,0,Not yet rated,NULL,N/A
HDRAU,$10.06,1440271296771,100,Not yet rated,NULL,N/A
IACI,$71.15,1440271296908,"768,044",75% bullish,of 4 ratings,$90
IDSY,$3.85,1440271296934,"6,888",100% bearish,of 1 rating,$7
IKGH,$1.81,1440271296959,"12,492",75% bullish,of 4 ratings,N/A
IBKC,$60.3428,1440271296984,"191,218",100% bullish,of 1 rating,$70
IEP,$67.43,1440271297130,"123,610",75% bullish,of 4 ratings,$99
ICAD,$3.54,1440271297156,"22,041",50% bullish,of 2 ratings,$7.25
ICUI,$115.51,1440271297408,"147,406",Not yet rated,NULL,$122
ICLR,$77.7434,1440271297441,"297,930",100% bearish,of 3 ratings,$85
IPWR,$7.36,1440271297463,"3,392",100% bullish,of 1 rating,$15
ICFI,$35.71,1440271297493,"104,061",50% bullish,of 2 ratings,$48.50
INVE,$4.66,1440271297542,"109,550",75% bullish,of 4 ratings,$4
IDRA,$2.52,1440271297624,"1,118,091",89% bullish,of 9 ratings,$6.50
IROQ,$16.68,1440271297761,502,100% bullish,of 1 rating,N/A
DSKY,$12.1367,1440271297792,"291,194",67% bullish,of 6 ratings,$11.50
RXDX,$12.57,1440271297894,"107,394",100% bullish,of 1 rating,$20
IDXX,$74.1911,1440271297920,"439,447",100% bearish,of 1 rating,$77
IIVI,$17.63,1440271297951,"240,082",100% bearish,of 1 rating,$22
KANG,$15,1440271297979,"344,010",50% bullish,of 2 ratings,$22.55
ICON,$12.25,1440271298006,"780,798",50% bullish,of 2 ratings,$18.50
IRG,$4.73,1440271298029,"29,774",100% bearish,of 1 rating,$4.50
IKNX,$11.46,1440271298336,722,100% bearish,of 1 rating,N/A
ILMN,$199.29,1440271298362,"1,014,627",80% bullish,of 5 ratings,$240
IKAN,$2.73,1440271298391,"14,561",83% bullish,of 6 ratings,$5
IMMR,$11.38,1440271298489,"215,531",80% bullish,of 5 ratings,$15.50
ISNS,$3.82,1440271298534,"67,780",50% bullish,of 2 ratings,N/A
ICCC,$8.05,1440271298583,"7,929",100% bullish,of 1 rating,N/A
IMMU,$1.87,1440271298613,"975,603",86% bullish,of 7 ratings,$2
IMDZ,$15.49,1440271298690,"55,028",100% bearish,of 1 rating,$33
IMGN,$13.07,1440271298717,"1,107,990",75% bullish,of 4 ratings,$17.50
IMMY,$7.49,1440271298766,"6,448",100% bearish,of 1 rating,$11
IMNP,$1.38,1440271298796,"103,462",50% bullish,of 2 ratings,$6
INCY,$104.2975,1440271298928,"711,350",50% bullish,of 6 ratings,$125.50
SAAS,$7.7296,1440271299009,"487,787",50% bullish,of 2 ratings,$15
IPXL,$43.4148,1440271299060,"694,109",67% bullish,of 3 ratings,$46.50
INCR,$42.36,1440271299095,"1,097,736",50% bullish,of 2 ratings,$53
INDB,$46.44,1440271299136,"91,428",Not yet rated,NULL,$44
INFN,$21.08,1440271299343,"2,781,964",71% bullish,of 7 ratings,$28
IBCP,$14.21,1440271299417,"66,760",100% bullish,of 1 rating,$14.50
INFI,$9.44,1440271299472,"820,535",50% bullish,of 4 ratings,$18
IDSA,$3.64,1440271299502,174,Not yet rated,NULL,N/A
IBTX,$42.68,1440271299530,"39,240",100% bullish,of 2 ratings,$47.25
IMKTA,$52.89,1440271299559,"113,692",100% bearish,of 1 rating,N/A
III,$4.14,1440271299581,"158,901",57% bullish,of 7 ratings,$6
IPCC,$79.97,1440271299617,"44,593",Not yet rated,NULL,$77.50
IFON,$1.23,1440271299710,"45,196",75% bullish,of 4 ratings,N/A
INNL,NULL,1440271299871,0,100% bearish,of 1 rating,$16.50
INOD,$2.48,1440271300006,"19,784",100% bearish,of 1 rating,N/A
INWK,$7.33,1440271300033,"164,366",50% bullish,of 2 ratings,$10
IPHS,$47.91,1440271300068,"90,391",100% bearish,of 1 rating,$60
ISSC,$2.92,1440271300164,"8,615",67% bearish,of 3 ratings,N/A
IOSP,$46.19,1440271300194,"4,359,888",100% bearish,of 1 rating,N/A
INGN,$49.39,1440271300216,"168,397",100% bearish,of 1 rating,$50.50
INO,$7.07,1440271300302,"991,184",89% bullish,of 18 ratings,$20
ITEK,$13.7368,1440271300350,"780,060",100% bearish,of 3 ratings,$20
INOV,$20.95,1440271300377,"349,429",100% bearish,of 1 rating,$33
IIIN,$18,1440271300443,"160,188",100% bearish,of 2 ratings,N/A
NSIT,$25.94,1440271300510,"161,989",50% bullish,of 2 ratings,N/A
ISIG,$2.58,1440271300537,"12,103",100% bearish,of 1 rating,N/A
INSM,$24.29,1440271300558,"376,220",71% bullish,of 7 ratings,$31.50
PODD,$28.7,1440271300590,"377,984",50% bullish,of 2 ratings,$35
IDTI,$17.29,1440271300895,"2,463,021",60% bullish,of 5 ratings,$25
IART,$60.71,1440271300929,"233,404",100% bearish,of 1 rating,$71.50
NTEC,$5.94,1440271300954,"22,000",Not yet rated,NULL,N/A
ISSI,$22.3,1440271301006,"296,636",67% bullish,of 3 ratings,$19.75
INSY,$32.5,1440271301027,"744,412",75% bullish,of 4 ratings,$48
INTC,$26.7,1440271301056,"36,675,246",82% bullish,of 238 ratings,$36
IESC,$7.27,1440271301083,"1,500",100% bearish,of 1 rating,N/A
IQNT,$19.28,1440271301316,"257,467",86% bullish,of 7 ratings,$20
IBKR,$38.66,1440271301356,"576,484",100% bullish,of 1 rating,N/A
ININ,$37,1440271301389,"115,076",67% bearish,of 3 ratings,$57
IPCI,$2.12,1440271301418,"35,773",67% bullish,of 6 ratings,$7.75
IPAR,$27.27,1440271301446,"59,510",67% bullish,of 3 ratings,$38
ICPT,$190.6771,1440271301484,"265,072",70% bullish,of 10 ratings,$359.50
ICLD,$1.87,1440271301519,"413,066",75% bullish,of 4 ratings,N/A
IDCC,$47.38,1440271301671,"294,240",80% bullish,of 5 ratings,$63
ICLDW,$0.9601,1440271301710,"1,250",100% bearish,of 1 rating,N/A
IMI,$2.13,1440271301805,"9,131",67% bullish,of 3 ratings,$2.22
INAP,$8.27,1440271301862,"157,177",75% bullish,of 4 ratings,$11
TILE,$24.33,1440271301906,"583,565",67% bearish,of 3 ratings,$27
IBOC,$26.0269,1440271302053,"200,228",100% bearish,of 1 rating,N/A
IGLD,$7.15,1440271302084,"2,377",50% bullish,of 2 ratings,N/A
ISCA,$31.76,1440271302105,"75,500",100% bearish,of 1 rating,N/A
PTNT,$3.05,1440271302137,"4,282",Not yet rated,NULL,N/A
INPH,$0.3099,1440271302171,"9,140",50% bullish,of 2 ratings,N/A
IIJI,$8.9299,1440271302203,"1,000",50% bullish,of 2 ratings,$11.50
INTX,$2.44,1440271302274,"40,947",67% bullish,of 3 ratings,N/A
XENT,$27.72,1440271302301,"196,800",50% bullish,of 2 ratings,$36.50
IVAC,$4.89,1440271302501,"16,408",Not yet rated,NULL,$6.625
IILG,$20.03,1440271302527,"307,013",100% bearish,of 1 rating,$30.50
ISIL,$10.2,1440271302548,"911,504",50% bullish,of 6 ratings,$15
INTLL,$25.77,1440271302697,"1,100",Not yet rated,NULL,N/A
INTL,$25.88,1440271302742,"119,017",67% bearish,of 3 ratings,N/A
IIN,$6.38,1440271302824,"6,399",100% bearish,of 1 rating,$12
ISRG,$506.65,1440271302854,"238,287",67% bullish,of 3 ratings,$600
ITCI,$28.5,1440271302907,"400,140",75% bearish,of 4 ratings,$40
INTU,$89.98,1440271302936,"5,254,872",86% bullish,of 7 ratings,$110.50
SNAK,$8.47,1440271302957,"286,014",50% bullish,of 2 ratings,$14
INVT,$0.2713,1440271302993,"28,221",67% bullish,of 3 ratings,N/A
ISTR,$15.85,1440271303085,"2,506",100% bearish,of 1 rating,$18.50
ITIC,$71.35,1440271303135,16,100% bearish,of 2 ratings,N/A
NVIV,$9.83,1440271303215,"458,296",50% bullish,of 4 ratings,$24.50
IVTY,$12.69,1440271303308,"13,088",Not yet rated,NULL,$18
ISBC,$11.8686,1440271303343,"2,158,729",100% bullish,of 1 rating,$13.25
DFVL,NULL,1440271303475,0,Not yet rated,NULL,N/A
DTUL,NULL,1440271303515,0,Not yet rated,NULL,N/A
IPAS,$1.01,1440271303543,"153,876",67% bullish,of 3 ratings,N/A
IPCM,$79.5,1440271303576,"605,193",50% bullish,of 2 ratings,$80.125
IPGP,$84.18,1440271303598,"196,618",100% bearish,of 2 ratings,$109.50
IRMD,$25.1,1440271303675,"16,337",67% bearish,of 3 ratings,$25
IRDM,$6.69,1440271303727,"599,667",60% bullish,of 5 ratings,$11.50
IRDMB,$266.65,1440271303803,"1,378",67% bearish,of 3 ratings,N/A
IRIX,$7.16,1440271303829,"14,066",100% bearish,of 1 rating,N/A
IRWD,$10.95,1440271303906,"1,059,107",100% bearish,of 1 rating,$13
IRBT,$29.9,1440271303961,"240,464",67% bullish,of 6 ratings,$37
COMT,$32.24,1440271304011,"20,256",100% bearish,of 1 rating,N/A
IRCP,$32,1440271304040,651,100% bullish,of 2 ratings,N/A
GNMA,$50.25,1440271304208,"2,022",Not yet rated,NULL,N/A
IFAS,$28.76,1440271304237,"9,892",Not yet rated,NULL,N/A
FCHI,$47.8,1440271304267,"4,334",Not yet rated,NULL,N/A
IFGL,$28.84,1440271304340,"124,298",Not yet rated,NULL,N/A
IFEU,$39.05,1440271304365,"52,081",Not yet rated,NULL,N/A
ACWI,$55.66,1440271304398,"1,415,661",Not yet rated,NULL,N/A
IFNA,$56.26,1440271304423,2,Not yet rated,NULL,N/A
ACWX,$40.41,1440271304491,"332,696",100% bearish,of 1 rating,N/A
AXJS,NULL,1440271304599,0,Not yet rated,NULL,N/A
AAXJ,$52.27,1440271304630,"1,955,125",Not yet rated,NULL,N/A
AAIT,$30.53,1440271304656,"1,424",100% bullish,of 1 rating,N/A
EEMA,$48.76,1440271304736,"380,775",Not yet rated,NULL,N/A
EMDI,$46.16,1440271304815,300,Not yet rated,NULL,N/A
EEME,$38.47,1440271304876,"1,248",100% bearish,of 1 rating,N/A
EMEY,$24.77,1440271304946,200,Not yet rated,NULL,N/A
EGRW,$47,1440271304978,"2,678",Not yet rated,NULL,N/A
EEML,$27.35,1440271305009,700,Not yet rated,NULL,N/A
IEUS,$45.52,1440271305079,"8,328",100% bearish,of 1 rating,N/A
EVAL,$36.84,1440271305109,"4,617",Not yet rated,NULL,N/A
EUFN,$21.91,1440271305161,"205,824",100% bearish,of 1 rating,N/A
QAT,$20.45,1440271305239,"23,345",Not yet rated,NULL,N/A
UAE,$17.61,1440271305294,"11,802",Not yet rated,NULL,N/A
IBB,$340.47,1440271305319,"2,475,808",63% bullish,of 8 ratings,N/A
EMIF,$28.27,1440271305474,"15,998",Not yet rated,NULL,N/A
SOXX,$78.63,1440271305500,"710,879",50% bullish,of 2 ratings,N/A
ICLN,$9.42,1440271305532,"40,619",50% bullish,of 2 ratings,N/A
WOOD,$49.3,1440271305564,"53,527",50% bullish,of 2 ratings,N/A
ISHG,$80.2,1440271305632,"83,600",100% bearish,of 1 rating,N/A
INDY,$27.85,1440271305663,"903,318",50% bullish,of 2 ratings,N/A
IGOV,$92.1372,1440271305772,"25,494",100% bearish,of 1 rating,N/A
ISIS,$47.09,1440271305876,"1,346,021",53% bullish,of 15 ratings,$67
ISRL,$128.55,1440271305902,"1,003",100% bearish,of 1 rating,N/A
ISLE,$16.59,1440271305954,"295,431",50% bullish,of 4 ratings,$16
ITUS,$4.16,1440271305983,"6,967",Not yet rated,NULL,N/A
ITRI,$31.94,1440271306036,"253,746",Not yet rated,NULL,$37
ITRN,$24.7,1440271306087,"30,305",50% bullish,of 2 ratings,N/A
XXIA,$15.37,1440271306133,"314,105",71% bullish,of 7 ratings,$14.625
IXYS,$10.57,1440271306279,"247,242",50% bullish,of 4 ratings,N/A
MAYS,NULL,1440271306420,0,Not yet rated,NULL,N/A
JCOM,$69.56,1440271306452,"218,346",100% bullish,of 2 ratings,$77
JBHT,$76.18,1440271306477,"901,669",50% bullish,of 4 ratings,$89.50
JJSF,$113.14,1440271306505,"100,391",100% bearish,of 1 rating,N/A
JASO,$7,1440271306554,"1,435,775",82% bullish,of 17 ratings,$10
JKHY,$68.27,1440271306635,"285,534",50% bullish,of 2 ratings,$72
JACK,$81.43,1440271306662,"546,557",83% bullish,of 6 ratings,$105
JAGX,$2.5784,1440271306809,"18,491",Not yet rated,NULL,N/A
JAXB,$12.76,1440271306867,"1,300",100% bullish,of 1 rating,N/A
JXSB,$24.05,1440271306888,742,Not yet rated,NULL,N/A
JAKK,$9.07,1440271306969,"491,312",60% bearish,of 5 ratings,$11
JMBA,$13.18,1440271307017,"107,503",75% bullish,of 4 ratings,$18
JRVR,$26.32,1440271307065,"51,011",Not yet rated,NULL,$32
ERW,NULL,1440271307090,0,Not yet rated,NULL,N/A
JASNW,$0.18,1440271307156,"12,833",50% bullish,of 2 ratings,N/A
JASN,$4.81,1440271307181,"34,092",50% bullish,of 2 ratings,$9.50
JBLU,$21.8,1440271307371,"7,445,018",94% bullish,of 17 ratings,$27
JD,$25.2,1440271307442,"9,448,374",75% bullish,of 16 ratings,$36
JAZZ,$170.2996,1440271307475,"486,735",80% bullish,of 15 ratings,$206.50
JCTCF,NULL,1440271307496,0,100% bullish,of 1 rating,N/A
JST,$4,1440271307575,"43,984",75% bullish,of 4 ratings,N/A
DATE,$6.47,1440271307626,"197,033",75% bullish,of 4 ratings,$9
JTPY,$3.02,1440271307655,"5,165",100% bearish,of 1 rating,N/A
WYIGU,$10.0227,1440271307758,100,Not yet rated,NULL,N/A
JIVE,$4.1,1440271307827,"633,964",75% bullish,of 4 ratings,$5
JBSS,$48.96,1440271307860,"138,677",67% bearish,of 3 ratings,N/A
JOEZ,$0.185,1440271307890,"70,020",92% bullish,of 12 ratings,N/A
JOUT,$23.01,1440271307956,"16,294",100% bearish,of 1 rating,$34
