Symbol,Price,Date,Volume,Rating,RatingVoteCount,OneYearEstimate
TFSCW,NULL,1440425402383,0,100% bearish,of 1 rating,N/A
FLWS,$8.79,1440425402411,"43,036",100% bullish,of 5 ratings,$15
FCTY,NULL,1440425402454,0,100% bullish,of 1 rating,$8.50
PIH,$7.01,1440425402622,"2,700",100% bearish,of 1 rating,N/A
FCCY,NULL,1440425402652,0,100% bullish,of 1 rating,$13
SRCE,$28.93,1440425402747,"4,761",100% bullish,of 3 ratings,$33
DSLV,$66.0464,1440425402854,"13,056",100% bearish,of 1 rating,N/A
VNET,$17.49,1440425402959,"494,443",60% bullish,of 5 ratings,$29.50
DGLD,$75.03,1440425402990,"12,476",100% bearish,of 1 rating,N/A
TWOU,$33.03,1440425403120,"71,787",50% bullish,of 2 ratings,$39
UGLD,$10,1440425403146,"164,835",100% bearish,of 1 rating,N/A
JOBS,$23.4,1440425403292,"28,837",50% bullish,of 4 ratings,$36
USLV,$13.461,1440425403391,"192,013",86% bullish,of 7 ratings,N/A
AVHI,$13.33,1440425403790,"3,044",100% bearish,of 1 rating,$19
SIXD,$1.2,1440425403820,"9,778",Not yet rated,NULL,N/A
CAFD,$15.34,1440425403847,"55,307",Not yet rated,NULL,$25
SHLM,$32.79,1440425403868,"15,282",100% bearish,of 1 rating,$50
EGHT,$7.99,1440425403930,"82,706",82% bullish,of 17 ratings,$11
ABY,$19.11,1440425404232,"82,439",100% bearish,of 2 ratings,$46
ABAX,$46.16,1440425404258,"12,699",100% bearish,of 1 rating,$60
AAON,$20.85,1440425404298,"12,946",100% bearish,of 1 rating,$24
ABGB,$4.34,1440425404328,"19,711",67% bullish,of 3 ratings,$5.50
ABEOW,$1.5,1440425404455,40,100% bullish,of 1 rating,N/A
ABEO,$4.31,1440425404567,"51,251",67% bullish,of 3 ratings,$15.50
ACHC,$70.82,1440425404941,"200,526",50% bullish,of 2 ratings,$92
ABMD,$91.3713,1440425404967,"210,239",75% bullish,of 4 ratings,$100.50
ACTG,$8.24,1440425404989,"65,957",67% bullish,of 3 ratings,$18.50
AXAS,$1.51,1440425405021,"239,805",78% bullish,of 9 ratings,$3.50
ACST,$0.325,1440425405120,"5,515",100% bullish,of 2 ratings,N/A
ACAD,$34.19,1440425405290,"199,535",80% bullish,of 20 ratings,$48
AXDX,$17.325,1440425405320,"34,313",100% bearish,of 1 rating,N/A
XLRN,$26.4,1440425405387,"45,041",50% bullish,of 2 ratings,$57
ANCX,$18.62,1440425405418,"2,864",Not yet rated,NULL,$19
ARAY,$6.1,1440425405516,"219,328",100% bearish,of 1 rating,$10.50
VXDN,$3.4801,1440425405707,"172,278",100% bearish,of 1 rating,N/A
VXUP,$3.9,1440425405861,"131,700",Not yet rated,NULL,N/A
ACRX,$3.83,1440425405944,"85,048",67% bearish,of 6 ratings,$5.50
AKAO,$6.23,1440425406019,"43,578",75% bullish,of 4 ratings,$15
ACET,$22.95,1440425406045,"15,687",75% bullish,of 4 ratings,$30
ACHN,$7.44,1440425406092,"423,630",90% bullish,of 21 ratings,$16
ACTS,$1.35,1440425406393,"11,830",100% bearish,of 1 rating,N/A
ACIW,$21.42,1440425406421,"56,968",50% bullish,of 2 ratings,$24
ACPW,$1.67,1440425406447,"29,738",100% bullish,of 4 ratings,$3.50
ACNB,$19.85,1440425406468,"5,792",Not yet rated,NULL,N/A
ACOR,$29.26,1440425406501,"59,291",67% bearish,of 3 ratings,$38.50
ATVI,$26,1440425406800,"1,041,421",68% bullish,of 84 ratings,$31.50
ACTA,$13.22,1440425406934,"20,118",67% bearish,of 3 ratings,$25
ACXM,$20.025,1440425407226,"81,758",67% bullish,of 3 ratings,N/A
AEY,$2.2603,1440425407362,"4,500",100% bearish,of 2 ratings,N/A
ADUS,$28.7,1440425407392,"4,401",100% bearish,of 1 rating,$31
ADAP,$11.22,1440425407499,"25,374",67% bullish,of 3 ratings,$22
ACUR,$0.5987,1440425407529,"5,299",100% bullish,of 5 ratings,$1
ADEP,$6.313,1440425407605,"17,581",50% bullish,of 2 ratings,$10.75
ADMS,$19.46,1440425407638,"17,208",100% bearish,of 2 ratings,$36
ADMP,$3.3401,1440425407667,"19,749",50% bullish,of 2 ratings,$10
ADMA,$9.13,1440425407737,"5,150",Not yet rated,NULL,$19
ADBE,$74.85,1440425407763,"857,192",65% bullish,of 17 ratings,$90
ADTN,$15.02,1440425407799,"48,212",67% bullish,of 3 ratings,$17.125
TFSCR,NULL,1440425408016,0,Not yet rated,NULL,N/A
TFSCU,NULL,1440425408167,0,Not yet rated,NULL,N/A
ADRO,$17.305,1440425408198,"69,166",80% bullish,of 5 ratings,$45.50
TFSC,NULL,1440425408370,0,100% bearish,of 1 rating,N/A
AEIS,$23.27,1440425408461,"48,745",50% bullish,of 2 ratings,$32.50
ADXS,$13.785,1440425408514,"148,960",64% bullish,of 14 ratings,$27
ADXSW,$10.03,1440425408539,"4,678",100% bullish,of 1 rating,N/A
AMD,$1.7,1440425408592,"2,216,649",83% bullish,of 103 ratings,$2
YPRO,$23.2,1440425408684,400,100% bearish,of 1 rating,N/A
AEGR,$17.42,1440425408723,"74,615",50% bullish,of 6 ratings,$26
MULT,NULL,1440425408811,0,100% bearish,of 1 rating,N/A
AEGN,$17.81,1440425408911,"27,191",100% bearish,of 1 rating,$21
AEPI,$54,1440425408951,"3,598",100% bearish,of 1 rating,N/A
AMTX,$2.82,1440425408995,"2,974",50% bullish,of 2 ratings,$26.11
AEHR,$2.12,1440425409043,"14,829",50% bullish,of 2 ratings,N/A
AERI,$15.115,1440425409068,"140,763",75% bullish,of 4 ratings,$31.50
AEZS,$0.0886,1440425409368,"2,593,887",90% bullish,of 21 ratings,$1.50
AVAV,$22.96,1440425409395,"46,815",50% bullish,of 4 ratings,$31
AFFX,$8.9,1440425409534,"99,503",80% bullish,of 5 ratings,$12
AEMD,$6.72,1440425409581,"1,278",Not yet rated,NULL,$27.50
AGEN,$6.5601,1440425409620,"323,050",85% bullish,of 13 ratings,$14
AGYS,$9.14,1440425409750,"2,036",100% bearish,of 1 rating,N/A
AGFSW,$1.88,1440425409807,"3,300",100% bearish,of 2 ratings,N/A
AGRX,$8.17,1440425409832,"15,449",100% bearish,of 1 rating,$17.50
AFMD,$9.57,1440425409882,"38,920",50% bullish,of 4 ratings,$15
AGIO,$83.57,1440425410164,"83,593",88% bullish,of 8 ratings,$114
AGFS,$9.29,1440425410207,"15,400",100% bearish,of 1 rating,N/A
AIRM,$35.665,1440425410233,"36,019",80% bearish,of 5 ratings,$53
AIMT,$19.675,1440425410262,"38,161",Not yet rated,NULL,N/A
AIRT,$21.83,1440425410364,16,100% bullish,of 1 rating,N/A
ATSG,$8.69,1440425410395,"42,517",67% bullish,of 3 ratings,$13
AMCN,$4.4,1440425410530,"358,084",83% bullish,of 6 ratings,N/A
AKAM,$66.11,1440425410604,"355,296",63% bullish,of 8 ratings,$77
AKRX,$38.565,1440425410663,"240,829",78% bullish,of 9 ratings,$56
AIXG,$5.63,1440425410690,"5,022",67% bearish,of 3 ratings,$5.25
AKBA,$6.5,1440425410712,"41,190",100% bearish,of 1 rating,$18
AKER,$2.5888,1440425410756,"2,364",Not yet rated,NULL,N/A
ALRM,$15.6036,1440425410782,"79,133",100% bearish,of 1 rating,$22
ALSK,$2.04,1440425410950,"34,813",78% bullish,of 18 ratings,$2
AMRI,$19.34,1440425411009,"48,654",75% bearish,of 4 ratings,$24
ALXN,$167.39,1440425411426,"275,161",88% bullish,of 8 ratings,$223
ALDX,$7.4,1440425411462,"8,638",100% bearish,of 1 rating,$14.50
ALGN,$54.88,1440425411484,"59,303",100% bearish,of 2 ratings,$73
ADHD,$7.89,1440425411519,"64,155",50% bullish,of 4 ratings,$18
ABDC,$11.94,1440425411546,"67,139",Not yet rated,NULL,$15
ALKS,$58.26,1440425411567,"117,740",67% bullish,of 3 ratings,$75
ALCO,$40.46,1440425411599,179,50% bullish,of 2 ratings,N/A
ALDR,$35.715,1440425411620,"57,534",67% bearish,of 3 ratings,$62
ALXA,$1.0975,1440425411909,"4,710",83% bullish,of 6 ratings,$2.125
ALGT,$209.99,1440425411936,"19,452",100% bearish,of 1 rating,$235
ALIM,$2.97,1440425411966,"52,210",80% bullish,of 5 ratings,$10
AFOP,$16.08,1440425412012,"89,506",75% bullish,of 8 ratings,$21
AIQ,$14.29,1440425412070,"4,374",67% bullish,of 3 ratings,N/A
ALLB,$22.77,1440425412210,"1,495",Not yet rated,NULL,N/A
AHPI,$1.44,1440425412449,850,50% bullish,of 2 ratings,N/A
ARLP,$23.8301,1440425412479,"126,008",67% bearish,of 3 ratings,$32
AHGP,$35.68,1440425412508,"14,052",67% bullish,of 3 ratings,N/A
ALQA,$4.27,1440425412529,"5,428",75% bullish,of 4 ratings,$8.50
AMOT,$17.31,1440425412589,"16,722",100% bearish,of 1 rating,N/A
MDRX,$13.25,1440425412611,"288,563",60% bullish,of 5 ratings,$16
ALLT,$4.85,1440425412632,"16,100",75% bullish,of 4 ratings,$6.25
SMCP,NULL,1440425413078,0,Not yet rated,NULL,N/A
AFAM,$43.19,1440425413184,"17,212",50% bullish,of 2 ratings,$44
AOSL,$7.35,1440425413219,"12,859",67% bullish,of 3 ratings,$9
ATEC,$0.5801,1440425413249,"36,242",100% bullish,of 1 rating,$2
ASPS,$27.05,1440425413314,"51,629",67% bullish,of 3 ratings,$46.50
ALTR,$46.56,1440425413339,"707,446",80% bearish,of 5 ratings,$54
ALNY,$95.23,1440425413377,"169,898",67% bullish,of 3 ratings,$148.50
AIMC,$24.81,1440425413402,"8,177",100% bearish,of 1 rating,$28.50
AMRK,$10.71,1440425413471,"1,304",50% bullish,of 2 ratings,$14
AMAG,$57.675,1440425413691,"115,493",100% bullish,of 2 ratings,$77.50
AYA,$20.37,1440425413725,"46,734",100% bearish,of 1 rating,$40
AMRN,$1.92,1440425413793,"416,576",85% bullish,of 39 ratings,$8
AMZN,$469.96,1440425413827,"1,473,251",81% bullish,of 263 ratings,$646
AMBA,$84.1208,1440425413878,"1,169,333",83% bullish,of 12 ratings,$102.50
AMBC,$14.7,1440425413937,"45,849",100% bearish,of 1 rating,$16.50
AMBCW,NULL,1440425414011,0,100% bearish,of 1 rating,N/A
EPAX,$2.66,1440425414342,"19,150",100% bearish,of 1 rating,N/A
AMDA,$0.4339,1440425414376,"596,437",90% bullish,of 10 ratings,$1
AMCX,$65.49,1440425414404,"85,761",67% bullish,of 3 ratings,$87.50
UHAL,$345.3,1440425414444,"5,795",100% bullish,of 2 ratings,$393.50
DOX,$56.038,1440425414470,"74,933",50% bullish,of 2 ratings,$60
AMED,$38.45,1440425414501,"49,420",100% bearish,of 1 rating,$42
ATAX,$5.11,1440425414600,"99,787",100% bullish,of 1 rating,$6.50
ASBI,$22.61,1440425414659,500,Not yet rated,NULL,N/A
AAL,$38.697,1440425414805,"3,234,163",93% bullish,of 88 ratings,$57
AGNC,$19.2,1440425414839,"860,434",75% bullish,of 28 ratings,$22
AGNCB,$23.95,1440425414938,"3,103",Not yet rated,NULL,N/A
AMOV,$16.97,1440425414969,"1,940",100% bearish,of 1 rating,N/A
AGNCP,$25.0605,1440425415030,"5,851",Not yet rated,NULL,N/A
MTGE,$15.16,1440425415069,"126,391",75% bullish,of 4 ratings,$19.50
MTGEP,$24.043,1440425415243,"3,100",Not yet rated,NULL,N/A
ACSF,$12.01,1440425415272,"4,254",100% bearish,of 1 rating,$15
ANCI,NULL,1440425415336,0,100% bearish,of 1 rating,N/A
ACAS,$13.3237,1440425415369,"344,319",60% bullish,of 5 ratings,$16.75
AMIC,NULL,1440425415470,0,Not yet rated,NULL,N/A
AMNB,$23.07,1440425415499,"6,166",Not yet rated,NULL,$25.50
AETI,$4.01,1440425415570,138,67% bearish,of 3 ratings,N/A
ANAT,$98.065,1440425415628,"2,976",100% bullish,of 1 rating,N/A
APEI,$20.81,1440425415722,"7,600",100% bearish,of 1 rating,$25.50
AMRB,$9.59,1440425415819,"2,715",Not yet rated,NULL,$11
ARII,$37.23,1440425415851,"50,886",67% bearish,of 3 ratings,$45
ASEI,$39.06,1440425415917,"5,505",100% bearish,of 1 rating,$52.50
AMSWA,$8.44,1440425415980,"23,829",100% bearish,of 2 ratings,$10.75
AMSC,$3.4,1440425416017,"28,183",50% bullish,of 4 ratings,N/A
CRMT,$35.65,1440425416377,"7,815",100% bearish,of 1 rating,$39
AMWD,$65.0932,1440425416404,"36,393",50% bullish,of 2 ratings,$53
AMSF,$48.19,1440425416425,"9,822",Not yet rated,NULL,$57.50
ABCB,$26.57,1440425416464,"19,233",Not yet rated,NULL,$31
ASRVP,$27.5,1440425416485,400,Not yet rated,NULL,N/A
ASRV,$3.22,1440425416554,700,100% bullish,of 2 ratings,N/A
ATLO,$24.29,1440425416579,"5,920",Not yet rated,NULL,N/A
AMGN,$148.0499,1440425416631,"1,034,626",89% bullish,of 19 ratings,$185
AMKR,$4.3502,1440425416895,"233,951",100% bearish,of 2 ratings,$5
AMPH,$13.36,1440425416998,"30,909",50% bullish,of 2 ratings,$20
FOLD,$13.51,1440425417071,"295,003",56% bullish,of 9 ratings,$21
ASYS,$5.02,1440425417143,"6,108",67% bullish,of 3 ratings,$12
AMSG,$78.9286,1440425417168,"111,036",100% bearish,of 1 rating,$85.50
AMRS,$1.59,1440425417202,"47,063",70% bullish,of 10 ratings,N/A
AMSGP,NULL,1440425417334,0,Not yet rated,NULL,N/A
AFSI,$57.17,1440425417360,"205,633",60% bullish,of 5 ratings,$72
ANAC,$123.0057,1440425417493,"107,429",80% bullish,of 5 ratings,$180.50
ANCB,$22.14,1440425417524,100,Not yet rated,NULL,$23
ADI,$52.47,1440425417557,"554,024",67% bullish,of 3 ratings,$69
ANAD,$0.2981,1440425417578,"61,123",100% bullish,of 2 ratings,$.50
ALOG,$79.66,1440425417658,"14,810",100% bearish,of 2 ratings,$100.50
ABCW,$40.12,1440425417708,"1,200",67% bullish,of 3 ratings,N/A
ANGI,$4.41,1440425417877,"119,564",64% bullish,of 11 ratings,$5.50
AMCF,$0.2505,1440425417903,"7,065",100% bullish,of 7 ratings,N/A
ANGO,$14.34,1440425418084,"6,799",67% bullish,of 3 ratings,$19
ANIP,$47.6348,1440425418109,"38,604",89% bullish,of 19 ratings,$66
ANIK,$32.98,1440425418138,"18,205",60% bullish,of 5 ratings,$51.25
ANSS,$88,1440425418159,"64,553",100% bearish,of 1 rating,$100
ATRS,$1.7199,1440425418192,"269,301",92% bullish,of 12 ratings,$4.50
ANTH,$6.98,1440425418295,"472,202",80% bullish,of 10 ratings,$13
ABAC,$0.65,1440425418510,"3,014",100% bearish,of 1 rating,N/A
ATNY,$2.28,1440425418541,201,50% bullish,of 2 ratings,$3.75
AINV,$6.235,1440425418594,"344,294",50% bullish,of 4 ratings,$8
APIC,$6.35,1440425418619,"48,420",100% bearish,of 1 rating,$19
APOL,$10.36,1440425418644,"217,057",87% bearish,of 68 ratings,$14
APOG,$48.85,1440425418669,"26,163",100% bullish,of 1 rating,$67
APPF,$15.43,1440425418829,"10,495",50% bullish,of 2 ratings,$22
ARCI,$1.3,1440425418957,162,Not yet rated,NULL,N/A
AAPL,$103.7586,1440425419140,"33,670,385",86% bullish,of 2340 ratings,$150
APDNW,$1.16,1440425419213,"3,623",Not yet rated,NULL,N/A
APDN,$2.9463,1440425419249,"24,472",Not yet rated,NULL,$9
AGTC,$14.6883,1440425419276,"8,521",50% bullish,of 2 ratings,$33
AMAT,$15.11,1440425419297,"3,949,284",82% bullish,of 11 ratings,$23
AMCC,$5.11,1440425419350,"99,729",80% bullish,of 5 ratings,$8
AAOI,$18.78,1440425419663,"78,076",50% bullish,of 4 ratings,$26
AREX,$1.89,1440425419691,"190,356",100% bearish,of 1 rating,$3
APRI,$1.18,1440425419717,"50,488",83% bullish,of 6 ratings,$4.86
APTO,$4.5864,1440425419904,"3,451",Not yet rated,NULL,$17
AQXP,$17.2772,1440425419930,"76,683",50% bullish,of 2 ratings,$2
AQMS,$4.85,1440425420058,812,Not yet rated,NULL,N/A
ARDM,NULL,1440425420107,0,100% bullish,of 1 rating,$26
AUMAW,NULL,1440425420132,0,Not yet rated,NULL,N/A
AUMA,$9.75,1440425420160,400,Not yet rated,NULL,N/A
AUMAU,$9.94,1440425420289,400,Not yet rated,NULL,N/A
ABUS,$6.6901,1440425420322,"75,033",86% bullish,of 14 ratings,$23
ARCW,$3.36,1440425420351,836,100% bearish,of 2 ratings,$10.50
PETX,$17.02,1440425420376,"76,097",100% bearish,of 2 ratings,$26
ABIO,$0.82,1440425420567,"98,499",50% bullish,of 2 ratings,$3.75
RKDA,$5.91,1440425420693,"2,286",100% bearish,of 2 ratings,$10
ARCB,$28.47,1440425420718,"38,112",67% bearish,of 3 ratings,$39.50
ARDX,$16.5,1440425420941,"8,306",50% bullish,of 2 ratings,$24.50
ACAT,$25.85,1440425420967,"89,571",100% bearish,of 3 ratings,$33
ACGL,$67.77,1440425420989,"62,040",50% bullish,of 2 ratings,$72
ARCC,$14.78,1440425421020,"1,475,265",67% bearish,of 3 ratings,$17.875
ARNA,$2.74,1440425421046,"436,812",90% bullish,of 77 ratings,$5.50
ARGS,$6.27,1440425421154,"31,994",50% bullish,of 2 ratings,$19.50
AGII,$56.24,1440425421183,"13,560",Not yet rated,NULL,$59.50
AGIIL,$25.1,1440425421208,"2,201",Not yet rated,NULL,N/A
ARIA,$6.43,1440425421337,"626,688",87% bullish,of 46 ratings,$9
ARMH,$39.55,1440425421426,"558,156",54% bearish,of 13 ratings,$61
ARKR,$24.35,1440425421454,"1,000",50% bullish,of 2 ratings,N/A
ARIS,$3.26,1440425421475,"1,329",Not yet rated,NULL,$4.50
ARTX,$1.4395,1440425421607,"130,065",88% bullish,of 16 ratings,$4.50
ARWA,NULL,1440425421748,0,Not yet rated,NULL,N/A
ARWAR,NULL,1440425421848,0,Not yet rated,NULL,N/A
ARWAU,$10.2,1440425421908,400,100% bullish,of 1 rating,N/A
DWAT,$8.7,1440425422042,"3,251",100% bearish,of 1 rating,N/A
ARQL,$1.6,1440425422207,"67,710",75% bullish,of 4 ratings,$5
AROW,$26.88,1440425422235,"2,868",Not yet rated,NULL,N/A
ARRY,$5.4,1440425422263,"280,270",100% bullish,of 7 ratings,$10
ARWAW,NULL,1440425422294,0,Not yet rated,NULL,N/A
ARWR,$5.03,1440425422316,"404,760",75% bullish,of 4 ratings,$10.50
ARRS,$25.76,1440425422366,"136,621",50% bullish,of 2 ratings,$38
ASNA,$11.135,1440425422698,"449,303",50% bullish,of 2 ratings,$18
ASND,$17.47,1440425422724,"5,777",100% bullish,of 1 rating,$30
ASBB,$23.99,1440425422745,300,Not yet rated,NULL,N/A
ARTNA,$22.305,1440425422776,"5,841",100% bearish,of 1 rating,$29
ARTW,$4.29,1440425422804,"2,168",75% bearish,of 4 ratings,N/A
ASTI,$0.11,1440425422938,"325,405",83% bullish,of 6 ratings,$3
APWC,$1.8,1440425422983,"1,491",100% bearish,of 1 rating,N/A
ASCMA,$27.415,1440425423079,"12,553",100% bearish,of 1 rating,$45
ASMI,NULL,1440425423153,0,NULL,NULL,NULL
ASML,$86.24,1440425423221,"594,226",50% bullish,of 4 ratings,$127
AZPN,$37.8272,1440425423349,"146,710",50% bullish,of 2 ratings,$42
ASFI,$8.89,1440425423376,"5,112",100% bullish,of 1 rating,N/A
ASMB,$12.35,1440425423397,"7,723",67% bullish,of 3 ratings,N/A
ASTE,$35.666,1440425423418,"6,198",100% bearish,of 1 rating,$48
ALOT,NULL,1440425423601,0,100% bearish,of 1 rating,N/A
ATRO,$51.05,1440425423672,"24,340",100% bearish,of 2 ratings,$80
ASTC,$2.04,1440425423699,"14,481",100% bullish,of 5 ratings,N/A
ASUR,$5.12,1440425423769,"2,600",100% bearish,of 1 rating,$8
ATAI,$2.53,1440425423833,"1,725",100% bearish,of 1 rating,N/A
AFCB,$28.75,1440425423862,300,Not yet rated,NULL,N/A
ATRA,$39.82,1440425423887,"18,379",50% bullish,of 2 ratings,$68
ATHN,$128.16,1440425423912,"41,830",67% bearish,of 3 ratings,$153
ATHX,$1.1,1440425423968,"69,109",89% bullish,of 9 ratings,$5
AAPC,$10.1,1440425424167,213,Not yet rated,NULL,N/A
AAME,$3.43,1440425424231,201,Not yet rated,NULL,N/A
ACFC,$5.77,1440425424257,"12,787",Not yet rated,NULL,$6.50
ATNI,$70.98,1440425424327,"7,481",100% bearish,of 1 rating,$69.50
ATLC,$3.85,1440425424358,"1,450",67% bullish,of 3 ratings,N/A
AFH,$16.06,1440425424428,"11,434",Not yet rated,NULL,$21.50
AAWW,$40.03,1440425424453,"56,949",50% bullish,of 2 ratings,$65
ATOS,$0.7799,1440425424653,"47,243",100% bullish,of 7 ratings,$7
ATML,$6.555,1440425424685,"932,930",78% bullish,of 9 ratings,$9.50
ATRC,$25,1440425424717,"21,741",100% bullish,of 1 rating,$30
ATRI,$379.32,1440425424743,307,Not yet rated,NULL,N/A
ATRM,NULL,1440425424782,0,50% bullish,of 2 ratings,N/A
ATTU,$12.5937,1440425424811,"31,026",100% bearish,of 1 rating,$20.50
LIFE,$13.31,1440425425051,"18,640",86% bullish,of 7 ratings,$43
EARS,$4.76,1440425425183,"3,812",100% bearish,of 2 ratings,$11.50
AUBN,$26.5,1440425425315,857,Not yet rated,NULL,N/A
ADAT,$0.101,1440425425698,"1,352",100% bullish,of 2 ratings,N/A
AUPH,$3.19,1440425425724,"8,528",100% bearish,of 1 rating,$8
AUDC,$2.93,1440425425855,"28,399",80% bullish,of 5 ratings,$5
ADSK,$48.76,1440425425996,"503,582",83% bullish,of 6 ratings,$69.50
ABTL,$17.16,1440425426123,"65,795",100% bullish,of 4 ratings,$20.25
ADP,$76.13,1440425426157,"787,143",100% bearish,of 1 rating,$88
AVGO,$107.32,1440425426178,"805,612",88% bullish,of 8 ratings,$160
AAVL,$10.4,1440425426199,"53,541",100% bearish,of 1 rating,$20
AVEO,$1.3094,1440425426255,"427,723",75% bullish,of 8 ratings,$3
AVNU,$12.19,1440425426328,"4,115",Not yet rated,NULL,$14
AVGR,$13.82,1440425426646,"8,688",100% bearish,of 1 rating,$20
AVID,$7.765,1440425426674,"67,406",100% bearish,of 1 rating,$20
AVNW,$1.17,1440425426696,"17,416",50% bullish,of 2 ratings,$2.20
ACLS,$3.11,1440425426732,"208,977",67% bullish,of 6 ratings,$4.75
AWRE,$3.08,1440425426753,"5,866",67% bullish,of 3 ratings,N/A
CAR,$39.98,1440425426826,"450,002",80% bullish,of 5 ratings,$60
AXPW,$1.05,1440425426986,"20,608",83% bullish,of 6 ratings,N/A
AXPWW,NULL,1440425427084,0,Not yet rated,NULL,N/A
AXTI,$2.09,1440425427399,"6,096",50% bullish,of 2 ratings,$2.75
AXGN,$3.94,1440425427426,"9,125",Not yet rated,NULL,$5
BEAV,$48,1440425427617,"144,320",67% bearish,of 3 ratings,$59
BCOM,$17.29,1440425427643,"1,000",100% bearish,of 1 rating,N/A
RILY,$10,1440425427669,300,Not yet rated,NULL,N/A
BOSC,$2.32,1440425427721,"2,600",50% bullish,of 2 ratings,N/A
BIDU,$143.195,1440425427810,"2,188,397",81% bullish,of 88 ratings,$210
BANFP,$27.38,1440425428146,603,Not yet rated,NULL,N/A
BANF,$58.93,1440425428171,"1,584",Not yet rated,NULL,$68
BCPC,$56.24,1440425428537,"11,235",100% bearish,of 1 rating,$75
BLDP,$1.1375,1440425428987,"314,077",91% bullish,of 22 ratings,$2.50
BWINA,NULL,1440425429044,0,Not yet rated,NULL,N/A
BWINB,$22.64,1440425429157,"5,976",Not yet rated,NULL,N/A
BKMU,$6.94,1440425429262,"6,684",Not yet rated,NULL,$8
BOCH,$5.73,1440425429318,"4,084",Not yet rated,NULL,$6.50
BMRC,$48.5,1440425429450,814,Not yet rated,NULL,$52
BOTJ,$11.32,1440425429530,"1,100",Not yet rated,NULL,N/A
BKSC,$15.41,1440425429581,"1,320",Not yet rated,NULL,N/A
BANR,$43.95,1440425429711,"6,738",100% bullish,of 3 ratings,$50
BFIN,$11.71,1440425429737,"6,990",Not yet rated,NULL,$13
BZUN,$4.69,1440425429769,"231,155",50% bullish,of 2 ratings,$12.60
BWFG,$17.85,1440425429790,772,100% bearish,of 1 rating,N/A
OZRK,$39.63,1440425429811,"102,886",67% bullish,of 3 ratings,$49.50
BHAC,NULL,1440425429946,0,Not yet rated,NULL,N/A
TAPR,$27.24,1440425430028,"2,159",100% bearish,of 1 rating,N/A
BHACU,NULL,1440425430199,0,Not yet rated,NULL,N/A
BHACW,NULL,1440425430230,0,Not yet rated,NULL,N/A
BBSI,$33.53,1440425430251,"17,276",67% bearish,of 3 ratings,$62.50
BHACR,NULL,1440425430337,0,Not yet rated,NULL,N/A
BYBK,NULL,1440425430414,0,100% bearish,of 1 rating,N/A
BYLK,NULL,1440425430441,0,Not yet rated,NULL,$14
BV,$5.1,1440425430469,"69,359",67% bullish,of 6 ratings,$9
BSET,$27.52,1440425430499,"6,098",100% bearish,of 1 rating,$35
BBCN,$14.23,1440425430606,"42,957",100% bearish,of 1 rating,$16
BDCV,$4.75,1440425430639,"1,404",100% bearish,of 1 rating,$10.19
BCBP,$11.56,1440425430665,"5,200",Not yet rated,NULL,N/A
BBGI,NULL,1440425430937,0,100% bearish,of 1 rating,N/A
BECN,$34.66,1440425430964,"29,590",50% bullish,of 2 ratings,$40
BSF,$8.73,1440425431014,"2,554",Not yet rated,NULL,N/A
BEBE,$1.797,1440425431110,"12,306",75% bullish,of 4 ratings,$3.075
BBBY,$60.69,1440425431337,"417,818",71% bullish,of 7 ratings,$75
BELFA,$14.19,1440425431394,"1,210",100% bearish,of 1 rating,N/A
BNCL,$12.32,1440425431420,"40,277",100% bullish,of 3 ratings,$12.50
BLPH,$4.5,1440425431451,"6,534",100% bearish,of 1 rating,$12.50
BELFB,$17.31,1440425431482,"4,619",100% bearish,of 1 rating,N/A
BLCM,$17.05,1440425431504,"51,346",50% bullish,of 4 ratings,$40
BNFT,$35.28,1440425431534,"12,480",67% bullish,of 3 ratings,$46
BNTC,$8.33,1440425431566,"3,610",100% bullish,of 1 rating,N/A
BGMD,$0.8,1440425431724,"33,424",100% bullish,of 10 ratings,N/A
BGCP,$8.48,1440425431861,"333,921",88% bullish,of 8 ratings,$14
BGFV,$10.5175,1440425431942,"31,191",57% bullish,of 7 ratings,$12
BIND,$4.18,1440425431968,"22,357",75% bullish,of 4 ratings,$13.50
ORPN,$4.93,1440425432047,"7,252",100% bullish,of 1 rating,$28.50
BIOC,$1.984,1440425432231,"138,934",83% bullish,of 6 ratings,$3.85
BCDA,NULL,1440425432258,0,Not yet rated,NULL,N/A
BASI,$1.35,1440425432306,"2,570",Not yet rated,NULL,N/A
BIOD,$0.6399,1440425432443,"25,130",80% bullish,of 5 ratings,$4
BDSI,$6.23,1440425432477,"168,078",88% bullish,of 8 ratings,$17
BCRX,$11.73,1440425432498,"66,491",63% bullish,of 8 ratings,$18
BIIB,$281.8999,1440425432576,"582,048",88% bullish,of 16 ratings,$400
BLFS,$1.9263,1440425432633,"38,935",100% bearish,of 1 rating,$4.75
BIOL,$1.385,1440425432661,"35,754",Not yet rated,NULL,N/A
BLRX,$1.3,1440425432707,"167,016",100% bullish,of 12 ratings,$5
BMRN,$121.37,1440425432732,"271,665",80% bullish,of 5 ratings,$160
BVXV,$3.3,1440425432923,"29,443",Not yet rated,NULL,N/A
BVXVW,$0.7,1440425433117,"23,742",100% bearish,of 1 rating,N/A
BPTH,$1.04,1440425433152,"87,122",100% bullish,of 2 ratings,$5
BIOS,$1.7599,1440425433179,"146,049",71% bullish,of 7 ratings,$4
BBC,$29,1440425433204,"18,286",Not yet rated,NULL,N/A
BRLI,NULL,1440425433243,0,NULL,NULL,NULL
BSTC,$46.91,1440425433269,"12,091",100% bearish,of 1 rating,$76
BBP,$30.31,1440425433349,"41,663",Not yet rated,NULL,N/A
TECH,$98.64,1440425433402,"19,696",100% bullish,of 1 rating,$117
BSPM,$0.6,1440425433530,"34,531",50% bullish,of 2 ratings,N/A
BOTA,$2.075,1440425433578,"34,237",88% bullish,of 8 ratings,N/A
BEAT,$13.345,1440425433625,"97,703",67% bearish,of 3 ratings,$15
BITI,$16.64,1440425433650,"3,274",100% bullish,of 1 rating,$28
BDMS,NULL,1440425433675,0,100% bearish,of 1 rating,N/A
BJRI,$43.238,1440425433845,"52,534",50% bullish,of 2 ratings,$55
BBOX,$15.04,1440425434051,"8,449",100% bearish,of 1 rating,N/A
BDE,$7.19,1440425434188,"40,964",50% bullish,of 2 ratings,$9
HAWK,$39.77,1440425434224,"166,264",91% bullish,of 11 ratings,$49
BLKB,$57.14,1440425434250,"9,394",100% bearish,of 2 ratings,$66
BBRY,$6.9737,1440425434278,"2,309,338",61% bullish,of 330 ratings,$9
BKCC,$8.8499,1440425434304,"398,840",100% bullish,of 2 ratings,$10
ADRA,$23.65,1440425434333,"4,038",Not yet rated,NULL,N/A
ADRD,$20.88,1440425434432,"5,926",100% bearish,of 1 rating,N/A
ADRU,$20.99,1440425434710,"6,636",100% bearish,of 1 rating,N/A
ADRE,$29.21,1440425434738,"13,916",Not yet rated,NULL,N/A
BLMN,$19.7235,1440425434778,"162,522",83% bullish,of 6 ratings,$27.50
BUFF,$25.02,1440425434803,"136,004",83% bullish,of 12 ratings,$31.50
BLBD,$10.5201,1440425434832,575,Not yet rated,NULL,N/A
BCOR,$13.135,1440425434853,"38,499",57% bullish,of 7 ratings,$15
BBLU,$0.6,1440425435024,"84,048",100% bullish,of 2 ratings,$4.43
BHBK,$14.02,1440425435154,"30,379",100% bullish,of 1 rating,$14.50
NILE,$32.7297,1440425435303,"43,847",50% bullish,of 2 ratings,$34
BKEP,$6.5962,1440425435334,"13,952",100% bearish,of 1 rating,$8.50
BLUE,$121.67,1440425435356,"139,008",71% bullish,of 7 ratings,$217.50
BKEPP,NULL,1440425435376,0,100% bearish,of 1 rating,N/A
BPMC,$23.51,1440425435414,"26,391",50% bullish,of 2 ratings,$47.50
BNCN,$20.69,1440425435505,"5,502",Not yet rated,NULL,$23
BOBE,$43.24,1440425435635,"24,191",75% bullish,of 4 ratings,$57
BOFI,$121.18,1440425435736,"108,771",100% bullish,of 6 ratings,$144
BOJA,$20.05,1440425435762,"66,345",100% bullish,of 1 rating,$30
WIFI,$7.57,1440425435787,"62,676",50% bullish,of 2 ratings,$13.50
BOKF,$59.89,1440425435812,"26,034",100% bearish,of 1 rating,$70.50
BNSO,$1.39,1440425435948,100,100% bearish,of 1 rating,N/A
BONA,$10.56,1440425435975,"225,736",75% bullish,of 4 ratings,$8.50
BPFHP,NULL,1440425436170,0,100% bearish,of 1 rating,N/A
BAMM,$3.15,1440425436293,"33,746",60% bullish,of 5 ratings,N/A
BPFH,$11.7,1440425436321,"51,089",100% bearish,of 1 rating,$14
BPFHW,NULL,1440425436342,0,100% bearish,of 1 rating,N/A
BDBD,$8.055,1440425436375,"151,933",60% bullish,of 5 ratings,$10
BCLI,$2.7579,1440425436481,"98,849",80% bullish,of 5 ratings,$12
EPAY,$24.78,1440425436508,"6,867",100% bearish,of 2 ratings,$30
BBEP,$2.148,1440425436776,"459,809",69% bullish,of 13 ratings,$5.625
BBRG,$12.1,1440425436913,"21,843",67% bullish,of 3 ratings,$14.50
BLIN,$1.2101,1440425437045,"3,800",50% bullish,of 2 ratings,$2.20
BBEPP,$12.6919,1440425437071,"23,599",100% bearish,of 1 rating,N/A
BDGE,$26.51,1440425437204,"1,234",Not yet rated,NULL,$31.75
BRID,NULL,1440425437303,0,100% bearish,of 1 rating,N/A
BCOV,$5.1,1440425437489,"19,492",67% bullish,of 3 ratings,$10.20
BRCM,$46.95,1440425437879,"926,299",75% bullish,of 12 ratings,$56
BSFT,$29.59,1440425437986,"27,410",57% bullish,of 7 ratings,$40.50
BWEN,$3.1638,1440425438036,"9,474",100% bullish,of 3 ratings,$8
BVSN,$5.81,1440425438061,"2,112",60% bearish,of 5 ratings,N/A
BRCD,$10.09,1440425438132,"626,562",92% bullish,of 13 ratings,$12
BYFC,NULL,1440425438157,0,50% bullish,of 2 ratings,N/A
BRKL,$10.45,1440425438227,"52,887",100% bearish,of 1 rating,$10.75
BRKS,$10.13,1440425438445,"20,810",67% bullish,of 3 ratings,$15.25
BRKR,$18.59,1440425438573,"24,785",100% bearish,of 2 ratings,$22
BLMT,$20.64,1440425438598,"2,224",Not yet rated,NULL,N/A
BMTC,$28.78,1440425438632,"10,763",Not yet rated,NULL,$34
BSQR,$5.67,1440425438658,"27,520",67% bullish,of 3 ratings,N/A
BWLD,$187.23,1440425438683,"82,832",82% bullish,of 11 ratings,$205
BLDR,$14.14,1440425438742,"362,116",50% bullish,of 2 ratings,$22
BUR,$1.83,1440425438959,102,100% bearish,of 1 rating,$8
CFFI,$34.25,1440425438985,110,100% bearish,of 1 rating,N/A
CHRW,$66.195,1440425439056,"289,515",Not yet rated,NULL,$72
CCMP,$43.08,1440425439139,"4,318",50% bullish,of 2 ratings,$59
CA,$26.332,1440425439187,"491,167",50% bullish,of 4 ratings,$33
CDNS,$19.36,1440425439216,"238,128",75% bullish,of 4 ratings,$22.50
CDZI,$7.2,1440425439319,"2,688",100% bearish,of 1 rating,N/A
CSTE,$43.94,1440425439508,"68,078",100% bearish,of 1 rating,$65
CZR,$8.09,1440425439534,"322,882",60% bearish,of 5 ratings,$10.50
CACQ,$6.82,1440425439581,"5,426",100% bearish,of 1 rating,$12.25
CLMS,$10.59,1440425439726,"27,409",Not yet rated,NULL,$10.50
PRSS,$4.17,1440425439787,"10,357",80% bullish,of 5 ratings,$4.50
CLBS,$1.1799,1440425439916,"50,877",79% bullish,of 14 ratings,$4
CHY,$10.95,1440425440015,"322,811",Not yet rated,NULL,N/A
CHI,$10.21,1440425440508,"228,977",100% bearish,of 1 rating,N/A
CCD,$18.13,1440425440542,"13,232",Not yet rated,NULL,N/A
CFGE,$9.6,1440425440674,"1,004",Not yet rated,NULL,N/A
CHW,$6.88,1440425440700,"155,294",100% bearish,of 1 rating,N/A
CGO,$11.35,1440425440843,"17,503",100% bearish,of 1 rating,N/A
CSQ,$9.16,1440425441031,"214,438",Not yet rated,NULL,N/A
CAMP,$14.85,1440425441375,"100,525",88% bullish,of 8 ratings,$25
CVGW,$53.62,1440425441431,"13,523",50% bullish,of 2 ratings,$58.50
CFNB,NULL,1440425441520,0,100% bearish,of 1 rating,N/A
CALD,$14.78,1440425441575,"51,611",100% bearish,of 1 rating,$20.50
CALA,$4.7796,1440425441601,"82,930",100% bullish,of 3 ratings,$19.50
CLMT,$24.139,1440425441730,"269,878",75% bullish,of 8 ratings,$31
CALM,$47.663,1440425441763,"115,228",80% bullish,of 5 ratings,$65
ABCD,$4.6,1440425441825,"15,496",83% bullish,of 6 ratings,N/A
CAMBU,NULL,1440425441999,0,100% bearish,of 1 rating,N/A
CAMB,$9.95,1440425442027,100,Not yet rated,NULL,N/A
CAC,$39.35,1440425442048,943,Not yet rated,NULL,N/A
CAMBW,$0.1,1440425442186,"2,360",Not yet rated,NULL,N/A
CAMT,$2.53,1440425442251,"44,332",73% bullish,of 11 ratings,$4
CGIX,$8.99,1440425442322,"15,743",67% bullish,of 3 ratings,$14.375
CSIQ,$16.12,1440425442348,"770,005",86% bullish,of 28 ratings,$45
CPHC,$10.08,1440425442401,"2,711",100% bearish,of 1 rating,N/A
CBNJ,$10.55,1440425442430,"7,328",100% bullish,of 1 rating,N/A
CPLA,$47.14,1440425442531,"8,758",67% bearish,of 3 ratings,$65
CCBG,$15.29,1440425442617,"2,014",Not yet rated,NULL,$17.25
CBF,$29.25,1440425442714,"18,451",Not yet rated,NULL,$32
CPLP,$6.62,1440425442863,"270,951",71% bullish,of 7 ratings,$11
CSWC,$45.06,1440425442930,"3,555",Not yet rated,NULL,N/A
CAPN,$1.795,1440425442967,"20,960",100% bullish,of 1 rating,$10.85
CFFN,$11.86,1440425442992,"115,954",Not yet rated,NULL,$12.75
CPTA,$13.46,1440425443022,"36,253",100% bearish,of 1 rating,$18.50
CAPNW,NULL,1440425443049,0,Not yet rated,NULL,N/A
CAPR,$3.95,1440425443123,650,Not yet rated,NULL,$12
CPST,$0.3501,1440425443325,"279,449",95% bullish,of 22 ratings,$1.25
CARA,$19.04,1440425443363,"76,416",50% bullish,of 4 ratings,$25
CRDC,$0.3686,1440425443413,"28,039",100% bullish,of 1 rating,$1.25
CARB,$11.06,1440425443495,"4,000",75% bullish,of 4 ratings,$12
CBYL,$6.012,1440425443541,"12,249",100% bearish,of 1 rating,$20
CFNL,$22.05,1440425443566,"22,088",Not yet rated,NULL,$24
CSII,$23.21,1440425443736,"23,710",100% bearish,of 2 ratings,$42.125
CRME,$9,1440425443891,"8,899",89% bullish,of 9 ratings,$11.25
CDNA,NULL,1440425443942,0,100% bearish,of 1 rating,$9
CECO,$3.495,1440425444162,"38,017",67% bearish,of 3 ratings,$6
CTRE,$11.71,1440425444216,"43,536",50% bullish,of 2 ratings,N/A
CATM,$33.07,1440425444247,"48,103",100% bearish,of 1 rating,$44
CKEC,$21.26,1440425444348,"25,056",50% bullish,of 2 ratings,$35.915
CART,$5.35,1440425444479,120,100% bearish,of 1 rating,N/A
CARO,$15.49,1440425444506,300,100% bearish,of 1 rating,$19
CLBH,$12.61,1440425444533,300,Not yet rated,NULL,$16.50
TAST,$11.66,1440425444690,"33,636",Not yet rated,NULL,$14.25
CRZO,$30.32,1440425444719,"120,892",67% bearish,of 3 ratings,$57
CARV,NULL,1440425444779,0,50% bullish,of 2 ratings,N/A
CRTN,NULL,1440425444804,0,100% bearish,of 1 rating,N/A
CASM,$1.067,1440425444830,"1,050",100% bullish,of 1 rating,$3.50
CACB,$5.29,1440425444994,"27,622",Not yet rated,NULL,$5.50
CSCD,$14.52,1440425445070,"15,806",100% bullish,of 2 ratings,$17
CASY,$103.62,1440425445199,"69,651",50% bullish,of 2 ratings,$99.50
CWST,$5.92,1440425445325,"24,733",50% bullish,of 2 ratings,$7.25
CASS,$45.4,1440425445394,"5,167",100% bearish,of 1 rating,N/A
CASI,$1.38,1440425445420,"6,404",100% bullish,of 1 rating,$3.50
CATB,$10.94,1440425445450,"4,210",100% bearish,of 1 rating,$28
CPRX,$3.4188,1440425445496,"243,882",71% bullish,of 7 ratings,$7
CATY,$29.14,1440425445709,"87,921",100% bearish,of 1 rating,$33.50
CATYW,NULL,1440425445736,0,100% bearish,of 1 rating,N/A
CVCO,$71.03,1440425445796,"4,146",100% bearish,of 1 rating,N/A
CBFV,$20.6055,1440425445867,900,Not yet rated,NULL,N/A
CAVM,$63.685,1440425445896,"101,253",67% bearish,of 3 ratings,$72
CNLMR,NULL,1440425445957,0,Not yet rated,NULL,N/A
CNLM,NULL,1440425446029,0,Not yet rated,NULL,N/A
CNLMU,NULL,1440425446056,0,100% bullish,of 1 rating,N/A
CBOE,$60.07,1440425446289,"49,092",Not yet rated,NULL,$60
CNLMW,NULL,1440425446350,0,Not yet rated,NULL,N/A
CDW,$37.44,1440425446379,"143,745",75% bullish,of 4 ratings,$44
CDK,$47.95,1440425446410,"158,492",67% bearish,of 3 ratings,$50
CELG,$114.29,1440425446517,"1,867,099",92% bullish,of 13 ratings,$155.50
CECE,$9.02,1440425446808,"18,860",50% bullish,of 2 ratings,$16
CPXX,$1.9637,1440425446951,"96,713",100% bullish,of 2 ratings,$7
CLDX,$13.245,1440425447022,"428,192",89% bullish,of 9 ratings,$36
CLRB,$3,1440425447116,"1,040",100% bearish,of 1 rating,N/A
CLRBW,NULL,1440425447141,0,Not yet rated,NULL,N/A
CELGZ,$1.75,1440425447170,540,80% bullish,of 5 ratings,N/A
CLDN,$1.017,1440425447198,"69,162",71% bullish,of 7 ratings,$3
CLLS,$27.87,1440425447275,"21,877",75% bullish,of 4 ratings,$51.50
CLTX,$2.7372,1440425447605,"157,646",100% bullish,of 2 ratings,N/A
CLSN,$1.84,1440425447638,"41,763",80% bullish,of 10 ratings,$7.50
CYAD,$44.47,1440425447681,"1,000",100% bullish,of 1 rating,$87.50
CETX,$2.32,1440425447740,"3,080",Not yet rated,NULL,$5.60
CEMP,$34.18,1440425447773,"146,302",71% bullish,of 7 ratings,$52
CETV,$1.94,1440425447799,"29,014",67% bullish,of 3 ratings,$2.80
CBMG,$22.75,1440425447874,"20,167",50% bullish,of 2 ratings,N/A
CSFL,$13.65,1440425448007,"68,412",Not yet rated,NULL,$15
CFBK,$1.37,1440425448162,"4,600",Not yet rated,NULL,N/A
CENTA,$12.37,1440425448259,"31,701",Not yet rated,NULL,N/A
CENT,$11.72,1440425448303,"32,500",Not yet rated,NULL,$10
CVCY,$11.132,1440425448388,300,Not yet rated,NULL,$12
CNBKA,$38.36,1440425448438,"1,520",50% bullish,of 2 ratings,N/A
CENX,$4.86,1440425448468,"279,236",67% bullish,of 6 ratings,$9
CRNT,$1.23,1440425448566,"116,698",50% bullish,of 2 ratings,$2
CNTY,$6.18,1440425448594,"4,817",80% bullish,of 5 ratings,$7.75
CPHD,$47.305,1440425448619,"164,107",50% bullish,of 2 ratings,$66.50
CERE,$0.9602,1440425448663,"89,520",88% bullish,of 8 ratings,N/A
CERN,$60.65,1440425448829,"605,176",67% bullish,of 3 ratings,$79
CERU,$3.05,1440425448908,"21,952",75% bullish,of 4 ratings,$15
CERS,$4.625,1440425448933,"173,369",75% bullish,of 4 ratings,$7
KOOL,$0.65,1440425448975,"33,877",100% bullish,of 5 ratings,$7
CEVA,$17.57,1440425449076,"10,395",100% bearish,of 1 rating,$25
CTHR,$1.21,1440425449383,"35,271",50% bullish,of 2 ratings,$2.50
CYOU,$18.86,1440425449412,"43,234",50% bullish,of 6 ratings,$24
GTLS,$21.84,1440425449440,"46,535",50% bullish,of 4 ratings,$40
CHFN,$12.41,1440425449477,"3,533",Not yet rated,NULL,$14
CHTR,$171.31,1440425449499,"433,285",100% bearish,of 2 ratings,$196
HOTR,$1.395,1440425449520,"29,401",100% bullish,of 2 ratings,$5
HOTRW,NULL,1440425449541,0,Not yet rated,NULL,N/A
CHKP,$74.96,1440425449585,"409,217",50% bullish,of 4 ratings,$92
CHEKW,$1.0687,1440425449903,500,Not yet rated,NULL,N/A
CEMI,$3.99,1440425450169,"12,074",50% bullish,of 2 ratings,$7.50
CHEK,$3,1440425450194,"2,908",Not yet rated,NULL,$7.75
CHFC,$30.9,1440425450446,"7,818",100% bearish,of 1 rating,$36
CHMG,$26.375,1440425450472,260,Not yet rated,NULL,$30
CHKE,$24.09,1440425450500,"8,250",100% bearish,of 1 rating,$32.50
CCXI,$6.58,1440425450550,"20,592",67% bullish,of 3 ratings,$14
CHEV,$14.25,1440425450637,604,Not yet rated,NULL,N/A
CBNK,$16.51,1440425450680,300,100% bearish,of 1 rating,N/A
CHMA,$21.97,1440425450704,"59,022",Not yet rated,NULL,$40
CADC,$3.25,1440425450742,"5,420",78% bullish,of 9 ratings,N/A
PLCE,$58.83,1440425450875,"81,234",100% bearish,of 1 rating,$71
CMRX,$45.436,1440425450900,"64,411",50% bullish,of 2 ratings,$57
CALI,$0.86,1440425451032,"8,600",67% bullish,of 3 ratings,N/A
CAAS,$6.109,1440425451078,"11,916",93% bullish,of 14 ratings,$11.50
CBAK,$1.46,1440425451255,"18,450",67% bullish,of 9 ratings,N/A
CBPO,$92.94,1440425451356,"58,978",75% bullish,of 8 ratings,$140.50
CCCL,$0.8062,1440425451382,"1,420",100% bullish,of 6 ratings,N/A
CCCR,NULL,1440425451414,0,67% bearish,of 3 ratings,N/A
JRJC,$3.2501,1440425451510,"120,383",82% bullish,of 11 ratings,N/A
CHOP,$1.33,1440425451536,"10,676",50% bullish,of 2 ratings,N/A
HGSH,$1.7,1440425451592,"12,145",67% bullish,of 3 ratings,N/A
CHLN,$1.58,1440425451695,468,67% bullish,of 3 ratings,N/A
CNIT,$1.27,1440425451749,"81,901",67% bullish,of 6 ratings,N/A
CJJD,$1.74,1440425451824,"29,040",100% bullish,of 1 rating,N/A
CHNR,$1.39,1440425451850,"4,408",100% bearish,of 1 rating,N/A
HTHT,$23.49,1440425451881,"12,924",50% bullish,of 2 ratings,$28.40
CREG,$0.63,1440425451980,"25,839",100% bullish,of 3 ratings,N/A
CPGI,$6.95,1440425452050,"2,844",Not yet rated,NULL,N/A
CCIH,$5.85,1440425452256,"121,662",67% bullish,of 6 ratings,$12.65
CNTF,$0.6999,1440425452283,"78,926",Not yet rated,NULL,N/A
CXDC,$6.0094,1440425452305,"25,652",67% bullish,of 3 ratings,N/A
CNYD,$3.05,1440425452342,"6,494",67% bullish,of 3 ratings,N/A
CSUN,$1.2,1440425452363,"24,941",80% bullish,of 5 ratings,N/A
IMOS,$15.88,1440425452396,"45,517",60% bullish,of 5 ratings,$21.50
CNET,$0.7501,1440425452496,"35,720",50% bullish,of 2 ratings,N/A
CHSCL,$26.742,1440425452541,"7,154",Not yet rated,NULL,N/A
CHSCM,$25.43,1440425452686,"18,259",Not yet rated,NULL,N/A
CHSCN,$26.85,1440425452750,"3,003",Not yet rated,NULL,N/A
CHSCO,$27.8,1440425452885,"5,045",Not yet rated,NULL,N/A
CHDN,$127.68,1440425452985,"3,023",Not yet rated,NULL,$165
CHUY,$29.72,1440425453191,"47,896",50% bullish,of 2 ratings,$34
CIFC,$6.98,1440425453218,"2,808",100% bearish,of 1 rating,N/A
CHSCP,$29.9,1440425453260,"2,643",Not yet rated,NULL,N/A
CDTX,$13.69,1440425453348,"4,816",Not yet rated,NULL,$22
CMCT,$15.5,1440425453377,702,100% bearish,of 1 rating,N/A
CMPR,$66.76,1440425453407,"51,184",50% bullish,of 2 ratings,$72.50
CINF,$52.0204,1440425453509,"144,787",50% bullish,of 4 ratings,$50.50
CIDM,$0.6,1440425453599,"19,482",50% bullish,of 2 ratings,$2.10
CTAS,$81.76,1440425453639,"98,037",100% bearish,of 1 rating,$91
CPHR,$5.45,1440425453666,"7,580",100% bearish,of 1 rating,$17
CRUS,$27.12,1440425453825,"364,818",75% bullish,of 12 ratings,$44.50
CSCO,$25.61,1440425453953,"8,074,312",84% bullish,of 208 ratings,$32
CTRN,$26.81,1440425454048,"24,996",100% bearish,of 1 rating,$31.50
CZWI,$8.95,1440425454076,"8,000",Not yet rated,NULL,N/A
CZFC,NULL,1440425454105,0,Not yet rated,NULL,N/A
CZNC,$19.52,1440425454127,"2,446",Not yet rated,NULL,N/A
CTXS,$70.12,1440425454157,"372,092",86% bullish,of 7 ratings,$80
CIZN,$19.29,1440425454178,300,Not yet rated,NULL,N/A
CIVB,$10.15,1440425454524,300,Not yet rated,NULL,$11
CIVBP,$32.93,1440425454570,500,Not yet rated,NULL,N/A
CLNT,$1.4,1440425454597,"2,566",75% bullish,of 8 ratings,N/A
CHCO,$46.62,1440425454618,"9,011",Not yet rated,NULL,$46
CDTI,$1.5,1440425454654,"61,762",75% bullish,of 4 ratings,$3.20
CLFD,$16.64,1440425454751,"18,451",67% bullish,of 3 ratings,$18
CLNE,$4,1440425454777,"388,220",80% bullish,of 15 ratings,$9
CSBK,$13.66,1440425455058,"13,609",Not yet rated,NULL,N/A
CLRO,$11,1440425455086,"6,699",50% bullish,of 2 ratings,$14.25
CLIR,$4.5,1440425455117,"13,602",100% bullish,of 3 ratings,N/A
CMFN,$11.2939,1440425455143,"9,602",100% bearish,of 1 rating,$15.50
CBLI,$3.49,1440425455169,"21,794",60% bullish,of 5 ratings,N/A
CLVS,$69.5,1440425455190,"74,190",60% bullish,of 5 ratings,$101.50
CME,$88.9396,1440425455223,"331,862",67% bullish,of 3 ratings,$102
CISG,$6.885,1440425455498,"114,455",100% bullish,of 5 ratings,$10
CCNE,$16.9199,1440425455571,"4,747",50% bullish,of 2 ratings,$21.50
COKE,$144.74,1440425455645,"21,208",79% bullish,of 19 ratings,N/A
COBZ,$12.85,1440425455673,"27,920",100% bullish,of 1 rating,$14
CNV,$4.38,1440425455702,"12,789",50% bullish,of 2 ratings,$7.15
CWAY,$11.26,1440425455806,"2,254",Not yet rated,NULL,N/A
CDRB,$8.62,1440425455965,"14,122",67% bullish,of 3 ratings,N/A
CVLY,$20.45,1440425456010,"1,942",Not yet rated,NULL,N/A
CCOI,$26.93,1440425456059,"116,744",50% bullish,of 4 ratings,$35
CDXS,$3.8062,1440425456143,"15,350",64% bullish,of 11 ratings,$6
JVA,$4.41,1440425456174,"9,335",83% bullish,of 6 ratings,$7
CGNT,$1.631,1440425456205,"7,598",100% bullish,of 2 ratings,$2
CGNX,$34.7601,1440425456226,"90,556",50% bullish,of 2 ratings,$47
CTSH,$60.5,1440425456257,"914,766",90% bullish,of 10 ratings,$75
COHR,$56.21,1440425456626,"11,122",50% bullish,of 2 ratings,$72
COHU,$9.61,1440425456655,"16,381",100% bearish,of 1 rating,$14.25
CHRS,$28.61,1440425456681,"30,701",67% bearish,of 3 ratings,$37
CLRX,$0.47,1440425456754,"3,406",50% bullish,of 2 ratings,N/A
CIGI,$41.8,1440425456851,933,100% bearish,of 1 rating,$52
CBAN,$9.07,1440425456879,"1,704",Not yet rated,NULL,N/A
COLL,$14.18,1440425456905,"22,363",100% bearish,of 1 rating,$26
CLCT,$16.7801,1440425457036,"24,963",100% bearish,of 1 rating,N/A
CLCD,$7.2,1440425457078,"5,110",100% bearish,of 1 rating,$20.50
CMCO,$19.4999,1440425457135,"5,466",60% bullish,of 5 ratings,$28
COLM,$59.6,1440425457179,"36,860",100% bearish,of 1 rating,$71
COLB,$29.83,1440425457237,"66,848",Not yet rated,NULL,$36
CMCSK,$56.145,1440425457323,"950,872",Not yet rated,NULL,$84
CBMX,$1.12,1440425457364,"3,652",83% bullish,of 6 ratings,$3.15
CMCSA,$54.915,1440425457432,"2,627,462",66% bullish,of 35 ratings,$69.50
CBSH,$43.95,1440425457570,"84,672",50% bullish,of 2 ratings,$46
COMM,$27.91,1440425457864,"249,762",67% bearish,of 3 ratings,$35
CBSHP,$25.3396,1440425457891,"2,948",100% bearish,of 1 rating,N/A
CVGI,$4.54,1440425457912,"9,049",50% bullish,of 2 ratings,$6
CUBN,NULL,1440425457950,0,Not yet rated,NULL,N/A
CSAL,$19.9857,1440425457971,"204,606",75% bullish,of 4 ratings,$30
JCS,$8.13,1440425457993,"7,184",67% bullish,of 3 ratings,N/A
CYHHZ,$0.0101,1440425458026,"214,890",100% bullish,of 1 rating,N/A
CTBI,$34.4,1440425458058,"8,834",Not yet rated,NULL,$36
CWBC,NULL,1440425458383,0,Not yet rated,NULL,N/A
ESXB,$5.02,1440425458408,"1,000",Not yet rated,NULL,N/A
CIZ,$31.53,1440425458433,450,100% bearish,of 1 rating,N/A
COB,$10.1,1440425458459,800,100% bullish,of 1 rating,$11.75
CVLT,$35.91,1440425458480,"69,687",75% bullish,of 4 ratings,$44.50
CIL,NULL,1440425458678,0,Not yet rated,NULL,N/A
CID,NULL,1440425458742,0,Not yet rated,NULL,N/A
CDC,$33.63,1440425458773,"5,961",Not yet rated,NULL,N/A
CSA,NULL,1440425458810,0,Not yet rated,NULL,N/A
CFO,$34.38,1440425458838,"8,948",100% bearish,of 1 rating,N/A
CSF,NULL,1440425458870,0,100% bearish,of 1 rating,N/A
CFA,$34.4,1440425458903,10,100% bearish,of 1 rating,N/A
CDL,NULL,1440425458927,0,Not yet rated,NULL,N/A
CSB,NULL,1440425459121,0,Not yet rated,NULL,N/A
CGEN,$4.81,1440425459148,"52,166",50% bullish,of 2 ratings,$11
CPSI,$44.08,1440425459355,"8,269",100% bearish,of 1 rating,$45.50
CHCI,NULL,1440425459432,0,50% bullish,of 2 ratings,N/A
CTG,$6.57,1440425459461,"11,207",100% bearish,of 1 rating,$8.50
SCOR,$54.53,1440425459482,"32,669",100% bearish,of 1 rating,$66
CMTL,$25.75,1440425459512,"6,068",100% bearish,of 2 ratings,$37
CNSI,$18.1,1440425459638,"16,264",100% bearish,of 2 ratings,$29
CXRX,$63.51,1440425459663,880,Not yet rated,NULL,$90
CNCE,$15.27,1440425459716,"17,675",75% bullish,of 4 ratings,$22
CNAT,$3.6525,1440425459750,"32,042",83% bullish,of 6 ratings,$13
CDORO,$18,1440425459844,904,100% bearish,of 1 rating,N/A
CCUR,$5.08,1440425459872,"10,884",75% bullish,of 4 ratings,N/A
CDOR,$1.33,1440425459903,"2,520",100% bullish,of 1 rating,N/A
CFMS,$20.149,1440425459998,"47,633",Not yet rated,NULL,$27
CDORP,$6.65,1440425460139,"1,140",100% bearish,of 1 rating,N/A
CNFR,$10.2,1440425460332,"5,454",Not yet rated,NULL,N/A
CNXR,$6.17,1440425460365,"10,229",100% bearish,of 1 rating,$12
CTWS,$34.6,1440425460414,"4,954",100% bearish,of 1 rating,$44
CNMD,$52.85,1440425460483,"17,153",Not yet rated,NULL,$59
CNOB,$18.69,1440425460511,"5,304",100% bullish,of 1 rating,$23.50
CONN,$30.14,1440425460535,"112,244",67% bullish,of 3 ratings,$48.50
CNSL,$19.07,1440425460640,"44,274",100% bearish,of 1 rating,$23
CTCT,$23.331,1440425460738,"41,985",67% bullish,of 3 ratings,$37
CWCO,$10.02,1440425460764,"39,754",67% bullish,of 3 ratings,$14.50
CPSS,$5.51,1440425460792,"5,486",100% bullish,of 1 rating,$10
CFRX,$4.8,1440425460825,"23,043",Not yet rated,NULL,$14
CFRXW,$1.56,1440425460956,9,100% bearish,of 1 rating,N/A
CFRXZ,$0.44,1440425460989,"9,150",Not yet rated,NULL,N/A
CTRV,$3.66,1440425461158,"13,404",Not yet rated,NULL,$6.40
CTRL,$7.51,1440425461319,"37,901",50% bullish,of 2 ratings,$11
CRBP,$1.8472,1440425461345,"184,588",100% bullish,of 2 ratings,$6.25
CPRT,$33.85,1440425461380,"35,580",67% bearish,of 3 ratings,$40
BVA,NULL,1440425461481,0,50% bullish,of 2 ratings,N/A
CORI,$10.4,1440425461508,"5,283",100% bearish,of 1 rating,$18
CORE,$58.29,1440425461535,"10,125",100% bearish,of 1 rating,$72
CSOD,$35.28,1440425461556,"97,537",50% bullish,of 2 ratings,$42
CORT,$4.5,1440425461861,"54,514",67% bullish,of 3 ratings,$12
COSI,$1.0899,1440425461927,"11,222",100% bullish,of 1 rating,N/A
CSGP,$175.56,1440425461957,"11,149",50% bullish,of 2 ratings,$235
COST,$133.5101,1440425461985,"818,825",79% bullish,of 24 ratings,$154.50
CPAH,NULL,1440425462013,0,50% bullish,of 2 ratings,N/A
ICBK,NULL,1440425462144,0,Not yet rated,NULL,$21
CVTI,$22.11,1440425462428,"25,335",67% bearish,of 3 ratings,$39
CRVL,$31.27,1440425462529,"20,200",100% bearish,of 1 rating,N/A
COWNL,NULL,1440425462556,0,Not yet rated,NULL,N/A
COWN,$4.9737,1440425462582,"197,952",75% bullish,of 4 ratings,$7
CRAI,$21.72,1440425462613,"6,089",100% bearish,of 1 rating,$36
CPSH,$2.15,1440425462634,970,Not yet rated,NULL,N/A
COVS,$2.41,1440425462655,"83,352",67% bullish,of 3 ratings,N/A
CBRL,$137.88,1440425462716,"94,918",50% bullish,of 2 ratings,$155
BREW,$7.28,1440425462816,"15,460",67% bullish,of 6 ratings,$15
CRAY,$19.23,1440425462994,"48,501",83% bullish,of 6 ratings,$38.50
CACC,$193.9,1440425463019,"13,415",50% bullish,of 2 ratings,$158.50
CREE,$25.12,1440425463049,"202,097",65% bullish,of 17 ratings,$29.50
GLDI,$10.975,1440425463078,"7,702",100% bearish,of 1 rating,N/A
SLVO,$10.2,1440425463099,"14,925",100% bearish,of 1 rating,N/A
CRESY,$9.21,1440425463154,"31,502",100% bearish,of 1 rating,$19
CRTO,$39.75,1440425463552,"162,394",67% bullish,of 6 ratings,$64
CROX,$13.56,1440425463586,"306,208",63% bullish,of 8 ratings,$16.50
CRDS,$1,1440425463615,"4,065",50% bullish,of 4 ratings,$4.50
CRWN,$4.38,1440425463641,"12,232",75% bullish,of 4 ratings,N/A
CCRN,$13.98,1440425463666,"39,979",100% bearish,of 1 rating,$14.25
CRWS,$7.9256,1440425463697,"4,271",Not yet rated,NULL,$10
CYRX,$2.737,1440425463718,"8,260",Not yet rated,NULL,$9
CYRXW,$0.8,1440425463907,"5,400",Not yet rated,NULL,N/A
CTIC,$1.6401,1440425464124,"300,507",84% bullish,of 76 ratings,$5.75
CSPI,$5.64,1440425464153,"3,660",67% bullish,of 3 ratings,N/A
CCLP,$13.22,1440425464174,"48,837",67% bearish,of 3 ratings,$21
CTCM,$1.673,1440425464204,"54,825",80% bearish,of 5 ratings,$3.90
CSGS,$30.07,1440425464230,"26,497",Not yet rated,NULL,$40
CTIB,$3.498,1440425464447,"1,475",100% bearish,of 1 rating,N/A
CTRP,$59.97,1440425464588,"667,803",75% bullish,of 8 ratings,$92
CUI,$4.65,1440425464631,"13,504",50% bullish,of 2 ratings,$10
CMLS,$1.21,1440425464661,"70,141",50% bullish,of 4 ratings,$6
CUNB,$21.77,1440425464694,"2,500",Not yet rated,NULL,$24.50
CPIX,$5.65,1440425464715,217,Not yet rated,NULL,N/A
CUTR,$13.86,1440425464802,"3,973",67% bearish,of 3 ratings,$18
CRIS,$2.44,1440425464846,"107,062",100% bullish,of 8 ratings,$6
CVBF,$15.98,1440425464938,"49,422",Not yet rated,NULL,$18
CYAN,$6.63,1440425465228,684,100% bearish,of 1 rating,N/A
CVV,$10.55,1440425465299,"16,239",100% bullish,of 5 ratings,N/A
CYBX,$63.99,1440425465425,"58,655",50% bullish,of 4 ratings,$71.50
CYCC,$0.5301,1440425465450,"26,525",73% bullish,of 11 ratings,N/A
CYBE,$5.82,1440425465507,"8,196",100% bearish,of 1 rating,N/A
CYBR,$48.799,1440425465537,"745,782",86% bullish,of 7 ratings,$66
CYCCP,NULL,1440425465611,0,100% bearish,of 1 rating,N/A
CBAY,$2.45,1440425465639,"17,904",100% bullish,of 1 rating,$4
CY,$9.1,1440425465805,"764,881",80% bullish,of 10 ratings,$15.50
CYNO,$30.76,1440425465888,"47,318",67% bearish,of 3 ratings,$45.50
CYNA,$15.3,1440425465965,"21,250",100% bullish,of 1 rating,$31.50
CONE,$31.79,1440425466020,"48,863",67% bearish,of 3 ratings,$35
CYRN,$1.56,1440425466050,"45,870",67% bullish,of 3 ratings,$4
CYTK,$6.5,1440425466161,"53,401",71% bullish,of 14 ratings,$13.50
CYTX,$0.3432,1440425466331,"416,063",83% bullish,of 12 ratings,$5.50
CTSO,$6.18,1440425466360,"70,539",Not yet rated,NULL,$15.625
CYTR,$2.07,1440425466871,"206,717",67% bullish,of 6 ratings,$10
TVIZ,$17.97,1440425466906,"5,400",100% bearish,of 1 rating,N/A
TVIX,$12.0511,1440425466938,"6,752,214",81% bullish,of 16 ratings,N/A
DAEG,$0.35,1440425467003,120,100% bearish,of 1 rating,N/A
XIV,$30.4101,1440425467031,"8,554,604",75% bearish,of 4 ratings,N/A
ZIV,$41.7199,1440425467068,"90,885",Not yet rated,NULL,N/A
DJCO,$194,1440425467233,633,Not yet rated,NULL,N/A
DARA,$0.864,1440425467376,"32,419",83% bullish,of 6 ratings,$1.50
DAKT,$11.34,1440425467402,"32,601",50% bullish,of 2 ratings,$14
DAIO,$2.5,1440425467435,"9,529",Not yet rated,NULL,N/A
DRAM,$1.38,1440425467534,"5,302",78% bullish,of 9 ratings,N/A
DTLK,$5.27,1440425467556,"24,242",100% bearish,of 1 rating,$9
DWCH,$4.63,1440425467639,"28,520",75% bullish,of 4 ratings,$8.25
PLAY,$32.65,1440425467700,"32,516",100% bullish,of 5 ratings,$42
DTEA,$13.09,1440425467857,"10,449",100% bearish,of 2 ratings,$24
DWSN,$3.65,1440425467889,"2,338",67% bullish,of 3 ratings,$6
DBVT,$37.91,1440425467914,"37,719",100% bearish,of 1 rating,$53
DHRM,$1.513,1440425467992,"6,500",Not yet rated,NULL,N/A
TRAK,$62.795,1440425468058,"104,448",50% bullish,of 2 ratings,$62.50
DFRG,$14.37,1440425468122,"13,612",100% bearish,of 1 rating,$20
TACOW,$4.05,1440425468253,88,100% bullish,of 1 rating,N/A
TACO,$12.3425,1440425468278,"35,888",75% bullish,of 4 ratings,$20
DCTH,$0.45,1440425468334,"38,277",78% bullish,of 9 ratings,N/A
DELT,NULL,1440425468411,0,Not yet rated,NULL,N/A
DELTW,NULL,1440425468465,0,Not yet rated,NULL,N/A
DGAS,$20.1,1440425468499,"4,044",67% bearish,of 3 ratings,N/A
DEPO,$27.51,1440425468671,"126,904",60% bullish,of 5 ratings,$29
XRAY,$52.02,1440425468713,"68,508",100% bullish,of 1 rating,$58
DSCI,$6.05,1440425468742,"16,290",50% bullish,of 2 ratings,$16
DENN,$11.363,1440425468806,"96,116",100% bullish,of 3 ratings,$15
DERM,$22.86,1440425468880,"51,673",100% bearish,of 1 rating,$33.50
DEST,$11.11,1440425468901,"7,949",50% bullish,of 2 ratings,N/A
DXLG,$4.31,1440425468983,"10,678",100% bearish,of 1 rating,$8
DXCM,$85.5,1440425469224,"224,596",57% bullish,of 7 ratings,$98
DSWL,$1.75,1440425469255,"15,240",100% bullish,of 1 rating,N/A
DXM,$0.2798,1440425469284,"65,662",50% bullish,of 2 ratings,N/A
DHXM,NULL,1440425469305,0,Not yet rated,NULL,N/A
DMND,$28.87,1440425469334,"28,451",75% bullish,of 12 ratings,$32
DHIL,$182.001,1440425469469,229,Not yet rated,NULL,N/A
FANG,$64.63,1440425469498,"351,376",50% bullish,of 2 ratings,$86
DCIX,$1.67,1440425469524,"16,502",50% bullish,of 4 ratings,$3.50
DRNA,$10.06,1440425469781,"15,854",67% bearish,of 3 ratings,$25
DGII,$9.775,1440425469806,"10,856",100% bearish,of 1 rating,$10
DMRC,$35.25,1440425469833,"17,026",100% bearish,of 1 rating,$44
DGLY,$5.6399,1440425469865,"91,911",50% bullish,of 6 ratings,$20
APPS,$2.3,1440425469966,"45,844",100% bearish,of 1 rating,$10.25
DRAD,$3.9387,1440425469991,"26,969",100% bullish,of 1 rating,$5.25
DIOD,$18.99,1440425470354,"26,552",75% bearish,of 4 ratings,$24
DCOM,$16.53,1440425470386,"19,017",100% bearish,of 2 ratings,$16.50
DPRX,$11.04,1440425470541,"3,770",100% bullish,of 2 ratings,$27.75
DISCK,$24.46,1440425470572,"422,605",100% bearish,of 1 rating,$32
DSCO,$0.39,1440425470601,"69,215",83% bullish,of 6 ratings,$2.75
DISCA,$25.77,1440425470626,"417,958",67% bullish,of 3 ratings,$34
DISCB,$29.06,1440425470651,4,100% bearish,of 1 rating,$35
DVCR,$8.5,1440425470841,"2,282",100% bullish,of 1 rating,N/A
DISH,$58.78,1440425470935,"392,096",69% bullish,of 13 ratings,$73
DLTR,$73.585,1440425471011,"448,581",82% bullish,of 11 ratings,$88
DLHC,$2.33,1440425471042,"3,380",100% bearish,of 1 rating,N/A
BAGR,$2.87,1440425471077,"5,659",100% bearish,of 1 rating,$6
DNBF,$26.5,1440425471105,103,Not yet rated,NULL,$27.50
DGICB,NULL,1440425471235,0,100% bearish,of 1 rating,N/A
DMLP,$13.585,1440425471442,"16,013",100% bearish,of 1 rating,N/A
DGICA,$13.73,1440425471473,"5,897",100% bearish,of 1 rating,$17
DRWI,$0.257,1440425471499,"63,475",60% bullish,of 5 ratings,$.45
DORM,$48.95,1440425471524,"37,578",100% bearish,of 1 rating,$56
DRWIW,NULL,1440425471574,0,Not yet rated,NULL,N/A
DWA,$18.976,1440425471754,"253,467",63% bullish,of 8 ratings,$26
HILL,$9.65,1440425471785,"635,878",60% bearish,of 5 ratings,$9.75
DSKX,$3.095,1440425471889,"64,415",100% bullish,of 1 rating,N/A
DRYS,$0.3116,1440425471914,"1,770,080",77% bullish,of 31 ratings,$.60
CADT,$10.02,1440425471945,300,Not yet rated,NULL,N/A
DSPG,$8.31,1440425472092,"6,278",100% bearish,of 1 rating,$13.50
CADTR,$0.2,1440425472138,"24,465",Not yet rated,NULL,N/A
CADTU,NULL,1440425472162,0,Not yet rated,NULL,N/A
DXPE,$28.08,1440425472588,"20,201",50% bullish,of 2 ratings,N/A
BOOM,$9.51,1440425472725,"12,777",67% bullish,of 3 ratings,$12
DYSL,$1.46,1440425472751,"3,120",100% bullish,of 2 ratings,N/A
CADTW,NULL,1440425472931,0,Not yet rated,NULL,N/A
DRRX,$1.94,1440425472977,"46,742",50% bullish,of 6 ratings,$3
ETFC,$24.435,1440425473122,"711,943",57% bullish,of 14 ratings,$33
DTSI,$25.01,1440425473148,"14,979",100% bearish,of 2 ratings,$39.50
DVAX,$26.442,1440425473278,"75,342",70% bullish,of 10 ratings,$40
DYNT,$2.8,1440425473310,458,75% bullish,of 4 ratings,N/A
DNKN,$49.189,1440425473414,"489,880",67% bullish,of 15 ratings,$56.50
EGBN,$41.23,1440425473445,"34,298",Not yet rated,NULL,$48
DYAX,$22.48,1440425473549,"89,342",89% bullish,of 9 ratings,$30
EBMT,$11.48,1440425473606,"2,420",Not yet rated,NULL,$13.50
EROC,$1.0437,1440425473631,"151,915",50% bullish,of 2 ratings,$3
EGRX,$64.8,1440425473711,"56,654",67% bullish,of 3 ratings,$97
EGLE,$5.58,1440425473855,911,60% bullish,of 5 ratings,N/A
EWBC,$39.89,1440425474092,"206,923",100% bearish,of 1 rating,$50
ELNK,$7.995,1440425474129,"150,431",60% bullish,of 5 ratings,$9.50
EML,$18.07,1440425474191,"15,651",Not yet rated,NULL,N/A
EBAY,$25.22,1440425474222,"2,381,416",81% bullish,of 117 ratings,$48
EACQU,NULL,1440425474250,0,Not yet rated,NULL,N/A
EBIX,$26.12,1440425474272,"236,026",69% bullish,of 13 ratings,$40
EVBS,$6.39,1440425474295,"1,145",Not yet rated,NULL,$7
ECTE,$1.44,1440425474613,"13,872",75% bullish,of 4 ratings,N/A
ELON,$0.54,1440425474634,"20,690",50% bullish,of 2 ratings,N/A
ECHO,$24.09,1440425474664,"50,566",67% bearish,of 3 ratings,$35.50
SATS,$42.07,1440425474690,"31,729",50% bullish,of 2 ratings,$60
EEI,$11.0001,1440425474715,"1,504",67% bearish,of 3 ratings,N/A
ECACU,$10.04,1440425474842,"19,800",Not yet rated,NULL,N/A
ESES,$3.02,1440425474947,370,100% bearish,of 1 rating,$7
EDAP,$2.94,1440425475031,"9,154",60% bullish,of 5 ratings,$4.50
EDGW,$7.09,1440425475076,"84,914",100% bearish,of 1 rating,N/A
EDUC,$4.37,1440425475166,"1,370",100% bearish,of 1 rating,N/A
EFUT,$3.8625,1440425475204,"3,046",Not yet rated,NULL,N/A
EGAN,$3.512,1440425475232,"4,900",50% bullish,of 2 ratings,$6.25
EGLT,$10.25,1440425475254,"18,045",50% bullish,of 2 ratings,$21
LOCO,$11.3,1440425475295,"310,195",69% bullish,of 13 ratings,$20
EHTH,$13.32,1440425475391,"18,263",50% bullish,of 4 ratings,$16.50
EMITF,$1.16,1440425475423,"17,492",75% bullish,of 4 ratings,N/A
ERI,$9.2,1440425475797,"16,972",100% bearish,of 1 rating,$10
ESLT,$72.73,1440425475834,"9,922",100% bullish,of 2 ratings,N/A
ELSE,$3.63,1440425475899,400,60% bullish,of 5 ratings,N/A
ESIO,$4.34,1440425475932,"17,589",50% bullish,of 2 ratings,$10
EA,$63.2175,1440425475953,"965,369",77% bullish,of 35 ratings,$80
ELRC,$10.3052,1440425475984,"7,990",100% bearish,of 1 rating,N/A
EFII,$42.2665,1440425476040,"60,975",80% bullish,of 5 ratings,$55
ELECU,NULL,1440425476066,0,Not yet rated,NULL,N/A
EBIO,$3.2,1440425476143,"59,253",100% bearish,of 2 ratings,$8.35
ELECW,NULL,1440425476276,0,Not yet rated,NULL,N/A
RDEN,$10.03,1440425476350,"19,607",100% bearish,of 4 ratings,$15
ELEC,NULL,1440425476375,0,Not yet rated,NULL,N/A
ESBK,NULL,1440425476406,0,Not yet rated,NULL,N/A
CAPX,$21.686,1440425476456,"1,000",Not yet rated,NULL,N/A
LONG,$16.86,1440425476676,"30,723",67% bullish,of 3 ratings,$15.75
ELTK,$1.01,1440425476702,"3,980",67% bearish,of 3 ratings,N/A
EMCF,NULL,1440425476836,0,100% bearish,of 1 rating,N/A
EMMSP,NULL,1440425476861,0,100% bearish,of 1 rating,N/A
EMCI,$21.82,1440425476886,"4,095",Not yet rated,NULL,N/A
EMKR,$6.91,1440425476923,"26,630",75% bullish,of 4 ratings,$8.50
ERS,$2.85,1440425477023,700,Not yet rated,NULL,N/A
EMMS,$1.155,1440425477049,"14,100",67% bullish,of 6 ratings,N/A
NYNY,$3.959,1440425477214,"29,464",50% bullish,of 2 ratings,N/A
ENTA,$38.7999,1440425477300,"66,012",50% bullish,of 2 ratings,$42
ECPG,$38.24,1440425477325,"21,364",100% bullish,of 2 ratings,$52
WIRE,$32.1,1440425477455,"12,273",100% bearish,of 1 rating,$37
ECYT,$4.92,1440425477590,"54,193",83% bullish,of 6 ratings,$12
ENDP,$74.231,1440425477620,"271,973",50% bullish,of 6 ratings,$104
ELGX,$12.85,1440425477693,"69,367",75% bullish,of 4 ratings,$17
EFOI,$15.075,1440425477721,"98,180",50% bullish,of 2 ratings,$20.50
EIGI,$15.01,1440425477748,"125,679",67% bearish,of 3 ratings,$22.50
WATT,$6,1440425477774,"64,455",50% bullish,of 2 ratings,$13
ERII,$2.66,1440425477910,"18,667",80% bullish,of 5 ratings,$2.50
EXXI,$1.37,1440425477938,"480,455",86% bullish,of 7 ratings,$3.50
ENG,$0.98,1440425478011,"19,050",100% bullish,of 3 ratings,N/A
ENOC,$7.99,1440425478144,"74,597",75% bullish,of 4 ratings,$18
ENPH,$4.705,1440425478225,"247,684",75% bullish,of 4 ratings,$11
ESGR,$144.9,1440425478275,966,100% bearish,of 1 rating,$185
ENFC,NULL,1440425478304,0,Not yet rated,NULL,N/A
ETRM,$0.2051,1440425478406,"357,693",69% bearish,of 35 ratings,$1.625
ENTG,$13.47,1440425478437,"47,741",100% bearish,of 1 rating,$18
ENTL,$21.06,1440425478462,544,Not yet rated,NULL,$28
EBTC,$20.47,1440425478536,"3,563",Not yet rated,NULL,N/A
EFSC,$24.1,1440425478607,"8,021",Not yet rated,NULL,$27
ENZN,$0.9201,1440425478775,"355,003",100% bullish,of 9 ratings,N/A
ENVI,$1.7,1440425478803,"2,700",67% bullish,of 3 ratings,N/A
EGT,$2.06,1440425478824,105,100% bullish,of 1 rating,N/A
EPIQ,$13.07,1440425478957,"10,204",100% bearish,of 1 rating,$18
ENZY,$8.65,1440425478983,"6,396",67% bullish,of 3 ratings,$9.50
EPRS,$4.76,1440425479008,"21,483",82% bullish,of 11 ratings,$15
EPZM,$16.01,1440425479033,"43,210",60% bullish,of 5 ratings,$34
PLUS,$75.34,1440425479170,"9,792",50% bullish,of 2 ratings,$88
EQFN,NULL,1440425479207,0,100% bearish,of 1 rating,N/A
EQIX,$262.53,1440425479236,"82,238",75% bullish,of 4 ratings,$312.50
EAC,$3.5,1440425479410,"3,875",100% bearish,of 1 rating,$8
ESCA,$17.68,1440425479485,"7,277",100% bearish,of 1 rating,$22
ERIE,$82.025,1440425479542,"5,312",Not yet rated,NULL,$73
ERIC,$9.59,1440425479575,"559,783",63% bullish,of 8 ratings,$12.20
ESCR,$0.139,1440425479615,"2,366",50% bullish,of 2 ratings,N/A
ESCRP,$1.5,1440425479641,129,100% bearish,of 1 rating,N/A
ESMC,NULL,1440425479816,0,Not yet rated,NULL,N/A
ESPR,$54.23,1440425479846,"181,041",67% bearish,of 9 ratings,$123
ESSA,$12.4,1440425479950,"2,232",100% bearish,of 1 rating,N/A
EPIX,NULL,1440425480012,0,Not yet rated,NULL,N/A
ESSX,$0.48,1440425480157,"13,750",50% bullish,of 2 ratings,N/A
ETSY,$12.9243,1440425480200,"207,344",80% bullish,of 5 ratings,$16
ESND,$34.51,1440425480263,"14,354",100% bearish,of 2 ratings,$40
CLWT,$2.25,1440425480292,"1,350",100% bearish,of 1 rating,N/A
ESEA,$6,1440425480399,425,100% bullish,of 1 rating,$15
EEFT,$61.26,1440425480429,"36,569",100% bearish,of 1 rating,$67.50
EVK,$3.6,1440425480503,"2,700",75% bearish,of 4 ratings,N/A
EVEP,$6.598,1440425480532,"171,964",50% bullish,of 2 ratings,$15
EVLV,$2.1,1440425480637,"17,435",60% bullish,of 5 ratings,$6.50
EVOK,$3.6,1440425480695,"41,604",100% bearish,of 1 rating,$13.375
EXA,$10.6,1440425480827,"3,244",100% bearish,of 1 rating,$13
EVOL,$5.966,1440425480859,"3,752",75% bullish,of 4 ratings,$10
EXAS,$19.6,1440425480959,"399,637",78% bullish,of 9 ratings,$31
EXEL,$5.2081,1440425480987,"1,266,401",81% bullish,of 16 ratings,$6
EXFO,$2.83,1440425481017,"22,620",67% bearish,of 3 ratings,$3.95
EXAC,$17.805,1440425481118,"8,647",100% bearish,of 1 rating,$22.50
EXPE,$108.61,1440425481143,"379,871",64% bullish,of 11 ratings,$130
EXLS,$36,1440425481174,"22,555",100% bullish,of 1 rating,$41
EXPD,$46.7,1440425481272,"273,590",80% bullish,of 5 ratings,$51.50
EXLP,$17.235,1440425481511,"53,448",100% bearish,of 1 rating,$27
EXTR,$2.73,1440425481563,"126,975",80% bullish,of 5 ratings,$3
EYEG,$3.86,1440425481656,"4,533",Not yet rated,NULL,N/A
EXPO,$41.67,1440425481920,"11,956",100% bearish,of 1 rating,$45.50
FFIV,$118.8,1440425481949,"143,036",63% bullish,of 8 ratings,$132
EZCH,$20.3014,1440425482046,"33,569",75% bullish,of 8 ratings,$19.50
EZPW,$5.99,1440425482147,"60,612",50% bullish,of 4 ratings,$7.50
EYEGW,NULL,1440425482174,0,Not yet rated,NULL,N/A
ESRX,$81.655,1440425482304,"1,237,118",67% bearish,of 6 ratings,$101
FB,$82.26,1440425482330,"14,862,575",73% bullish,of 1066 ratings,$111
FCS,$12.89,1440425482503,"88,762",67% bearish,of 3 ratings,$17
FRP,$16.22,1440425482541,"5,762",100% bearish,of 1 rating,$18
FWM,$2.18,1440425482569,"72,198",100% bearish,of 2 ratings,$3.20
FARM,$21.67,1440425482598,"2,239",100% bearish,of 1 rating,$35
DAVE,$13.7,1440425482759,"4,934",100% bearish,of 1 rating,$15.50
FFKT,$26.34,1440425482790,"1,124",Not yet rated,NULL,$29
FALC,$1.53,1440425482811,811,63% bearish,of 8 ratings,N/A
FMNB,$7.7601,1440425482901,"3,913",Not yet rated,NULL,N/A
FARO,$37.82,1440425483087,"20,651",50% bullish,of 2 ratings,$48
FATE,$5.72,1440425483113,"35,878",50% bullish,of 2 ratings,$11
FAST,$37.44,1440425483141,"837,451",80% bullish,of 5 ratings,$46
FBSS,$15.3467,1440425483273,300,Not yet rated,NULL,N/A
FEIC,$75.02,1440425483305,"32,638",50% bullish,of 2 ratings,$95.50
FNHC,$21.34,1440425483326,"10,000",100% bearish,of 1 rating,$35
FBRC,$21.925,1440425483387,"6,735",100% bearish,of 1 rating,$29
FDML,$8.95,1440425483459,"50,104",50% bullish,of 4 ratings,$14
FHCO,$1.3119,1440425483488,"63,693",50% bullish,of 4 ratings,N/A
FENX,$9.79,1440425483635,"12,392",100% bullish,of 1 rating,$14.25
FCSC,$5.4819,1440425483663,"73,285",100% bearish,of 1 rating,$8.125
FGEN,$21.195,1440425483706,"121,297",100% bearish,of 1 rating,$39
ONEQ,$167.2,1440425483848,"64,695",100% bullish,of 1 rating,N/A
LION,$18.32,1440425483905,"35,345",100% bullish,of 1 rating,$20
FDUS,$14.36,1440425484002,"66,555",100% bullish,of 1 rating,$18
FSCFL,$24.54,1440425484096,404,Not yet rated,NULL,N/A
FRGI,$50.71,1440425484124,"31,765",50% bullish,of 2 ratings,$70
FSAM,$8.263,1440425484154,"8,902",100% bearish,of 1 rating,$11
FSC,$6.22,1440425484175,"245,237",75% bullish,of 4 ratings,$8
FSFR,$8.67,1440425484213,"29,266",100% bearish,of 1 rating,$11.50
FITB,$19.1,1440425484308,"1,051,943",54% bullish,of 13 ratings,$22
FITBI,$26.88,1440425484333,"3,680",Not yet rated,NULL,N/A
FNSR,$15.21,1440425484484,"127,327",71% bullish,of 7 ratings,$24.50
FNGN,$32.3,1440425484514,"59,150",67% bullish,of 3 ratings,$47
FISI,$24.17,1440425484612,"14,146",100% bullish,of 2 ratings,$24.50
FNJN,$1.54,1440425484643,"9,755",100% bearish,of 1 rating,$5
FNTC,NULL,1440425484710,0,Not yet rated,NULL,N/A
FNTCU,NULL,1440425484786,0,Not yet rated,NULL,N/A
FNTCW,NULL,1440425484811,0,Not yet rated,NULL,N/A
FBNC,$16.7,1440425484851,"4,729",100% bullish,of 1 rating,$20
FEYE,$35.745,1440425484876,"1,742,163",87% bullish,of 15 ratings,$55.50
FNLC,$18.23,1440425484954,"4,343",100% bullish,of 1 rating,N/A
FBIZ,$44.83,1440425485111,"1,865",100% bearish,of 2 ratings,$52
FCVA,$4.61,1440425485158,"5,105",Not yet rated,NULL,N/A
BUSE,$6.29,1440425485187,"13,144",Not yet rated,NULL,$6.875
FRBA,$6,1440425485213,"1,850",Not yet rated,NULL,$8
FCAP,$26.5,1440425485290,601,Not yet rated,NULL,N/A
FCFS,$37.6376,1440425485345,"14,622",100% bearish,of 3 ratings,$48
FCNCA,$234.82,1440425485630,"1,562",Not yet rated,NULL,N/A
FCBC,$16.94,1440425485699,"1,341",Not yet rated,NULL,$18
FCLF,$9.41,1440425485727,525,Not yet rated,NULL,N/A
FCCO,NULL,1440425485756,0,Not yet rated,NULL,$13.25
FCFP,$6.68,1440425485785,804,Not yet rated,NULL,N/A
FDEF,$36.76,1440425485890,"3,719",Not yet rated,NULL,$38
FBNK,$16.515,1440425485919,"5,939",100% bearish,of 1 rating,$17.50
FFNM,$6.2,1440425486023,"2,900",Not yet rated,NULL,N/A
FFBC,$18.3,1440425486082,"25,769",67% bearish,of 3 ratings,$20.25
FFBCW,NULL,1440425486317,0,100% bearish,of 1 rating,N/A
FFIN,$29.99,1440425486360,"41,824",50% bullish,of 2 ratings,$31.75
FFWM,$21.25,1440425486387,"16,775",Not yet rated,NULL,$24
FFNW,$12.04,1440425486420,"13,765",Not yet rated,NULL,$14
THFF,$33.2,1440425486448,"4,542",Not yet rated,NULL,$35
INBK,$29.64,1440425486517,"10,304",50% bullish,of 2 ratings,$37
FIBK,$25.86,1440425486672,"17,531",Not yet rated,NULL,$32
FRME,$24.94,1440425486746,"36,236",Not yet rated,NULL,$26.50
FMBH,$22.5,1440425486777,300,Not yet rated,NULL,N/A
FNBC,$33.78,1440425486877,"5,000",Not yet rated,NULL,$41.50
FMBI,$17.31,1440425486922,"88,764",Not yet rated,NULL,$20
FNWB,$12.04,1440425486950,"12,104",Not yet rated,NULL,N/A
FNFG,$8.9438,1440425487090,"262,534",80% bullish,of 5 ratings,$9
FSFG,$30.6,1440425487138,300,Not yet rated,NULL,N/A
FSLR,$43.8099,1440425487167,"584,604",74% bullish,of 39 ratings,$65
FSBK,NULL,1440425487273,0,100% bullish,of 1 rating,N/A
FSGI,$2.4425,1440425487314,"4,750",Not yet rated,NULL,N/A
BICK,$17.84,1440425487412,250,100% bullish,of 1 rating,N/A
FBZ,$9.75,1440425487515,200,Not yet rated,NULL,N/A
FTCS,$34,1440425487619,"133,967",Not yet rated,NULL,N/A
FCAN,$22.57,1440425487646,513,Not yet rated,NULL,N/A
FCA,$17.43,1440425487687,"1,000",Not yet rated,NULL,N/A
FV,$20.335,1440425487821,"2,893,763",Not yet rated,NULL,N/A
IFV,$16.62,1440425487846,"480,404",100% bearish,of 1 rating,N/A
FEMB,$42.17,1440425487986,300,Not yet rated,NULL,N/A
FTSM,$59.9,1440425488013,"3,258",100% bearish,of 1 rating,N/A
FEUZ,NULL,1440425488087,0,Not yet rated,NULL,N/A
TDIV,$21.37,1440425488142,"144,011",100% bearish,of 1 rating,N/A
MDIV,$17.32,1440425488168,"388,715",Not yet rated,NULL,N/A
FTGC,$21.64,1440425488230,"28,120",Not yet rated,NULL,N/A
FGM,$34.17,1440425488261,"15,147",Not yet rated,NULL,N/A
FTHI,$18.93,1440425488369,48,Not yet rated,NULL,N/A
FHK,$31.07,1440425488518,"4,203",Not yet rated,NULL,N/A
HYLS,$48.9,1440425488553,"34,666",100% bearish,of 1 rating,N/A
FPXI,$26.07,1440425488651,40,Not yet rated,NULL,N/A
SKYY,$27.4642,1440425488711,"74,715",100% bullish,of 1 rating,N/A
CU,$11.97,1440425488737,"10,135",100% bearish,of 1 rating,N/A
YDIV,$15.91,1440425488758,"3,401",Not yet rated,NULL,N/A
FJP,$42.275,1440425489062,"4,482",Not yet rated,NULL,N/A
LMBS,NULL,1440425489133,0,Not yet rated,NULL,N/A
QABA,$36.0011,1440425489196,"9,686",100% bearish,of 1 rating,N/A
PLTM,$6.45,1440425489229,"20,814",100% bearish,of 1 rating,N/A
CIBR,$17.58,1440425489249,"40,594",Not yet rated,NULL,N/A
FTLB,$18.63,1440425489270,"1,320",100% bearish,of 1 rating,N/A
FMB,$51.07,1440425489308,65,Not yet rated,NULL,N/A
FONE,$33.14,1440425489333,75,Not yet rated,NULL,N/A
QCLN,$13.78,1440425489533,"14,919",Not yet rated,NULL,N/A
CARZ,$31.83,1440425489634,"5,701",100% bearish,of 1 rating,N/A
GRID,NULL,1440425489675,0,100% bearish,of 1 rating,N/A
RDVY,$20.05,1440425489739,822,Not yet rated,NULL,N/A
QTEC,$37.42,1440425489894,"38,657",Not yet rated,NULL,N/A
AIRR,$15.6899,1440425489937,"4,766",100% bearish,of 1 rating,N/A
QQXT,$38.4201,1440425489966,"49,823",Not yet rated,NULL,N/A
QQEW,$39.0701,1440425489987,"139,528",Not yet rated,NULL,N/A
QINC,$19.9599,1440425490017,100,Not yet rated,NULL,N/A
FKO,$19.5,1440425490186,100,Not yet rated,NULL,N/A
FDIV,$46.36,1440425490240,"2,000",100% bearish,of 1 rating,N/A
FTSL,$48.67,1440425490261,"5,252",100% bearish,of 1 rating,N/A
FSZ,$38.1701,1440425490390,"15,363",Not yet rated,NULL,N/A
FTW,NULL,1440425490415,0,Not yet rated,NULL,N/A
TUSA,$23.73,1440425490436,200,Not yet rated,NULL,N/A
FKU,$40.1,1440425490570,"29,260",Not yet rated,NULL,N/A
SVVC,$9.5,1440425490728,"10,066",50% bullish,of 2 ratings,$26
FUNC,$8.22,1440425490755,"1,458",Not yet rated,NULL,N/A
FMER,$17.33,1440425490777,"232,810",50% bullish,of 2 ratings,$20
FSV,$30.42,1440425490930,"2,093",Not yet rated,NULL,$33.60
FIVE,$35.125,1440425490974,"59,288",75% bearish,of 4 ratings,$44
FISV,$82.11,1440425491012,"355,028",100% bearish,of 3 ratings,$90
FPRX,$18.3,1440425491075,"44,451",50% bullish,of 2 ratings,$35
FIVN,$4,1440425491101,"82,892",100% bullish,of 1 rating,$8.50
FLML,$19.86,1440425491161,"59,034",50% bullish,of 2 ratings,$30
FLKS,$12.97,1440425491265,"7,322",50% bullish,of 2 ratings,$27
FLXN,$23.51,1440425491395,"9,746",100% bearish,of 1 rating,$40
SKOR,$51.21,1440425491420,400,Not yet rated,NULL,N/A
FLXS,$27.45,1440425491485,"14,722",100% bearish,of 2 ratings,N/A
MBSD,$25.37,1440425491616,400,Not yet rated,NULL,N/A
FLEX,$10.19,1440425491642,"296,692",63% bullish,of 8 ratings,$12
FLDM,$12.13,1440425491667,"58,019",67% bearish,of 3 ratings,$21.50
FLIR,$27.59,1440425491721,"123,937",100% bearish,of 1 rating,$38.50
FONR,$9.45,1440425491873,"2,785",100% bullish,of 1 rating,N/A
FOGO,$17.6473,1440425491905,"39,221",50% bullish,of 2 ratings,$25.50
FOMX,$9.46,1440425491926,"45,489",50% bullish,of 2 ratings,$23.50
FFIC,$19.85,1440425491959,"9,544",Not yet rated,NULL,$21
FES,$0.9,1440425492094,"4,001",50% bullish,of 2 ratings,$1
FORM,$5.83,1440425492312,"53,942",67% bullish,of 3 ratings,$10.50
FORTY,$29.75,1440425492353,"1,377",Not yet rated,NULL,N/A
FORR,$31.16,1440425492457,"5,961",Not yet rated,NULL,N/A
FTNT,$40.8701,1440425492562,"461,913",80% bullish,of 10 ratings,$52
FBIO,$2.2699,1440425492624,"100,942",83% bullish,of 6 ratings,N/A
FWRD,$45.735,1440425492695,"21,599",100% bearish,of 1 rating,$50
FORD,$0.9776,1440425492767,"13,130",50% bullish,of 2 ratings,N/A
FWP,$23.95,1440425492796,"4,365",100% bearish,of 1 rating,$45
FOSL,$58.6,1440425492823,"172,199",50% bullish,of 4 ratings,$80
FMI,$20.475,1440425492854,"29,740",100% bearish,of 2 ratings,$27.50
FXCB,$16.91,1440425492963,"2,076",Not yet rated,NULL,$19
FOXF,$15,1440425493070,"5,298",100% bearish,of 1 rating,$19
FELE,$28.19,1440425493125,"31,741",50% bullish,of 4 ratings,$33
FRAN,$10.235,1440425493150,"61,523",50% bullish,of 4 ratings,$15
FRED,$13.99,1440425493212,"31,602",50% bullish,of 2 ratings,$16.50
FREE,$0.3551,1440425493343,"165,205",92% bullish,of 12 ratings,N/A
RAIL,$20.26,1440425493535,"34,333",100% bearish,of 1 rating,$24.50
FTRPR,$100.45,1440425493595,"5,824",100% bearish,of 1 rating,N/A
FRPT,$12.51,1440425493665,"88,217",67% bearish,of 3 ratings,$23.50
FTR,$5.015,1440425493693,"3,300,776",78% bullish,of 27 ratings,$6.25
FRPH,$29.5,1440425493715,771,100% bearish,of 1 rating,N/A
FEIM,$10.47,1440425493751,300,100% bearish,of 1 rating,N/A
FSBW,NULL,1440425493772,0,Not yet rated,NULL,N/A
FTD,$28.61,1440425493794,"7,660",100% bearish,of 1 rating,$40
FSYS,$6.2,1440425493970,"9,406",67% bullish,of 3 ratings,$10
FCEL,$0.6915,1440425494030,"664,508",88% bullish,of 40 ratings,$2.65
FTEK,$2.03,1440425494074,"16,486",75% bullish,of 4 ratings,N/A
FULL,$3.1001,1440425494160,"45,728",67% bearish,of 3 ratings,$4.25
FULLL,$25.02,1440425494185,"1,200",Not yet rated,NULL,N/A
FLL,$1.4601,1440425494447,"15,600",75% bullish,of 4 ratings,$2.825
FULT,$12.17,1440425494574,"157,980",100% bearish,of 1 rating,$13
FSNN,$2.57,1440425494607,200,67% bullish,of 3 ratings,$6
FFHL,$0.88,1440425494637,"2,720",50% bullish,of 4 ratings,N/A
FXENP,$15.45,1440425494669,"2,700",100% bearish,of 1 rating,N/A
FXEN,$0.7834,1440425494696,"22,043",75% bullish,of 4 ratings,$1.10
WILC,$4.85,1440425494725,"2,200",100% bullish,of 2 ratings,N/A
GK,$69.13,1440425494767,"12,563",Not yet rated,NULL,$78
GAIA,$5.8,1440425494906,"15,442",50% bullish,of 2 ratings,$8.50
GALT,$1.7699,1440425495010,"50,442",80% bullish,of 5 ratings,N/A
GLPG,$57.24,1440425495040,"17,006",100% bullish,of 1 rating,$75
GALTU,NULL,1440425495142,0,100% bearish,of 1 rating,N/A
GALTW,NULL,1440425495285,0,100% bullish,of 1 rating,N/A
GLMD,$7.45,1440425495311,"9,758",67% bullish,of 3 ratings,$20.50
GALE,$1.29,1440425495344,"619,645",89% bullish,of 47 ratings,$4
GLPI,$30.535,1440425495373,"80,183",100% bearish,of 1 rating,$37.50
GRMN,$37.8399,1440425495444,"460,804",50% bullish,of 6 ratings,$48
GPIC,$10.493,1440425495472,723,100% bearish,of 1 rating,N/A
GGAC,NULL,1440425495601,0,100% bearish,of 1 rating,N/A
GGACR,NULL,1440425495636,0,100% bullish,of 1 rating,N/A
GGACW,NULL,1440425495730,0,Not yet rated,NULL,N/A
GGACU,NULL,1440425495764,0,Not yet rated,NULL,N/A
GARS,$13.975,1440425495791,"51,634",Not yet rated,NULL,$16
GENC,$9.25,1440425495874,"1,300",100% bearish,of 1 rating,N/A
GFN,$3.34,1440425496314,"8,069",100% bearish,of 2 ratings,$8
GENE,$2.1699,1440425496347,"34,241",100% bullish,of 12 ratings,N/A
GNCMA,$16.43,1440425496368,"52,820",100% bearish,of 1 rating,$12
GFNCP,$85.05,1440425496390,448,Not yet rated,NULL,N/A
GNCA,$12.1325,1440425496411,"15,297",100% bearish,of 1 rating,$20
GFNSL,$24.7,1440425496455,"1,100",Not yet rated,NULL,N/A
GNMK,$9.06,1440425496539,"21,066",67% bullish,of 6 ratings,$14
GHDX,$24.75,1440425496587,"19,760",50% bullish,of 2 ratings,$30
GNTX,$14.91,1440425496729,"245,273",Not yet rated,NULL,$20
THRM,$42.05,1440425496756,"134,934",75% bearish,of 4 ratings,$55.50
GNVC,$2.0862,1440425496893,"4,302",90% bullish,of 10 ratings,$8.50
GTWN,NULL,1440425496918,0,Not yet rated,NULL,N/A
ROCK,$17.04,1440425497206,"18,144",80% bullish,of 5 ratings,$24
GABC,$29.2,1440425497261,"19,064",Not yet rated,NULL,$31.50
GERN,$3.03,1440425497295,"384,624",88% bullish,of 16 ratings,$5.25
GEVO,$2.41,1440425497316,"312,552",75% bullish,of 12 ratings,$5
GEOS,$14.67,1440425497379,"24,150",100% bearish,of 3 ratings,$25.50
GIII,$61.82,1440425497405,"62,399",67% bullish,of 3 ratings,$75
GIGA,$1.2892,1440425497446,"2,755",100% bearish,of 1 rating,N/A
GIGM,$0.5825,1440425497476,"83,959",100% bullish,of 2 ratings,N/A
GILT,$4.2,1440425497614,"9,348",50% bullish,of 2 ratings,N/A
GILD,$101.86,1440425497641,"4,458,873",91% bullish,of 87 ratings,$129
GBCI,$25.44,1440425497807,"30,823",50% bullish,of 2 ratings,$31
GLAD,$8.16,1440425497832,"72,422",50% bullish,of 2 ratings,$8.75
GLADO,$25.5373,1440425498082,925,Not yet rated,NULL,N/A
GOODN,$25.3708,1440425498108,100,Not yet rated,NULL,N/A
GOOD,$13.77,1440425498169,"84,577",Not yet rated,NULL,$19
GOODO,$25.1,1440425498241,200,Not yet rated,NULL,N/A
GOODP,$25.01,1440425498266,500,Not yet rated,NULL,N/A
GAINO,NULL,1440425498518,0,Not yet rated,NULL,N/A
GAIN,$7.09,1440425498543,"215,301",100% bullish,of 2 ratings,$8.25
GAINN,$24.95,1440425498574,500,Not yet rated,NULL,N/A
LAND,$9.2558,1440425498719,"4,948",50% bullish,of 2 ratings,$13.75
GAINP,$25.85,1440425498745,"1,352",Not yet rated,NULL,N/A
GLBZ,$12.12,1440425498777,315,Not yet rated,NULL,N/A
GBT,$40.4,1440425498935,"18,205",100% bearish,of 1 rating,N/A
GDEF,NULL,1440425499133,0,Not yet rated,NULL,N/A
ENT,$11.37,1440425499212,"41,800",100% bearish,of 1 rating,$18
GPACU,NULL,1440425499271,0,Not yet rated,NULL,N/A
ACTX,$10.77,1440425499342,"1,625",100% bullish,of 1 rating,N/A
GBLI,$24.56,1440425499367,"1,400",Not yet rated,NULL,N/A
QQQC,$16.733,1440425499398,"10,103",100% bearish,of 1 rating,N/A
GSOL,$7.975,1440425499619,"8,479",100% bearish,of 1 rating,N/A
SOCL,$15.895,1440425499679,"51,812",100% bullish,of 2 ratings,N/A
ALTY,$13.39,1440425499907,"5,000",Not yet rated,NULL,N/A
GAI,$5.16,1440425500214,"4,272",50% bullish,of 2 ratings,N/A
SRET,$13.27,1440425500240,"1,862",Not yet rated,NULL,N/A
YLCO,$11.13,1440425500274,805,Not yet rated,NULL,N/A
GSM,$12.63,1440425500369,"55,837",50% bullish,of 2 ratings,$23
GBIM,$2.1563,1440425500394,"39,216",50% bullish,of 2 ratings,N/A
GLBS,$1.0825,1440425500458,100,67% bullish,of 3 ratings,N/A
GLUU,$4.1,1440425500604,"589,032",92% bullish,of 26 ratings,$9
GLRI,$1.1689,1440425500629,"4,919",100% bearish,of 1 rating,$6
GOGO,$14.84,1440425500815,"281,135",80% bullish,of 5 ratings,$25
GLYC,$6.83,1440425500946,"4,300",50% bullish,of 2 ratings,$14
GLNG,$33.9901,1440425500972,"186,149",83% bullish,of 6 ratings,$58
GMLP,$18.3402,1440425501034,"30,271",50% bullish,of 4 ratings,$32.50
GLDC,NULL,1440425501059,0,50% bullish,of 2 ratings,N/A
GDEN,$8.6,1440425501288,600,50% bullish,of 2 ratings,N/A
GPRO,$47.295,1440425501552,"1,677,265",78% bullish,of 58 ratings,$72
GBDC,$16.055,1440425501596,"38,794",Not yet rated,NULL,$17.75
GOGL,$2.737,1440425501629,"109,368",75% bullish,of 4 ratings,$5
GOOGL,$625.45,1440425501650,"844,308",88% bullish,of 1079 ratings,$749
GOOG,$595.9,1440425501671,"805,293",90% bullish,of 69 ratings,$825
GMAN,$4.3095,1440425501815,"11,217",60% bullish,of 5 ratings,$8
GTIM,$6.28,1440425502151,"6,124",Not yet rated,NULL,$11.50
GPIA,$9.75,1440425502281,20,Not yet rated,NULL,N/A
LOPE,$36.72,1440425502314,"38,876",100% bearish,of 2 ratings,$50
GPIAU,$10,1440425502340,"14,002",Not yet rated,NULL,N/A
GBSN,$1.15,1440425502366,"105,936",100% bearish,of 1 rating,$8.25
GRVY,$3.31,1440425502414,403,50% bullish,of 2 ratings,N/A
GPIAW,NULL,1440425502441,0,Not yet rated,NULL,N/A
GSBC,$38.69,1440425502731,"4,358",100% bullish,of 1 rating,$44
GLDD,$5.27,1440425502779,"103,863",100% bearish,of 4 ratings,$7.75
GBSNU,$16.585,1440425502804,"2,000",Not yet rated,NULL,N/A
GRBK,$12.895,1440425502875,"49,813",77% bullish,of 13 ratings,N/A
GNBC,$10.86,1440425502955,"21,860",100% bearish,of 1 rating,$17
GPP,$14.27,1440425502986,"4,561",Not yet rated,NULL,$20.50
GPRE,$18.718,1440425503083,"139,976",67% bullish,of 6 ratings,$28.50
GCBC,$27.51,1440425503183,190,100% bullish,of 1 rating,N/A
GLRE,$24.31,1440425503359,"23,692",50% bullish,of 2 ratings,$41
GRIF,$30.04,1440425503394,747,100% bearish,of 1 rating,N/A
OMAB,$36.7656,1440425503456,"19,491",100% bullish,of 1 rating,$44
GRFS,$30.15,1440425503488,"49,212",50% bullish,of 2 ratings,$35
GRPN,$3.875,1440425503518,"1,579,650",61% bullish,of 71 ratings,$6.75
GGAL,$17.605,1440425503544,"76,978",80% bullish,of 5 ratings,$40
GSIT,$4.75,1440425503620,52,100% bearish,of 1 rating,N/A
GSIG,$12.7,1440425503710,"5,720",100% bearish,of 2 ratings,N/A
GSVC,$8.2499,1440425503844,"105,404",50% bullish,of 2 ratings,$14.50
GBNK,$15.59,1440425503886,"2,607",100% bearish,of 1 rating,$18
GTXI,$0.77,1440425503976,"49,271",100% bullish,of 5 ratings,$.75
GFED,$14.37,1440425504047,100,Not yet rated,NULL,$17
GUID,$7.21,1440425504130,"19,378",100% bearish,of 3 ratings,$10
GULTU,$0.2901,1440425504179,"48,595",100% bearish,of 1 rating,N/A
GWPH,$101.4399,1440425504274,"103,059",78% bullish,of 9 ratings,$148.50
GURE,$1.51,1440425504305,"22,918",88% bullish,of 8 ratings,N/A
GPOR,$32.52,1440425504444,"248,747",75% bullish,of 4 ratings,$55
GIFI,$11.535,1440425504472,"6,244",100% bearish,of 1 rating,$16
GWGH,NULL,1440425504503,0,100% bearish,of 1 rating,$15.05
GYRO,$2.9,1440425504603,200,100% bearish,of 1 rating,N/A
HEES,$16.0501,1440425504656,"70,805",67% bearish,of 3 ratings,$31
HNRG,$7.01,1440425504750,"37,442",100% bearish,of 1 rating,$10
HLG,$9.39,1440425504887,17,100% bearish,of 1 rating,N/A
HALO,$17.078,1440425504925,"260,907",67% bullish,of 3 ratings,$22.50
HALL,$11.21,1440425504962,"5,861",Not yet rated,NULL,N/A
HMPR,$1.8975,1440425505090,"106,573",100% bullish,of 1 rating,N/A
HBK,$13.2778,1440425505124,100,50% bullish,of 2 ratings,N/A
HBHC,$26.25,1440425505161,"90,421",50% bullish,of 2 ratings,$30
HBHCL,$24.2599,1440425505260,"18,582",Not yet rated,NULL,N/A
HNH,$25.99,1440425505291,"1,626",100% bullish,of 1 rating,N/A
HAFC,$23.8724,1440425505390,"20,100",100% bullish,of 2 ratings,$28.50
HNSN,$0.5021,1440425505475,"31,139",88% bullish,of 8 ratings,$.40
HQCL,$8.05,1440425505546,"6,362",67% bullish,of 3 ratings,$14
HDNG,$9.54,1440425505609,"4,161",50% bullish,of 4 ratings,N/A
HRMN,NULL,1440425505645,0,Not yet rated,NULL,N/A
HLIT,$5.51,1440425505673,"40,518",100% bearish,of 1 rating,$6.50
HRMNU,NULL,1440425505709,0,Not yet rated,NULL,N/A
TINY,$2.4275,1440425505906,"5,452",50% bullish,of 2 ratings,$5.26
HBIO,$4.27,1440425506078,"14,935",Not yet rated,NULL,$10
HART,$0.75,1440425506132,"48,667",100% bearish,of 1 rating,N/A
HRMNW,NULL,1440425506154,0,Not yet rated,NULL,N/A
HCAP,$11.979,1440425506185,"10,201",50% bullish,of 2 ratings,$15
HCAPL,$25.23,1440425506207,"2,300",Not yet rated,NULL,N/A
HAS,$71.59,1440425506232,"339,075",63% bullish,of 8 ratings,$84.50
HA,$22.5501,1440425506364,"314,367",67% bullish,of 9 ratings,$27
HCOM,$22.5,1440425506447,304,100% bearish,of 1 rating,$28
HWBK,$13.117,1440425506651,660,100% bearish,of 1 rating,N/A
HWKN,$36,1440425506679,"1,785",Not yet rated,NULL,N/A
HAYN,$36.44,1440425506705,"4,503",100% bearish,of 1 rating,$59
HDS,$31.55,1440425506734,"182,677",100% bearish,of 2 ratings,$39.50
HIIQ,$4.3,1440425506839,"5,484",50% bullish,of 2 ratings,$7
HQY,$27.76,1440425506878,"51,461",67% bullish,of 3 ratings,$31
HCSG,$32.94,1440425506930,"43,032",50% bullish,of 4 ratings,$35
HWAY,$11.98,1440425507119,"55,450",100% bearish,of 1 rating,$15
HTLF,$35.2287,1440425507144,"20,372",100% bullish,of 1 rating,$39.50
HSTM,$24.2,1440425507171,"9,615",50% bullish,of 2 ratings,$33.75
HTLD,$19.84,1440425507199,"76,080",Not yet rated,NULL,$22.50
HTWR,$80.52,1440425507302,"11,274",50% bullish,of 2 ratings,$103
HTBX,$5.01,1440425507357,"8,963",50% bullish,of 2 ratings,$15.50
HSII,$19.54,1440425507457,"16,043",100% bullish,of 3 ratings,$25
HELE,$84.245,1440425507565,"26,766",67% bearish,of 3 ratings,$100
HMNY,$2.15,1440425507590,300,100% bearish,of 1 rating,N/A
HMTV,$12.75,1440425507745,853,100% bearish,of 1 rating,$16
HERO,NULL,1440425507815,0,NULL,NULL,NULL
HNNA,$24.26,1440425507848,"1,416",Not yet rated,NULL,N/A
HCACU,NULL,1440425507920,0,Not yet rated,NULL,N/A
HTBK,$10.89,1440425507980,"12,924",Not yet rated,NULL,$12
HSIC,$133.34,1440425508006,"105,885",83% bullish,of 6 ratings,$146
HFWA,$17.33,1440425508035,"8,713",100% bullish,of 1 rating,$20
MLHR,$27.52,1440425508204,"36,897",50% bullish,of 2 ratings,$33.50
HEOP,$7.39,1440425508231,"1,420",Not yet rated,NULL,$8.50
HCCI,$10.64,1440425508256,"3,628",100% bearish,of 1 rating,$16.50
HSKA,$31.3,1440425508414,"7,645",100% bearish,of 1 rating,$38
HRTX,$33.26,1440425508442,"185,488",67% bullish,of 6 ratings,$41
HFFC,$16.2,1440425508484,300,Not yet rated,NULL,N/A
HIBB,$36.4101,1440425508658,"55,331",100% bearish,of 1 rating,$48.50
HIHO,$4.25,1440425508691,"24,196",Not yet rated,NULL,N/A
HIMX,$6.02,1440425508718,"622,526",86% bullish,of 21 ratings,$8.50
HIFS,$115.27,1440425508739,672,Not yet rated,NULL,N/A
HPJ,$2.0675,1440425508760,"18,712",75% bullish,of 4 ratings,$12.43
HSGX,$6.63,1440425508968,"5,160",100% bearish,of 1 rating,$17
HMNF,$11.15,1440425509055,300,Not yet rated,NULL,N/A
HOLX,$38.15,1440425509098,"358,384",67% bullish,of 3 ratings,$42
HOLI,$16,1440425509133,"110,091",50% bullish,of 4 ratings,$27
HMSY,$8.74,1440425509184,"162,784",67% bullish,of 3 ratings,$19.35
HOMB,$37.925,1440425509228,"30,131",Not yet rated,NULL,$41
HBCP,$24,1440425509253,400,Not yet rated,NULL,$29
HFBL,NULL,1440425509385,0,Not yet rated,NULL,N/A
HMIN,$24.59,1440425509459,"94,588",100% bearish,of 2 ratings,$35
AWAY,$27.79,1440425509602,"182,822",67% bullish,of 3 ratings,$36
HMST,$21.12,1440425509630,"22,359",100% bullish,of 2 ratings,$27
HKTV,$4.38,1440425509759,"25,693",100% bearish,of 1 rating,N/A
HTBI,$18.05,1440425509786,"10,712",67% bullish,of 3 ratings,$18.625
CETC,$0.71,1440425509930,"42,940",86% bullish,of 7 ratings,N/A
HOFT,$23.63,1440425510058,"3,801",100% bearish,of 1 rating,N/A
HFBC,$11.5271,1440425510153,"1,000",Not yet rated,NULL,N/A
HBNC,$23.91,1440425510230,"3,169",100% bullish,of 1 rating,$27
HZNP,$28.2205,1440425510336,"713,107",85% bullish,of 20 ratings,$40
HRZN,$10.123,1440425510361,"19,156",100% bearish,of 1 rating,$14.25
HDP,$24.26,1440425510581,"47,814",67% bearish,of 3 ratings,$30.50
HWCC,$7.15,1440425510607,"13,149",100% bearish,of 1 rating,$9
HMHC,$22.06,1440425510635,"107,662",Not yet rated,NULL,$27
ZINC,$6.98,1440425510662,"149,932",100% bearish,of 1 rating,$17
HOVNP,$5,1440425510686,818,100% bearish,of 1 rating,N/A
HBMD,NULL,1440425510825,0,100% bearish,of 1 rating,N/A
HTGM,$4.83,1440425510856,"2,741",100% bearish,of 1 rating,$19.50
HSNI,$60.085,1440425510877,"27,628",Not yet rated,NULL,$80
HSON,$2.64,1440425511022,"4,165",100% bearish,of 1 rating,$5
HCBK,$9.205,1440425511109,"318,858",83% bullish,of 6 ratings,$8.61
HDSN,$2.8,1440425511150,"28,082",100% bullish,of 1 rating,$6.25
HUBG,$38.17,1440425511176,"22,683",100% bearish,of 1 rating,$43
HBAN,$10.67,1440425511208,"1,979,997",76% bullish,of 17 ratings,$12.29
HBANP,$1332.0001,1440425511340,85,100% bearish,of 1 rating,N/A
HURN,$70.2,1440425511472,"10,948",50% bullish,of 2 ratings,$80
HURC,$29.08,1440425511500,"1,592",100% bearish,of 1 rating,N/A
HTCH,$1.48,1440425511528,"26,019",100% bearish,of 1 rating,$3.50
HDRAR,NULL,1440425511676,0,Not yet rated,NULL,N/A
HDRAU,$10.2,1440425511705,200,Not yet rated,NULL,N/A
HBP,$3,1440425511726,608,100% bullish,of 1 rating,N/A
HDRA,NULL,1440425511746,0,Not yet rated,NULL,N/A
HYGS,$7.395,1440425511921,"26,675",50% bullish,of 2 ratings,$13
HDRAW,$0.25,1440425511946,11,Not yet rated,NULL,N/A
IDSY,$3.775,1440425512021,843,100% bearish,of 1 rating,$7
IKGH,$1.6099,1440425512092,"1,889",75% bullish,of 4 ratings,N/A
ICAD,$3.31,1440425512195,"14,450",50% bullish,of 2 ratings,$7.25
IBKC,$57.96,1440425512234,"41,968",100% bullish,of 1 rating,$70
IACI,$68.82,1440425512514,"105,544",75% bullish,of 4 ratings,$90
ICFI,$34.51,1440425512546,"7,254",50% bullish,of 2 ratings,$48.50
IEP,$65.5,1440425512577,"43,815",75% bullish,of 4 ratings,$99
ICON,$12.03,1440425512600,"117,045",50% bullish,of 2 ratings,$18.50
ICLR,$76.366,1440425512627,"61,836",100% bearish,of 3 ratings,$85
ICUI,$111.21,1440425512661,"15,603",Not yet rated,NULL,$122
IPWR,$7.1,1440425512760,"1,303",100% bullish,of 1 rating,$15
INVE,$4.39,1440425512892,"3,422",75% bullish,of 4 ratings,$4
IDXX,$72.795,1440425513032,"83,907",100% bearish,of 1 rating,$77
DSKY,$10.415,1440425513061,"76,555",67% bullish,of 6 ratings,$11.50
IDRA,$2.42,1440425513083,"270,762",89% bullish,of 9 ratings,$6.50
IROQ,$16.5,1440425513154,"3,301",100% bullish,of 1 rating,N/A
RXDX,$12.58,1440425513284,"43,851",100% bullish,of 1 rating,$20
IIVI,$16.65,1440425513311,"50,676",100% bearish,of 1 rating,$22
IRG,$4.07,1440425513332,"7,375",100% bearish,of 1 rating,$4.50
KANG,$12.79,1440425513373,"144,220",50% bullish,of 2 ratings,$22.55
IKAN,$2.725,1440425513483,"9,375",83% bullish,of 6 ratings,$5
ILMN,$189.84,1440425513514,"300,301",80% bullish,of 5 ratings,$240
IKNX,$11.33,1440425513535,400,100% bearish,of 1 rating,N/A
ISNS,$3.5,1440425513587,"40,431",50% bullish,of 2 ratings,N/A
ICCC,$7.26,1440425513829,"2,395",100% bullish,of 1 rating,N/A
IMDZ,$15.42,1440425513858,"20,885",100% bearish,of 1 rating,$33
IMNP,$1.1699,1440425513959,"86,894",50% bullish,of 2 ratings,$6
IMMU,$1.83,1440425514131,"115,377",86% bullish,of 7 ratings,$2
IMGN,$13.185,1440425514152,"148,624",75% bullish,of 4 ratings,$17.50
IPXL,$41.97,1440425514186,"84,012",67% bullish,of 3 ratings,$46.50
IMMY,$7.23,1440425514213,"4,702",100% bearish,of 1 rating,$11
IMMR,$10.95,1440425514244,"26,333",80% bullish,of 5 ratings,$15.50
INCR,$40.5,1440425514283,"79,713",50% bullish,of 2 ratings,$53
SAAS,$7.6,1440425514345,"60,699",50% bullish,of 2 ratings,$15
IBTX,$40.37,1440425514632,"10,118",100% bullish,of 2 ratings,$47.25
INCY,$100.52,1440425514679,"199,981",50% bullish,of 6 ratings,$125.50
IDSA,$3.54,1440425514707,100,Not yet rated,NULL,N/A
INDB,$45.26,1440425514733,"11,776",Not yet rated,NULL,$44
INFN,$19.99,1440425514814,"496,903",71% bullish,of 7 ratings,$28
IBCP,$14.18,1440425514920,"27,089",100% bullish,of 1 rating,$14.50
INFI,$8.785,1440425514950,"192,630",50% bullish,of 4 ratings,$18
IPCC,$79.475,1440425515056,"1,458",Not yet rated,NULL,$77.50
III,$3.97,1440425515088,"25,070",57% bullish,of 7 ratings,$6
IFON,$1.13,1440425515110,"27,508",75% bullish,of 4 ratings,N/A
IMKTA,$51.45,1440425515146,"15,422",100% bearish,of 1 rating,N/A
INWK,$7.02,1440425515187,"27,492",50% bullish,of 2 ratings,$10
INNL,$10.98,1440425515251,305,100% bearish,of 1 rating,$16.50
INOD,$2.45,1440425515328,500,100% bearish,of 1 rating,N/A
IPHS,$45.97,1440425515434,"13,338",100% bearish,of 1 rating,$60
IOSP,$48.48,1440425515567,"45,095",100% bearish,of 1 rating,N/A
ISSC,$2.83,1440425515738,"2,400",67% bearish,of 3 ratings,N/A
ITEK,$12,1440425515763,"180,258",100% bearish,of 3 ratings,$20
INGN,$46.8663,1440425515791,"70,111",100% bearish,of 1 rating,$50.50
INO,$6.6478,1440425515839,"427,927",89% bullish,of 18 ratings,$20
NSIT,$24.95,1440425515926,"14,058",50% bullish,of 2 ratings,N/A
INOV,$20.025,1440425515955,"24,637",100% bearish,of 1 rating,$33
ISIG,$2.58,1440425515983,650,100% bearish,of 1 rating,N/A
INSM,$23.48,1440425516121,"81,682",71% bullish,of 7 ratings,$31.50
PODD,$27.73,1440425516227,"24,678",50% bullish,of 2 ratings,$35
IIIN,$17.16,1440425516256,"6,202",100% bearish,of 2 ratings,N/A
INSY,$31.995,1440425516362,"118,038",75% bullish,of 4 ratings,$48
NTEC,$5.53,1440425516420,"11,200",100% bearish,of 1 rating,N/A
IART,$59.53,1440425516502,"29,019",100% bearish,of 1 rating,$71.50
IDTI,$17.04,1440425516720,"542,140",60% bullish,of 5 ratings,$25
IPCI,$1.9799,1440425516845,"49,474",67% bullish,of 6 ratings,$7.75
ISSI,$21.99,1440425516875,"35,309",67% bullish,of 3 ratings,$19.75
IESC,$6.88,1440425516897,5,100% bearish,of 1 rating,N/A
INTC,$26.09,1440425516983,"8,639,093",82% bullish,of 238 ratings,$36
IBKR,$37.2546,1440425517028,"231,496",100% bullish,of 1 rating,N/A
IQNT,$18.42,1440425517112,"39,559",86% bullish,of 7 ratings,$20
ICPT,$184.94,1440425517211,"73,293",70% bullish,of 10 ratings,$359.50
IPAR,$26.15,1440425517240,"4,199",67% bullish,of 3 ratings,$38
ININ,$35.83,1440425517266,"10,074",67% bearish,of 3 ratings,$57
ICLD,$1.7246,1440425517489,"117,282",75% bullish,of 4 ratings,N/A
ICLDW,NULL,1440425517617,0,100% bearish,of 1 rating,N/A
IDCC,$46.8205,1440425517645,"63,452",80% bullish,of 5 ratings,$63
TILE,$23.7,1440425517692,"31,307",67% bearish,of 3 ratings,$27
IMI,$1.91,1440425517718,"3,704",67% bullish,of 3 ratings,$2.22
ISCA,$30.87,1440425517746,"9,412",100% bearish,of 1 rating,N/A
INAP,$7.89,1440425517881,"25,764",75% bullish,of 4 ratings,$11
IIJI,$8.99,1440425517956,100,50% bullish,of 2 ratings,$11.50
IGLD,$5.53,1440425518196,"2,200",50% bullish,of 2 ratings,N/A
IBOC,$25.65,1440425518223,"20,360",100% bearish,of 1 rating,N/A
PTNT,$2.98,1440425518244,600,Not yet rated,NULL,N/A
INPH,$0.3,1440425518283,"5,599",50% bullish,of 2 ratings,N/A
XENT,$26.05,1440425518376,"33,060",50% bullish,of 2 ratings,$36.50
ISIL,$10.06,1440425518402,"179,017",50% bullish,of 6 ratings,$15
INTX,$2.1,1440425518430,"3,690",67% bullish,of 3 ratings,N/A
IVAC,$4.71,1440425518651,"2,886",100% bearish,of 1 rating,$6.625
INTLL,$25.5449,1440425518681,"3,838",Not yet rated,NULL,N/A
IILG,$19.45,1440425518783,"14,824",100% bearish,of 1 rating,$29
INTL,$25.6337,1440425518808,"21,947",67% bearish,of 3 ratings,N/A
INTU,$84.12,1440425518833,"662,333",86% bullish,of 7 ratings,$107.50
ITCI,$26.41,1440425518859,"33,283",75% bearish,of 4 ratings,$40
IIN,$6.05,1440425518989,924,100% bearish,of 1 rating,$12
ISRG,$487.26,1440425519205,"36,842",67% bullish,of 3 ratings,$600
INVT,$0.2498,1440425519274,"46,250",67% bullish,of 3 ratings,N/A
ISTR,$15.51,1440425519412,2,100% bearish,of 1 rating,$18.50
NVIV,$9.26,1440425519465,"235,247",50% bullish,of 4 ratings,$24.50
ISBC,$11.81,1440425519494,"585,366",100% bullish,of 1 rating,$13.25
SNAK,$8.42,1440425519523,"22,683",50% bullish,of 2 ratings,$14
ITIC,NULL,1440425519549,0,100% bearish,of 2 ratings,N/A
IVTY,$13.08,1440425519623,"4,205",Not yet rated,NULL,$18
DTUL,$66.22,1440425519761,200,Not yet rated,NULL,N/A
DFVL,$67.82,1440425519831,101,Not yet rated,NULL,N/A
IPCM,$79.52,1440425519863,"32,590",50% bullish,of 2 ratings,$80.125
IPAS,$0.9803,1440425519960,"26,127",67% bullish,of 3 ratings,N/A
IPGP,$79.8801,1440425520104,"64,720",100% bearish,of 2 ratings,$109.50
IRMD,$24.76,1440425520133,"1,271",67% bearish,of 3 ratings,$25
IRIX,$6.79,1440425520154,800,100% bearish,of 1 rating,N/A
IRDM,$6.61,1440425520280,"131,369",60% bullish,of 5 ratings,$11.50
IRDMB,$266.34,1440425520380,100,67% bearish,of 3 ratings,N/A
IRBT,$28.9505,1440425520511,"56,103",67% bullish,of 6 ratings,$37
IRWD,$10.735,1440425520546,"119,903",100% bearish,of 1 rating,$13
COMT,$31.1587,1440425520574,"2,711",100% bearish,of 1 rating,N/A
FCHI,NULL,1440425520609,0,NULL,NULL,NULL
IRCP,$22.02,1440425520662,"6,000",100% bullish,of 2 ratings,N/A
GNMA,$50.07,1440425520691,802,Not yet rated,NULL,N/A
IFAS,NULL,1440425520795,0,NULL,NULL,NULL
IFEU,$38.1,1440425520881,"8,160",Not yet rated,NULL,N/A
IFNA,NULL,1440425520978,0,NULL,NULL,NULL
IFGL,$27.51,1440425521020,"7,209",Not yet rated,NULL,N/A
ACWX,$39.131,1440425521114,"199,219",100% bearish,of 1 rating,N/A
AXJS,NULL,1440425521204,0,NULL,NULL,NULL
ACWI,$53.8999,1440425521235,"434,664",Not yet rated,NULL,N/A
AAXJ,$49.95,1440425521263,"253,156",Not yet rated,NULL,N/A
EMDI,NULL,1440425521333,0,NULL,NULL,NULL
AAIT,NULL,1440425521358,0,NULL,NULL,NULL
EEMA,$45.175,1440425521424,"2,753",Not yet rated,NULL,N/A
EEME,NULL,1440425521485,0,NULL,NULL,NULL
EMEY,NULL,1440425521853,0,NULL,NULL,NULL
EGRW,NULL,1440425521984,0,NULL,NULL,NULL
EVAL,NULL,1440425522039,0,NULL,NULL,NULL
EEML,$26.15,1440425522064,236,Not yet rated,NULL,N/A
EUFN,$21.05,1440425522140,"93,770",100% bearish,of 1 rating,N/A
IEUS,$45.44,1440425522166,"3,000",100% bearish,of 1 rating,N/A
UAE,$16.71,1440425522332,"7,428",Not yet rated,NULL,N/A
IBB,$328.237,1440425522358,"924,020",63% bullish,of 8 ratings,N/A
QAT,$19.96,1440425522395,35,Not yet rated,NULL,N/A
SOXX,$76.705,1440425522490,"178,930",50% bullish,of 2 ratings,N/A
ICLN,$8.6,1440425522521,"21,882",50% bullish,of 2 ratings,N/A
EMIF,$26,1440425522548,"1,089",Not yet rated,NULL,N/A
INDY,$26.1238,1440425522690,"390,620",50% bullish,of 2 ratings,N/A
WOOD,$46.63,1440425522770,"10,181",50% bullish,of 2 ratings,N/A
IGOV,$94.13,1440425522920,"4,594",100% bearish,of 1 rating,N/A
ISHG,$81.925,1440425522945,"4,759",100% bearish,of 1 rating,N/A
ISIS,$44.698,1440425523088,"409,805",53% bullish,of 15 ratings,$67
ISLE,$15.67,1440425523195,"89,478",50% bullish,of 4 ratings,$16
JJSF,$108.15,1440425523402,"7,207",100% bearish,of 1 rating,N/A
ITRI,$30.06,1440425523438,"88,805",Not yet rated,NULL,$37
ITRN,$23.05,1440425523460,"9,149",50% bullish,of 2 ratings,N/A
ISRL,$125.52,1440425523494,100,100% bearish,of 1 rating,N/A
IXYS,$10.18,1440425523516,"55,890",50% bullish,of 4 ratings,N/A
XXIA,$14.72,1440425523537,"52,132",71% bullish,of 7 ratings,$14.625
ITUS,$3.86,1440425523575,849,Not yet rated,NULL,N/A
MAYS,$59.1,1440425523822,200,Not yet rated,NULL,N/A
JBHT,$74.75,1440425523966,"123,012",50% bullish,of 4 ratings,$89.50
JCOM,$67.125,1440425523993,"26,613",100% bullish,of 2 ratings,$77
JASO,$6.73,1440425524230,"251,471",82% bullish,of 17 ratings,$10
JKHY,$66.48,1440425524289,"64,350",50% bullish,of 2 ratings,$72
JACK,$78.6132,1440425524610,"256,487",83% bullish,of 6 ratings,$105
JXSB,$23.7,1440425524642,"3,280",Not yet rated,NULL,N/A
JAXB,NULL,1440425524712,0,100% bullish,of 1 rating,N/A
JAKK,$8.9616,1440425524745,"167,758",60% bearish,of 5 ratings,$11
JAGX,$2.8,1440425524773,210,Not yet rated,NULL,N/A
JMBA,$12.79,1440425524798,"38,680",75% bullish,of 4 ratings,$18
JRVR,$26.02,1440425524848,"8,732",Not yet rated,NULL,$32
ERW,NULL,1440425524935,0,Not yet rated,NULL,N/A
JASN,$4.603,1440425525213,"4,324",50% bullish,of 2 ratings,$9.50
JAZZ,$160.93,1440425525239,"110,207",80% bullish,of 15 ratings,$206.50
JD,$24.095,1440425525261,"3,342,921",75% bullish,of 16 ratings,$36
JASNW,NULL,1440425525289,0,50% bullish,of 2 ratings,N/A
JBLU,$21.555,1440425525564,"3,016,652",94% bullish,of 18 ratings,$27
JCTCF,$9.514,1440425525590,100,100% bullish,of 1 rating,N/A
WYIGU,$10.03,1440425525659,201,Not yet rated,NULL,N/A
JST,$3.645,1440425525718,"14,130",75% bullish,of 4 ratings,N/A
JTPY,$2.98,1440425525743,"1,020",100% bearish,of 1 rating,N/A
JOEZ,$0.17,1440425525797,"56,264",92% bullish,of 12 ratings,N/A
JBSS,$47.18,1440425525825,"5,554",67% bearish,of 3 ratings,N/A
JIVE,$4.06,1440425525846,"146,113",75% bullish,of 4 ratings,$5
JOUT,$22.5,1440425526038,"10,028",100% bearish,of 1 rating,$34
DATE,$5.63,1440425526174,"41,486",75% bullish,of 4 ratings,$9
JNP,$9.405,1440425526199,"16,133",100% bullish,of 3 ratings,$15
JUNO,$36.49,1440425526635,"414,283",73% bullish,of 11 ratings,$71.50
KMDA,$3.09,1440425526667,"10,469",50% bullish,of 2 ratings,$8
KBIO,$1.71,1440425526704,"7,896",50% bullish,of 4 ratings,N/A
KCAP,$4.4047,1440425526726,"173,591",75% bullish,of 4 ratings,$6
KALU,$79.91,1440425526751,"13,004",67% bearish,of 3 ratings,$91
KCLI,$46.6,1440425526786,"3,042",Not yet rated,NULL,N/A
KBSF,NULL,1440425526813,0,100% bullish,of 1 rating,N/A
KTWO,$21.5525,1440425526834,"30,472",100% bearish,of 1 rating,$28.50
KPTI,$12.65,1440425527496,"61,865",67% bearish,of 3 ratings,$39
KELYB,$13.2,1440425527525,200,50% bullish,of 2 ratings,N/A
KRNY,$11.28,1440425527553,"66,997",100% bearish,of 1 rating,$12
KNDI,$6.0299,1440425527574,"279,474",86% bullish,of 22 ratings,N/A
KMPH,$17.9267,1440425527627,"7,673",100% bearish,of 2 ratings,$22
KELYA,$13.76,1440425527719,"16,749",67% bullish,of 6 ratings,$20
GMCR,$47.94,1440425527854,"457,315",71% bullish,of 42 ratings,$64
KERX,$5.4725,1440425527914,"226,562",82% bullish,of 11 ratings,$12
KFFB,$8.89,1440425528062,100,100% bearish,of 1 rating,N/A
KTCC,$10.1499,1440425528167,"14,299",100% bearish,of 1 rating,$16
KTEC,$12.47,1440425528196,499,Not yet rated,NULL,N/A
KEQU,$16.55,1440425528333,"1,000",100% bullish,of 1 rating,N/A
KFRC,$26.66,1440425528372,"38,297",100% bullish,of 2 ratings,$29
