Symbol,Price,Date,Volume,Rating,RatingVoteCount,OneYearEstimate
FLWS,$8.6,1441397403025,"198,683",80% bullish,of 5 ratings,$15
TFSCU,$10.32,1441397403050,400,Not yet rated,NULL,N/A
FCCY,NULL,1441397403075,0,100% bullish,of 1 rating,$13
PIH,$7.5,1441397403100,"3,800",100% bearish,of 1 rating,N/A
FCTY,$7.89,1441397403283,550,100% bullish,of 1 rating,$8.50
TFSC,$9.7989,1441397403357,300,100% bearish,of 1 rating,N/A
TFSCR,NULL,1441397403421,0,Not yet rated,NULL,N/A
VNET,$18,1441397403445,"197,191",60% bullish,of 5 ratings,$35
TFSCW,$0.28,1441397403503,920,100% bearish,of 1 rating,N/A
SRCE,$29.66,1441397403583,"21,393",100% bullish,of 3 ratings,$33
TWOU,$34.9205,1441397403612,"121,254",50% bullish,of 2 ratings,$39
DGLD,$83.5801,1441397403667,"8,442",100% bullish,of 1 rating,N/A
USLV,$12.42,1441397403853,"200,339",86% bullish,of 7 ratings,N/A
UGLD,$8.9736,1441397403893,"171,834",100% bearish,of 1 rating,N/A
DSLV,$69.51,1441397404138,"8,150",100% bearish,of 1 rating,N/A
SIXD,$2.58,1441397404186,"29,532",Not yet rated,NULL,N/A
JOBS,$25.79,1441397404211,"89,667",50% bullish,of 4 ratings,$36
AVHI,$13.88,1441397404236,"193,263",100% bearish,of 1 rating,$19
SHLM,$32.3348,1441397404293,"46,640",100% bearish,of 1 rating,$47
AAON,$19.73,1441397404397,"62,014",100% bearish,of 1 rating,$24
ABY,$21.27,1441397404545,"834,685",100% bearish,of 2 ratings,$46
EGHT,$7.78,1441397404605,"204,575",82% bullish,of 17 ratings,$11
ABEO,$4.79,1441397404707,"16,565",50% bullish,of 4 ratings,$15.50
CAFD,$14.8,1441397404762,"203,868",Not yet rated,NULL,$24.50
ABEOW,$1.87,1441397404799,785,100% bullish,of 1 rating,N/A
ABAX,$47.11,1441397404845,"48,450",100% bearish,of 1 rating,$60
ABGB,$4.92,1441397404970,"24,408",67% bullish,of 3 ratings,$5.50
ABMD,$94.23,1441397405020,"215,349",75% bullish,of 4 ratings,$100.50
ACTG,$9.3,1441397405152,"92,854",67% bullish,of 3 ratings,$18.50
AXAS,$1.65,1441397405215,"1,182,043",78% bullish,of 9 ratings,$3.50
ACHC,$72.3,1441397405383,"190,564",50% bullish,of 2 ratings,$92
ACST,$0.31,1441397405408,"4,200",100% bullish,of 2 ratings,N/A
XLRN,$28.9,1441397405626,"59,230",50% bullish,of 2 ratings,$57
AXDX,$18.66,1441397405684,"35,424",100% bearish,of 1 rating,N/A
ARAY,$6.6,1441397405817,"182,763",100% bearish,of 1 rating,$10.50
VXDN,$1.75,1441397405959,"7,478",100% bearish,of 1 rating,N/A
AKAO,$7.01,1441397406042,"22,009",75% bullish,of 4 ratings,$15
ACAD,$39.61,1441397406258,"805,230",80% bullish,of 20 ratings,$48
ACET,$22.26,1441397406283,"60,921",75% bullish,of 4 ratings,$30
ANCX,$19.75,1441397406451,"13,007",Not yet rated,NULL,$20
ACNB,$20,1441397406526,"1,100",Not yet rated,NULL,N/A
ACRX,$4.27,1441397406550,"151,936",67% bearish,of 6 ratings,$7
VXUP,$1.664,1441397406579,"25,613",100% bearish,of 1 rating,N/A
ACHN,$7.75,1441397406681,"1,401,459",90% bullish,of 21 ratings,$16
ACOR,$31.68,1441397406706,"255,216",67% bearish,of 3 ratings,$38.50
ACIW,$21.15,1441397406774,"93,340",67% bearish,of 3 ratings,$24
ACPW,$1.917,1441397406949,"19,857",100% bullish,of 4 ratings,$3.25
ATVI,$28.31,1441397406976,"4,692,755",67% bullish,of 84 ratings,$31.50
ACTS,$1.59,1441397407012,"17,800",100% bearish,of 1 rating,N/A
ACUR,$2.89,1441397407412,"13,081",100% bullish,of 5 ratings,$5
ACTA,$13.81,1441397407443,"23,020",67% bearish,of 3 ratings,$25
ACXM,$20.4,1441397407469,"107,887",67% bullish,of 3 ratings,N/A
ADAP,$11.15,1441397407640,"32,957",67% bullish,of 3 ratings,$22
ADMP,$3.562,1441397407704,"13,072",50% bullish,of 2 ratings,$10
AEY,$2.32,1441397407833,"3,778",100% bearish,of 2 ratings,N/A
ADUS,$29.095,1441397407859,"16,565",100% bearish,of 1 rating,$31
ADEP,$7.42,1441397407886,"34,767",50% bullish,of 2 ratings,$10.75
ADBE,$77.11,1441397407907,"859,148",65% bullish,of 17 ratings,$90
ADMS,$19.02,1441397407936,"26,993",100% bearish,of 2 ratings,$36
ADMA,$8.65,1441397408068,"12,038",Not yet rated,NULL,$19
AMD,$1.82,1441397408198,"3,457,187",83% bullish,of 103 ratings,$2
AEIS,$23.85,1441397408276,"80,268",50% bullish,of 2 ratings,$32.50
ADTN,$15.53,1441397408420,"135,036",67% bullish,of 3 ratings,$17.125
ADXS,$13.55,1441397408456,"260,357",64% bullish,of 14 ratings,$27
ADRO,$19.28,1441397408480,"55,485",80% bullish,of 5 ratings,$45.50
ADXSW,$9.72,1441397408701,"1,500",100% bullish,of 1 rating,N/A
MULT,NULL,1441397408725,0,100% bearish,of 1 rating,N/A
AEHR,$2.27,1441397408771,216,50% bullish,of 2 ratings,N/A
YPRO,$23.0904,1441397408795,"1,558",100% bearish,of 1 rating,N/A
AMTX,$3.037,1441397408941,"13,250",50% bullish,of 2 ratings,$26.11
AEPI,$58.66,1441397408966,"10,620",100% bearish,of 1 rating,N/A
AERI,$16.25,1441397409039,"170,726",75% bullish,of 4 ratings,$31.50
AEGR,$17.62,1441397409138,"85,712",50% bullish,of 6 ratings,$26
AEGN,$17.85,1441397409282,"31,847",100% bearish,of 2 ratings,$21
AEZS,$0.0788,1441397409308,"13,547,473",90% bullish,of 21 ratings,$1.50
AEMD,$7.51,1441397409439,"55,123",Not yet rated,NULL,$27.50
AVAV,$20.3869,1441397409464,"137,911",50% bullish,of 4 ratings,$28
AFMD,$9.38,1441397409678,"34,387",50% bullish,of 4 ratings,$15
AGRX,$8.27,1441397409710,"14,624",100% bearish,of 1 rating,$17.50
AFFX,$9.08,1441397409735,"341,577",80% bullish,of 5 ratings,$12.50
AGEN,$6.84,1441397409879,"215,090",85% bullish,of 13 ratings,$14
AGIO,$84.98,1441397409977,"129,296",88% bullish,of 8 ratings,$114
AGYS,$9.57,1441397410063,"16,684",100% bearish,of 1 rating,N/A
AGFSW,$1.9,1441397410108,"9,000",100% bearish,of 2 ratings,N/A
AGFS,$10,1441397410132,"122,217",100% bearish,of 1 rating,N/A
AIRT,NULL,1441397410351,0,100% bullish,of 1 rating,N/A
AIRM,$36.18,1441397410532,"62,722",80% bearish,of 5 ratings,$53
AIXG,$6.44,1441397410585,"16,949",67% bearish,of 3 ratings,$5.25
AKBA,$7.15,1441397410613,"122,239",100% bearish,of 1 rating,$18
AMCN,$4.46,1441397410635,"106,329",83% bullish,of 6 ratings,N/A
AIMT,$22.5,1441397410665,"113,344",Not yet rated,NULL,$35.50
ATSG,$8.825,1441397410694,"67,267",67% bullish,of 3 ratings,$13
AKAM,$72.84,1441397410792,"752,440",63% bullish,of 8 ratings,$77.50
AKER,$2.756,1441397410974,"5,200",Not yet rated,NULL,N/A
AKRX,$38.54,1441397411107,"232,055",78% bullish,of 9 ratings,$56
ALRM,$16.03,1441397411137,"71,510",100% bearish,of 1 rating,$22
ALSK,$2.28,1441397411157,"74,509",78% bullish,of 18 ratings,$2
ALDR,$40.45,1441397411378,"122,346",67% bearish,of 3 ratings,$62
AMRI,$19.99,1441397411413,"53,211",75% bearish,of 4 ratings,$24
ALDX,$7.08,1441397411481,337,100% bearish,of 1 rating,$14.50
ADHD,$7.61,1441397411509,"67,718",50% bullish,of 4 ratings,$18
ALXN,$172.02,1441397411590,"903,298",88% bullish,of 8 ratings,$223.50
ABDC,$12.81,1441397411651,"4,303",Not yet rated,NULL,$15
ALCO,$41.8299,1441397411695,"6,081",50% bullish,of 2 ratings,N/A
ALXA,$1.3,1441397411748,"142,600",83% bullish,of 6 ratings,$2.125
ALGN,$54.25,1441397411924,"217,810",100% bearish,of 2 ratings,$73
ALIM,$2.9,1441397411994,"94,233",80% bullish,of 5 ratings,$10
ALLB,$22.9,1441397412173,204,Not yet rated,NULL,N/A
AFOP,$19,1441397412280,"119,190",75% bullish,of 8 ratings,$21
ALKS,$64.55,1441397412322,"444,316",67% bullish,of 3 ratings,$75
AHGP,$35.75,1441397412383,"31,419",67% bullish,of 3 ratings,N/A
AIQ,$14.32,1441397412409,"5,646",67% bullish,of 3 ratings,N/A
ALGT,$202.93,1441397412475,"109,377",100% bearish,of 2 ratings,$235
AHPI,$1.46,1441397412641,600,50% bullish,of 2 ratings,N/A
ALLT,$5,1441397412666,"17,446",75% bullish,of 4 ratings,$6.25
ARLP,$25.13,1441397412693,"49,020",67% bearish,of 3 ratings,$32
AMOT,$17.5789,1441397412739,"98,487",100% bearish,of 1 rating,N/A
ALNY,$98.145,1441397412980,"166,400",67% bullish,of 3 ratings,$151.50
AFAM,$45.41,1441397413040,"23,365",50% bullish,of 2 ratings,$44
ALQA,$4.5,1441397413111,"53,902",75% bullish,of 4 ratings,$8.50
AOSL,$8.12,1441397413171,"19,912",67% bullish,of 3 ratings,$9
MDRX,$13.02,1441397413200,"762,224",60% bullish,of 5 ratings,$16
ATEC,$0.58,1441397413242,"113,753",100% bullish,of 1 rating,$2
SMCP,NULL,1441397413304,0,Not yet rated,NULL,N/A
ALTR,$49.23,1441397413653,"1,230,476",80% bearish,of 5 ratings,$54
AMAG,$60.98,1441397413681,"229,177",100% bullish,of 2 ratings,$75
AMRN,$2.345,1441397413778,"723,031",85% bullish,of 40 ratings,$8
ASPS,$25.98,1441397413839,"61,724",67% bullish,of 3 ratings,$46.50
AYA,$20.7991,1441397413897,"7,727",100% bearish,of 1 rating,$40
AMRK,$10.55,1441397413926,"12,500",50% bullish,of 2 ratings,$14
AIMC,$23.53,1441397413954,"41,192",100% bearish,of 2 ratings,$28.50
AMZN,$499.09,1441397414033,"1,050,131",81% bullish,of 268 ratings,$646
AMBC,$16.195,1441397414062,"86,467",100% bearish,of 1 rating,$16.50
AMCX,$72.25,1441397414509,"379,285",67% bullish,of 3 ratings,$87.50
EPAX,$2.7,1441397414536,"84,753",100% bearish,of 1 rating,N/A
AMBCW,$8.01,1441397414587,"1,600",100% bearish,of 1 rating,N/A
AMBA,$74.01,1441397414670,"2,726,193",77% bullish,of 13 ratings,$102.50
AMED,$39.87,1441397414718,"90,008",100% bearish,of 1 rating,$42
AMDA,$0.4705,1441397414748,"281,636",90% bullish,of 10 ratings,$1
DOX,$56.35,1441397414851,"262,321",67% bearish,of 3 ratings,$60
ASBI,$22.58,1441397414876,"9,703",Not yet rated,NULL,N/A
AMOV,$17.52,1441397415054,880,100% bearish,of 1 rating,N/A
AGNC,$19.025,1441397415186,"1,104,331",71% bullish,of 28 ratings,$22
AGNCB,$24.2628,1441397415210,"8,317",Not yet rated,NULL,N/A
AAL,$40.8,1441397415422,"4,662,508",93% bullish,of 88 ratings,$57
UHAL,$368.6618,1441397415493,"16,455",100% bullish,of 2 ratings,$393.50
MTGE,$15.13,1441397415553,"228,355",75% bullish,of 4 ratings,$19.50
ATAX,$5.348,1441397415595,"23,866",100% bullish,of 1 rating,$6.50
AGNCP,$25.3701,1441397415686,"2,625",Not yet rated,NULL,N/A
ACSF,$12.28,1441397415738,"11,085",100% bearish,of 1 rating,$15
MTGEP,$24.25,1441397415777,1,Not yet rated,NULL,N/A
ACAS,$13.68,1441397415912,"665,729",60% bullish,of 5 ratings,$16.75
ANCI,$1.424,1441397415970,100,100% bearish,of 1 rating,N/A
AMIC,NULL,1441397416075,0,100% bearish,of 1 rating,N/A
APEI,$21.75,1441397416159,"19,655",100% bearish,of 1 rating,$25.50
AETI,$3.1,1441397416327,"2,162",67% bearish,of 3 ratings,N/A
AMNB,$23.2,1441397416386,"3,986",Not yet rated,NULL,$25.50
ANAT,$98.43,1441397416580,"38,466",100% bullish,of 1 rating,N/A
ARII,$40.12,1441397416605,"74,182",67% bearish,of 3 ratings,$45
ASEI,$38.7201,1441397416632,"11,380",100% bearish,of 1 rating,$52.50
AMRB,$10.33,1441397416660,"2,000",Not yet rated,NULL,$11
AMSWA,$9.02,1441397416685,"15,607",100% bearish,of 2 ratings,$10.75
AMSC,$4.83,1441397416818,"18,989",50% bullish,of 4 ratings,N/A
AMWD,$66.57,1441397416897,"53,194",50% bullish,of 2 ratings,$70
AMSF,$46.16,1441397417145,"10,922",Not yet rated,NULL,$57.50
ASRV,$3.2101,1441397417176,"1,704",100% bullish,of 2 ratings,N/A
ABCB,$27.32,1441397417286,"46,708",Not yet rated,NULL,$31
AMGN,$147.42,1441397417323,"1,447,830",89% bullish,of 19 ratings,$185
ATLO,$22.3,1441397417355,"3,636",Not yet rated,NULL,N/A
ASRVP,NULL,1441397417375,0,Not yet rated,NULL,N/A
CRMT,$35.16,1441397417454,"17,119",100% bearish,of 1 rating,$38
FOLD,$15.61,1441397417595,"770,807",56% bullish,of 9 ratings,$21
AMPH,$13.34,1441397417730,"97,915",50% bullish,of 2 ratings,$20
AMSG,$78.02,1441397417758,"91,661",100% bearish,of 1 rating,$85.50
AMSGP,NULL,1441397417778,0,Not yet rated,NULL,N/A
AMKR,$5.32,1441397417809,"428,658",100% bearish,of 2 ratings,$5
ASYS,$5.33,1441397418164,"16,221",67% bullish,of 3 ratings,$12
AFSI,$57.19,1441397418248,"209,459",60% bullish,of 5 ratings,$72
ANAC,$133.42,1441397418292,"150,637",80% bullish,of 5 ratings,$180.50
ANAD,$0.3089,1441397418329,"121,934",100% bullish,of 2 ratings,$.50
AMRS,$1.75,1441397418357,"37,218",70% bullish,of 10 ratings,N/A
ADI,$54.15,1441397418438,"656,539",75% bullish,of 4 ratings,$69
ALOG,$80.786,1441397418490,"30,611",100% bearish,of 2 ratings,$100.50
AMCF,NULL,1441397418715,0,NULL,NULL,NULL
ABCW,$40.85,1441397418744,"14,406",67% bullish,of 3 ratings,N/A
ANCB,$20.6,1441397418847,"3,982",Not yet rated,NULL,$23
ANGO,$14.5,1441397418980,"21,562",67% bullish,of 3 ratings,$19
ANIP,$51.8073,1441397419009,"69,243",89% bullish,of 19 ratings,$66
ANGI,$5.03,1441397419041,"136,973",64% bullish,of 11 ratings,$5.50
ANIK,$36.08,1441397419140,"65,333",60% bullish,of 5 ratings,$51.25
ATRS,$1.81,1441397419169,"216,523",92% bullish,of 12 ratings,$4.50
ANTH,$7.32,1441397419268,"316,243",80% bullish,of 10 ratings,$13
ANSS,$89.86,1441397419399,"234,543",100% bearish,of 1 rating,$100
ABAC,$0.7864,1441397419603,"3,718",100% bearish,of 1 rating,N/A
APOG,$51.69,1441397419762,"57,351",50% bullish,of 2 ratings,$67
ATNY,$2.44,1441397419830,"2,500",50% bullish,of 2 ratings,$3.75
APIC,$6.88,1441397419927,"39,295",100% bearish,of 1 rating,$19
APPF,$17.19,1441397420059,"22,787",50% bullish,of 2 ratings,$22
AINV,$6.46,1441397420131,"412,040",50% bullish,of 4 ratings,$8
AAPL,$109.52,1441397420156,"23,159,368",86% bullish,of 2364 ratings,$150
APOL,$10.905,1441397420184,"376,885",87% bearish,of 68 ratings,$14
AMAT,$15.41,1441397420479,"7,026,234",82% bullish,of 11 ratings,$23
ARCI,$1.2399,1441397420530,"3,100",Not yet rated,NULL,N/A
AMCC,$5.69,1441397420556,"168,249",80% bullish,of 5 ratings,$8
APDNW,$1.44,1441397420614,300,Not yet rated,NULL,N/A
AAOI,$20.25,1441397420684,"107,926",50% bullish,of 4 ratings,$26
AGTC,$16.33,1441397420714,"12,188",50% bullish,of 2 ratings,$33
APDN,$3.41,1441397420812,"20,652",Not yet rated,NULL,$9
AREX,$2.45,1441397420908,"377,799",50% bullish,of 2 ratings,$3
APTO,$5.2,1441397421008,"4,902",Not yet rated,NULL,$17
APRI,$1.76,1441397421043,"150,132",83% bullish,of 6 ratings,$4.86
AQXP,$15.89,1441397421139,"254,500",50% bullish,of 2 ratings,$2
ARDM,NULL,1441397421338,0,100% bullish,of 1 rating,$26
AQMS,$4.97,1441397421397,"9,884",Not yet rated,NULL,N/A
AUMA,$9.85,1441397421501,200,Not yet rated,NULL,N/A
PETX,$17.32,1441397421542,"78,266",100% bearish,of 2 ratings,$26
AUMAW,NULL,1441397421572,0,Not yet rated,NULL,N/A
AUMAU,NULL,1441397421592,0,Not yet rated,NULL,N/A
ABUS,$6.95,1441397421677,"245,700",86% bullish,of 14 ratings,$21.50
ARCW,$3.255,1441397421754,"243,816",100% bearish,of 2 ratings,$10.50
ARCB,$28.54,1441397422028,"95,111",67% bearish,of 3 ratings,$39.50
ABIO,$6.19,1441397422085,"33,086",50% bullish,of 2 ratings,$3.75
RKDA,$5.45,1441397422162,"4,088",100% bearish,of 2 ratings,$10
ACAT,$25.17,1441397422189,"66,173",100% bearish,of 3 ratings,$33
ACGL,$68.33,1441397422211,"112,092",50% bullish,of 2 ratings,$72
ARDX,$18.98,1441397422264,"62,847",50% bullish,of 2 ratings,$24.50
ARGS,$6.32,1441397422478,"4,402",50% bullish,of 2 ratings,$19.50
ARCC,$15.44,1441397422502,"674,243",67% bearish,of 3 ratings,$17.75
ARKR,$24.835,1441397422691,"1,860",50% bullish,of 2 ratings,N/A
AGIIL,$25.26,1441397422721,"5,653",Not yet rated,NULL,N/A
ARNA,$2.74,1441397422753,"522,874",90% bullish,of 78 ratings,$5.50
AGII,$54.54,1441397422822,"29,580",Not yet rated,NULL,$59.50
ARIA,$7.995,1441397422876,"4,076,590",87% bullish,of 46 ratings,$9
ARIS,$3.75,1441397422917,"4,500",Not yet rated,NULL,$4.50
ARMH,$42.7,1441397422978,"699,284",54% bearish,of 13 ratings,$60
ARTX,$1.3399,1441397423274,"100,165",88% bullish,of 16 ratings,$4.50
ARWA,NULL,1441397423298,0,Not yet rated,NULL,N/A
ARRS,$26.02,1441397423470,"382,418",50% bullish,of 2 ratings,$38
ARWAU,$10.2,1441397423569,100,100% bullish,of 1 rating,N/A
ARWAW,NULL,1441397423597,0,Not yet rated,NULL,N/A
ARRY,$5.59,1441397423641,"941,157",100% bullish,of 7 ratings,$10
ARWAR,NULL,1441397423711,0,Not yet rated,NULL,N/A
AROW,$26.96,1441397423737,"2,754",Not yet rated,NULL,N/A
ARQL,$1.7148,1441397423806,"29,500",75% bullish,of 4 ratings,$5
DWAT,$9.64,1441397423880,"3,600",100% bearish,of 1 rating,N/A
ARWR,$5.55,1441397424007,"652,365",75% bullish,of 4 ratings,$10.50
ARTNA,$21.63,1441397424032,"3,872",100% bearish,of 1 rating,$29
ARTW,$3.96,1441397424368,"3,200",75% bearish,of 4 ratings,N/A
ASCMA,$26.98,1441397424394,"41,142",100% bearish,of 1 rating,$45
ASND,$19.766,1441397424424,"26,572",50% bullish,of 2 ratings,$30
ASBB,$25.23,1441397424453,501,Not yet rated,NULL,N/A
ASTI,$0.192,1441397424480,"3,499,817",83% bullish,of 6 ratings,$3
APWC,$1.7192,1441397424523,"2,404",100% bearish,of 1 rating,N/A
ASNA,$12.11,1441397424549,"1,631,785",50% bullish,of 2 ratings,$18
AZPN,$38.24,1441397424882,"274,558",50% bullish,of 2 ratings,$42
ASMB,$13.08,1441397424944,"30,003",67% bullish,of 3 ratings,N/A
ASFI,$8.74,1441397424970,"1,800",100% bullish,of 1 rating,N/A
ASTE,$37.83,1441397425011,"34,422",100% bearish,of 1 rating,$49
ASML,$91.69,1441397425105,"325,165",50% bullish,of 4 ratings,$127
ASMI,NULL,1441397425172,0,NULL,NULL,NULL
ASTC,$2.256,1441397425698,"7,357",100% bullish,of 5 ratings,N/A
ATHN,$132.4616,1441397425891,"103,898",67% bearish,of 3 ratings,$153
ATAI,$2.3,1441397426045,"3,230",100% bearish,of 1 rating,N/A
AAPC,$10.1,1441397426070,7,Not yet rated,NULL,N/A
AFCB,NULL,1441397426118,0,Not yet rated,NULL,N/A
ALOT,NULL,1441397426202,0,100% bearish,of 1 rating,N/A
ATRA,$42.21,1441397426247,"44,653",50% bullish,of 2 ratings,$68
ATRO,$49.42,1441397426272,"101,714",100% bearish,of 2 ratings,$80
ASUR,$5.49,1441397426298,"11,664",50% bullish,of 2 ratings,$8
ATHX,$1.13,1441397426342,"60,727",89% bullish,of 9 ratings,$5
ACFC,$5.5,1441397426485,"8,928",100% bearish,of 1 rating,$6.50
ATNI,$73.54,1441397426690,"24,799",100% bearish,of 1 rating,$69.50
AFH,$16.1,1441397426717,"125,731",Not yet rated,NULL,$21.50
ATLC,$3.9499,1441397426876,"2,539",67% bullish,of 3 ratings,N/A
AAWW,$37.9992,1441397426947,"121,988",50% bullish,of 2 ratings,$65
ATML,$7.77,1441397427019,"3,393,874",78% bullish,of 9 ratings,$9.50
AAME,$3.4899,1441397427045,"1,203",Not yet rated,NULL,N/A
ATOS,$0.8697,1441397427086,"113,100",100% bullish,of 7 ratings,$7
ATRC,$23.41,1441397427122,"81,624",100% bullish,of 1 rating,$30
ATRI,$374.9,1441397427174,"2,565",Not yet rated,NULL,N/A
AUDC,$3.23,1441397427506,"19,339",80% bullish,of 5 ratings,$5
AUBN,$26.846,1441397427606,"2,800",Not yet rated,NULL,N/A
ATTU,$12.94,1441397427738,"15,901",100% bearish,of 1 rating,$20.50
AUPH,$3.35,1441397427781,"8,299",100% bearish,of 1 rating,$8
LIFE,$14.44,1441397427846,"25,744",86% bullish,of 7 ratings,$43
EARS,$4.35,1441397427871,"3,200",100% bearish,of 2 ratings,$11
ATRM,$3.27,1441397427911,900,50% bullish,of 2 ratings,N/A
ADAT,$0.3467,1441397428045,"765,509",100% bullish,of 2 ratings,N/A
ABTL,$18.95,1441397428070,"62,069",100% bullish,of 4 ratings,$20.25
ADSK,$45.58,1441397428128,"1,013,154",67% bullish,of 6 ratings,$66
AVNW,$1.2299,1441397428457,"58,609",50% bullish,of 2 ratings,N/A
AAVL,$10.1682,1441397428482,"154,517",100% bearish,of 1 rating,$20
AVGO,$121.32,1441397428555,"1,173,461",88% bullish,of 8 ratings,$165
AVEO,$1.39,1441397428647,"271,267",75% bullish,of 8 ratings,$3
AVID,$8.54,1441397428698,"189,434",100% bearish,of 1 rating,$20
AVNU,$12.75,1441397428728,"2,100",Not yet rated,NULL,$14
ADP,$76.32,1441397428830,"855,231",100% bearish,of 1 rating,$88
CAR,$42.49,1441397428974,"1,115,864",80% bullish,of 5 ratings,$60
AVGR,$14.81,1441397429005,"26,522",100% bearish,of 1 rating,$20
AWRE,$3.2256,1441397429112,"7,229",67% bullish,of 3 ratings,N/A
AXPWW,NULL,1441397429156,0,Not yet rated,NULL,N/A
BCOM,NULL,1441397429407,0,100% bearish,of 1 rating,N/A
AXPW,$1.87,1441397429477,"323,675",86% bullish,of 7 ratings,N/A
ACLS,$3.2256,1441397429553,"143,072",67% bullish,of 6 ratings,$4.75
RILY,$9.99,1441397429610,136,Not yet rated,NULL,N/A
AXTI,$2.1332,1441397429635,"5,197",50% bullish,of 2 ratings,$2.75
AXGN,$4.76,1441397429767,"25,044",Not yet rated,NULL,$5
BEAV,$48.91,1441397429792,"333,459",67% bearish,of 3 ratings,$59
BOSC,$2.07,1441397429930,"2,900",50% bullish,of 2 ratings,N/A
BCPC,$57.4032,1441397429970,"86,068",100% bearish,of 1 rating,$75
BWINA,NULL,1441397430031,0,Not yet rated,NULL,N/A
BWINB,$22.42,1441397430355,"1,965",Not yet rated,NULL,N/A
BKMU,$6.91,1441397430380,"16,142",Not yet rated,NULL,$8
BANFP,$26.8,1441397430411,266,Not yet rated,NULL,N/A
BLDP,$1.3016,1441397430436,"105,169",91% bullish,of 22 ratings,$2.50
BANF,$59.21,1441397430523,"10,884",Not yet rated,NULL,$68
BIDU,$145.92,1441397430621,"1,614,656",81% bullish,of 88 ratings,$210
BMRC,$48.99,1441397430646,"2,584",Not yet rated,NULL,$52
BOCH,$5.7493,1441397430790,695,Not yet rated,NULL,$6.50
BKSC,$16.76,1441397430896,"3,600",Not yet rated,NULL,N/A
BFIN,$12.08,1441397431123,"6,424",Not yet rated,NULL,$13
BOTJ,$10.947,1441397431149,"2,151",Not yet rated,NULL,N/A
TAPR,$31.994,1441397431278,700,100% bearish,of 1 rating,N/A
BZUN,$5.13,1441397431303,"132,059",50% bullish,of 2 ratings,$11.50
OZRK,$40.73,1441397431333,"98,972",67% bullish,of 3 ratings,$49.50
BWFG,$18.31,1441397431438,"3,713",100% bearish,of 1 rating,N/A
BHAC,NULL,1441397431463,0,Not yet rated,NULL,N/A
BANR,$43.85,1441397431518,"23,378",100% bullish,of 3 ratings,$50
BHACR,$0.21,1441397431546,"2,098",Not yet rated,NULL,N/A
BHACU,NULL,1441397431713,0,Not yet rated,NULL,N/A
BHACW,NULL,1441397431738,0,Not yet rated,NULL,N/A
BBSI,$34.58,1441397431767,"25,663",67% bearish,of 3 ratings,$62.50
BYBK,$4.99,1441397431866,300,100% bearish,of 1 rating,N/A
BSET,$29.15,1441397432031,"48,407",100% bearish,of 1 rating,$35
BYLK,$12.85,1441397432138,"5,489",Not yet rated,NULL,$14
BBCN,$14.23,1441397432238,"76,965",100% bearish,of 1 rating,$16
BDCV,$4.8201,1441397432332,"8,822",100% bearish,of 1 rating,$10.19
BV,$5.005,1441397432366,"146,899",67% bullish,of 6 ratings,$8.75
BCBP,$11.4,1441397432449,142,Not yet rated,NULL,N/A
BBGI,$3.95,1441397432496,"1,019",100% bearish,of 1 rating,N/A
BECN,$35.68,1441397432524,"80,984",50% bullish,of 2 ratings,$40
BEBE,$1.19,1441397432625,"418,378",75% bullish,of 4 ratings,$2.125
BBBY,$62.21,1441397432724,"553,668",71% bullish,of 7 ratings,$75
BSF,$8.55,1441397432751,"15,571",Not yet rated,NULL,N/A
BELFA,$15.82,1441397432795,680,100% bearish,of 1 rating,N/A
BLPH,$3.9199,1441397432940,"9,143",100% bearish,of 1 rating,$12.50
BLCM,$16.03,1441397433034,"72,386",50% bullish,of 4 ratings,$40
BELFB,$18.72,1441397433070,"8,920",100% bearish,of 1 rating,N/A
BNCL,$12.44,1441397433344,"135,538",100% bullish,of 3 ratings,$12.50
BGCP,$8.83,1441397433403,"359,566",88% bullish,of 8 ratings,$14
BNTC,$7.1,1441397433584,"1,400",100% bullish,of 1 rating,N/A
BGFV,$11.26,1441397433662,"72,335",57% bullish,of 7 ratings,$12
BCDA,NULL,1441397433689,0,Not yet rated,NULL,N/A
ORPN,$5.57,1441397433750,"5,503",100% bullish,of 1 rating,$28.50
BGMD,$0.6143,1441397433778,"69,540",100% bullish,of 10 ratings,N/A
BNFT,$36.07,1441397433835,"36,094",67% bullish,of 3 ratings,$46
BASI,$1.6399,1441397433913,300,Not yet rated,NULL,N/A
BIND,$4.8785,1441397433941,"21,633",75% bullish,of 4 ratings,$13.50
BCRX,$11.55,1441397434073,"203,715",63% bullish,of 8 ratings,$18
BIOD,$0.6976,1441397434150,"16,327",80% bullish,of 5 ratings,$4
BIOC,$2.03,1441397434204,"181,509",83% bullish,of 6 ratings,$3.85
BDSI,$6.42,1441397434398,"472,040",88% bullish,of 8 ratings,$17
BIOL,$1.54,1441397434471,"18,861",Not yet rated,NULL,N/A
BLFS,$2.46,1441397434629,"109,250",100% bearish,of 1 rating,$4.75
BMRN,$126.94,1441397434675,"287,458",80% bullish,of 5 ratings,$160
BPTH,$1.18,1441397434701,"20,154",100% bullish,of 2 ratings,$5
BVXV,$4.01,1441397434759,"23,447",Not yet rated,NULL,N/A
BIIB,$303.15,1441397434828,"645,604",88% bullish,of 16 ratings,$400
BLRX,$1.7,1441397434930,"157,726",100% bullish,of 12 ratings,$5
BVXVW,$0.879,1441397434959,"3,009",100% bearish,of 1 rating,N/A
BRLI,NULL,1441397435055,0,NULL,NULL,NULL
BBC,$31.295,1441397435155,"9,126",Not yet rated,NULL,N/A
BSTC,$48.53,1441397435381,"14,771",100% bearish,of 1 rating,$76
BIOS,$2.49,1441397435465,"332,878",71% bullish,of 7 ratings,$4
BSPM,$0.6973,1441397435598,"73,366",50% bullish,of 2 ratings,N/A
BBP,$32.0299,1441397435629,"10,063",Not yet rated,NULL,N/A
TECH,$92.65,1441397435650,"140,147",100% bullish,of 1 rating,$117
BOTA,$2.135,1441397435730,"26,044",88% bullish,of 8 ratings,N/A
BEAT,$15.8,1441397435778,"318,571",67% bearish,of 3 ratings,$15
BITI,$16.7,1441397435989,"12,529",100% bullish,of 1 rating,$28
BBRY,$7.33,1441397436041,"6,942,658",61% bullish,of 331 ratings,$9
BJRI,$44.76,1441397436069,"96,448",50% bullish,of 2 ratings,$55
BDMS,NULL,1441397436089,0,100% bearish,of 1 rating,N/A
BBOX,$14.72,1441397436110,"20,646",100% bearish,of 1 rating,N/A
HAWK,$38.95,1441397436309,"70,855",91% bullish,of 11 ratings,$49
BDE,$7.355,1441397436344,"36,830",50% bullish,of 2 ratings,$9
BLKB,$56.97,1441397436440,"50,555",100% bearish,of 2 ratings,$66
BKCC,$9.42,1441397436466,"131,819",50% bullish,of 2 ratings,$10
ADRA,$25.9001,1441397436726,"1,578",100% bearish,of 1 rating,N/A
ADRD,$21.16,1441397436871,"2,013",100% bearish,of 1 rating,N/A
BCOR,$13.27,1441397436899,"85,131",57% bullish,of 7 ratings,$15
ADRE,$28.54,1441397436923,"13,083",100% bearish,of 1 rating,N/A
BLBD,$11.6,1441397437169,"2,390",Not yet rated,NULL,N/A
NILE,$33.34,1441397437199,"15,818",50% bullish,of 2 ratings,$34
BUFF,$23.5,1441397437246,"384,579",77% bullish,of 13 ratings,$31.50
BBLU,$0.88,1441397437302,"412,302",100% bullish,of 2 ratings,$4.43
BHBK,$14.01,1441397437331,"38,146",100% bullish,of 1 rating,$14.50
ADRU,$21.02,1441397437359,"4,200",100% bearish,of 1 rating,N/A
BLMN,$20.48,1441397437435,"241,540",83% bullish,of 6 ratings,$27.50
BLUE,$129.36,1441397437506,"188,055",71% bullish,of 7 ratings,$217.50
BPMC,$28.23,1441397437758,"22,129",50% bullish,of 2 ratings,$47.50
BKEP,$6.4299,1441397437835,"9,598",100% bearish,of 1 rating,$8.50
BKEPP,NULL,1441397437895,0,100% bearish,of 1 rating,N/A
BOBE,$45.14,1441397437936,"185,542",75% bullish,of 4 ratings,$57
BNCN,$20.85,1441397437999,"37,322",Not yet rated,NULL,$24
BOFI,$113.69,1441397438036,"229,204",100% bullish,of 6 ratings,$144
WIFI,$7.56,1441397438061,"114,756",50% bullish,of 2 ratings,$13.50
BOJA,$20.78,1441397438278,"98,742",100% bullish,of 1 rating,$30
BNSO,$1.2301,1441397438418,900,100% bearish,of 1 rating,N/A
BPFHP,$25.1708,1441397438465,"1,100",100% bearish,of 1 rating,N/A
BOKF,$62.05,1441397438635,"78,543",100% bearish,of 1 rating,$69
BONA,$11.21,1441397438717,"57,365",75% bullish,of 4 ratings,$8.50
BPFH,$11.805,1441397438801,"137,492",100% bearish,of 1 rating,$14
BPFHW,NULL,1441397438828,0,100% bearish,of 1 rating,N/A
BDBD,$8.325,1441397438879,"215,170",60% bullish,of 5 ratings,$10
BAMM,$3.21,1441397438905,"2,457",60% bullish,of 5 ratings,N/A
EPAY,$26.4,1441397438959,"65,507",100% bearish,of 2 ratings,$30
BCLI,$3.1399,1441397439033,"54,145",80% bullish,of 5 ratings,$12
BBRG,$12.49,1441397439277,"22,008",67% bullish,of 3 ratings,$14.50
BLIN,$1.54,1441397439380,"366,610",50% bullish,of 2 ratings,$2.20
BDGE,$25.88,1441397439525,"9,150",Not yet rated,NULL,$31.75
BBEP,$2.675,1441397439595,"603,346",69% bullish,of 13 ratings,$5.625
BCOV,$5.195,1441397439620,"45,919",67% bullish,of 3 ratings,$10.20
BBEPP,$14.56,1441397439668,"11,293",50% bullish,of 2 ratings,N/A
BRID,$8.1,1441397439835,2,100% bearish,of 1 rating,N/A
BSFT,$32.04,1441397439895,"79,765",57% bullish,of 7 ratings,$40.50
BRCM,$50.49,1441397439964,"2,010,780",69% bullish,of 13 ratings,$56
BVSN,$5.97,1441397439993,"2,800",60% bearish,of 5 ratings,N/A
BRCD,$10.14,1441397440014,"1,190,022",92% bullish,of 13 ratings,$12
BRKS,$10.2409,1441397440314,"102,925",67% bullish,of 3 ratings,$15.25
BWEN,$3.15,1441397440338,"57,129",75% bullish,of 4 ratings,$8
BYFC,NULL,1441397440400,0,50% bullish,of 2 ratings,N/A
BRKL,$10.46,1441397440480,"122,872",100% bearish,of 1 rating,$12
BMTC,$29.22,1441397440542,"34,502",Not yet rated,NULL,$34
BRKR,$17.825,1441397440686,"197,838",100% bearish,of 2 ratings,$22
BWLD,$197.19,1441397440826,"110,267",82% bullish,of 11 ratings,$205
BSQR,$6.0788,1441397440856,"15,637",67% bullish,of 3 ratings,N/A
BLMT,$21,1441397440922,"4,440",Not yet rated,NULL,N/A
CHRW,$67.73,1441397440955,"549,396",Not yet rated,NULL,$72
BLDR,$15.32,1441397441223,"786,640",67% bullish,of 3 ratings,$22
BUR,$1.73,1441397441285,550,100% bearish,of 1 rating,$8
CFFI,$35.62,1441397441370,"2,552",100% bearish,of 1 rating,N/A
CCMP,$42.23,1441397441417,"19,154",50% bullish,of 2 ratings,$59
CDNS,$20.32,1441397441448,"850,381",75% bullish,of 4 ratings,$22.50
CA,$27.17,1441397441475,"1,366,734",50% bullish,of 4 ratings,$33
CZR,$9.3085,1441397441730,"276,939",60% bearish,of 5 ratings,$10.50
CACQ,$6.97,1441397441756,"72,794",100% bearish,of 1 rating,$12.25
CLBS,$1.705,1441397441954,"56,217",79% bullish,of 14 ratings,$4
CLMS,$9.74,1441397441981,"70,825",Not yet rated,NULL,$10.50
CDZI,$7.54,1441397442064,"48,138",100% bearish,of 1 rating,N/A
PRSS,$4.47,1441397442138,"6,275",80% bullish,of 5 ratings,$4.50
CCD,$19.368,1441397442173,"36,652",Not yet rated,NULL,N/A
CSTE,$38.7009,1441397442199,"125,356",50% bullish,of 2 ratings,$65
CHY,$11.01,1441397442271,"119,456",Not yet rated,NULL,N/A
CHI,$10.3,1441397442300,"145,551",100% bearish,of 1 rating,N/A
CFGE,NULL,1441397442451,0,Not yet rated,NULL,N/A
CGO,$11.88,1441397442647,"7,945",100% bearish,of 1 rating,N/A
CSQ,$9.71,1441397442676,"225,061",Not yet rated,NULL,N/A
CVGW,$49.57,1441397442776,"201,929",50% bullish,of 2 ratings,$62
CHW,$7.365,1441397443018,"219,851",100% bearish,of 1 rating,N/A
CALA,$6.05,1441397443063,"130,270",67% bullish,of 3 ratings,$19.50
CALM,$53.06,1441397443095,"125,473",80% bullish,of 5 ratings,$63.50
CAMP,$15.9,1441397443116,"201,288",88% bullish,of 8 ratings,$25
CLMT,$25.59,1441397443148,"68,958",75% bullish,of 8 ratings,$31
CALD,$16,1441397443189,"111,549",100% bearish,of 1 rating,$21
CFNB,$13.0601,1441397443279,300,100% bearish,of 1 rating,N/A
ABCD,$5.0801,1441397443304,"26,986",83% bullish,of 6 ratings,N/A
CAMBU,NULL,1441397443470,0,100% bearish,of 1 rating,N/A
CAMB,NULL,1441397443519,0,Not yet rated,NULL,N/A
CAMBW,NULL,1441397443551,0,Not yet rated,NULL,N/A
CAC,$39.62,1441397443768,"7,954",Not yet rated,NULL,N/A
CSIQ,$18.35,1441397443871,"613,392",86% bullish,of 28 ratings,$42.50
CGIX,$9.87,1441397443896,"3,646",67% bullish,of 3 ratings,$14.375
CAMT,$2.61,1441397443962,"26,229",73% bullish,of 11 ratings,$4
CPLA,$48.65,1441397444045,"32,271",67% bearish,of 3 ratings,$65
CPHC,NULL,1441397444287,0,100% bearish,of 1 rating,N/A
CBNJ,$11.14,1441397444362,"9,441",100% bearish,of 1 rating,N/A
CCBG,$15.12,1441397444443,"3,535",Not yet rated,NULL,$17.25
CPLP,$7.01,1441397444741,"127,003",71% bullish,of 7 ratings,$11
CSWC,$43.67,1441397444802,"20,572",Not yet rated,NULL,N/A
CBF,$30.2739,1441397444828,"22,584",Not yet rated,NULL,$32
CPTA,$14.15,1441397444857,"18,826",100% bearish,of 1 rating,$18.25
CFFN,$11.8138,1441397444959,"180,281",Not yet rated,NULL,$12.75
CAPNW,NULL,1441397445159,0,Not yet rated,NULL,N/A
CPST,$0.3873,1441397445184,"267,811",95% bullish,of 22 ratings,$1.25
CAPR,$4.3,1441397445230,"6,741",Not yet rated,NULL,$12
CARA,$19.04,1441397445256,"104,312",50% bullish,of 4 ratings,$25
CAPN,$2.01,1441397445322,"71,694",100% bullish,of 1 rating,$10.85
CBYL,$5.34,1441397445383,"30,832",100% bearish,of 1 rating,$20
CARB,$11.08,1441397445412,"37,838",75% bullish,of 4 ratings,$12
CRDC,$0.3442,1441397445512,"175,755",100% bullish,of 1 rating,$1.25
CSII,$22.7409,1441397445774,"86,560",100% bearish,of 2 ratings,$42.125
CRME,$9.52,1441397445824,"12,507",89% bullish,of 9 ratings,$11.25
CATM,$33.77,1441397445961,"106,680",100% bearish,of 1 rating,$44
CTRE,$10.94,1441397446030,"193,285",50% bullish,of 2 ratings,$13.50
CDNA,$6.95,1441397446057,"610,200",100% bearish,of 1 rating,$9
CECO,$3.61,1441397446081,"133,339",67% bearish,of 3 ratings,$6
CFNL,$22.01,1441397446134,"25,959",Not yet rated,NULL,$24
CARO,$15.199,1441397446211,804,100% bearish,of 1 rating,$19
CKEC,$22.63,1441397446507,"97,421",50% bullish,of 2 ratings,$35.915
CRZO,$35.65,1441397446540,"632,099",67% bearish,of 3 ratings,$54.50
CRTN,$2.44,1441397446577,768,100% bearish,of 1 rating,N/A
CLBH,$12.8,1441397446638,"2,671",Not yet rated,NULL,$16.50
CARV,$6.8222,1441397446680,"6,640",50% bullish,of 2 ratings,N/A
CART,$5.3699,1441397446708,100,100% bearish,of 1 rating,N/A
TAST,$12.6799,1441397446808,"121,149",Not yet rated,NULL,$14.25
CASM,$1.19,1441397447118,"7,564",100% bullish,of 1 rating,$3.50
CSCD,$15.41,1441397447144,"10,080",100% bullish,of 2 ratings,$17
CACB,$5.32,1441397447174,"37,677",Not yet rated,NULL,$5.50
CASS,$48.41,1441397447275,"7,251",100% bearish,of 1 rating,N/A
CASY,$105.64,1441397447335,"130,461",50% bullish,of 2 ratings,$99.50
CATB,$11.2,1441397447539,"10,815",100% bearish,of 1 rating,$28
CPRX,$3.7,1441397447568,"313,526",71% bullish,of 7 ratings,$7
CATYW,NULL,1441397447672,0,100% bearish,of 1 rating,N/A
CASI,$1.3526,1441397447700,"1,684",100% bullish,of 1 rating,$3.50
CATY,$29.17,1441397447744,"254,446",100% bearish,of 1 rating,$33.50
CWST,$6.31,1441397447779,"33,802",50% bullish,of 2 ratings,$7.25
CBFV,$21.4599,1441397447878,421,Not yet rated,NULL,$25
CVCO,$70.59,1441397447905,"4,445",100% bearish,of 1 rating,N/A
CAVM,$68.0747,1441397448060,"270,617",67% bearish,of 3 ratings,$72
CNLM,NULL,1441397448162,0,Not yet rated,NULL,N/A
CNLMR,NULL,1441397448185,0,Not yet rated,NULL,N/A
CNLMW,NULL,1441397448440,0,Not yet rated,NULL,N/A
CECE,$9.44,1441397448611,"333,110",50% bullish,of 2 ratings,$16
CELG,$118.03,1441397448640,"1,840,031",92% bullish,of 13 ratings,$156
CNLMU,NULL,1441397448690,0,100% bullish,of 1 rating,N/A
CPXX,$2.318,1441397448715,"42,997",100% bullish,of 2 ratings,$7
CDK,$48.39,1441397448744,"92,125",67% bearish,of 3 ratings,$50
CBOE,$63.68,1441397448847,"151,517",Not yet rated,NULL,$63
CELGZ,$1.7935,1441397448890,373,80% bullish,of 5 ratings,N/A
CDW,$38.71,1441397448919,"306,372",75% bullish,of 4 ratings,$44
CLDN,$1.1905,1441397449088,"56,482",63% bullish,of 8 ratings,$3
CLDX,$14.16,1441397449133,"398,058",89% bullish,of 9 ratings,$36
CLRB,$3.1,1441397449230,"9,449",100% bearish,of 1 rating,N/A
CLRBW,NULL,1441397449411,0,Not yet rated,NULL,N/A
CLLS,$31.95,1441397449573,"41,644",75% bullish,of 4 ratings,$51.50
CETX,$2.4724,1441397449629,"22,000",Not yet rated,NULL,$5.60
CLSN,$1.99,1441397449672,"48,914",80% bullish,of 10 ratings,$7.50
CEMP,$33.69,1441397449701,"208,790",71% bullish,of 7 ratings,$52
CBMG,$23.06,1441397449726,"33,113",50% bullish,of 2 ratings,N/A
CYAD,$47.501,1441397449806,200,100% bullish,of 1 rating,$87.50
CLTX,$2.022,1441397449868,"97,130",100% bullish,of 2 ratings,N/A
CFBK,$1.34,1441397450060,896,Not yet rated,NULL,N/A
CETV,$2.01,1441397450092,"32,036",67% bullish,of 3 ratings,$2.80
CSFL,$13.635,1441397450113,"38,856",Not yet rated,NULL,$15
CENTA,$14.5,1441397450134,"79,188",Not yet rated,NULL,N/A
CENT,$14.11,1441397450263,"106,825",Not yet rated,NULL,$10
CNTY,$5.95,1441397450665,"8,823",80% bullish,of 5 ratings,$7.75
CERE,$1.1001,1441397450690,"217,466",88% bullish,of 8 ratings,N/A
CERU,$4.22,1441397450716,"17,281",75% bullish,of 4 ratings,$14
CRNT,$1.4,1441397450741,"43,041",50% bullish,of 2 ratings,$2
CVCY,$11.54,1441397450884,198,Not yet rated,NULL,$12
CENX,$5.35,1441397450959,"815,245",67% bullish,of 6 ratings,$9
CNBKA,$39.4,1441397451023,498,50% bullish,of 2 ratings,N/A
CERN,$60.02,1441397451089,"447,942",67% bullish,of 3 ratings,$79
CERS,$5.225,1441397451117,"492,235",75% bullish,of 4 ratings,$7
KOOL,$0.612,1441397451150,"27,235",100% bullish,of 5 ratings,$7
CEVA,$18.89,1441397451176,"12,580",100% bearish,of 1 rating,$25
CPHD,$49.39,1441397451197,"299,819",67% bearish,of 3 ratings,$66
CYOU,$18.9237,1441397451527,"58,026",50% bullish,of 6 ratings,$24
HOTR,$1.2901,1441397451610,"46,572",100% bullish,of 2 ratings,$5
HOTRW,$0.15,1441397451634,"10,650",Not yet rated,NULL,N/A
CTHR,$1.2396,1441397451670,"32,247",50% bullish,of 2 ratings,$2.50
CHTR,$183.41,1441397451836,"332,724",67% bearish,of 3 ratings,$202
GTLS,$23.2,1441397451861,"99,553",50% bullish,of 4 ratings,$40
CCXI,$6.16,1441397452064,"12,202",67% bullish,of 3 ratings,$14
CHEKW,NULL,1441397452112,0,Not yet rated,NULL,N/A
CEMI,$4.095,1441397452140,"3,248",50% bullish,of 2 ratings,$7.50
CHFN,$12.18,1441397452212,"6,508",Not yet rated,NULL,$14
CHKP,$77.79,1441397452304,"716,859",50% bullish,of 4 ratings,$92
CHFC,$30.29,1441397452338,"57,206",100% bearish,of 1 rating,$36
CHEK,$2.5201,1441397452365,500,Not yet rated,NULL,$7.75
CHEV,$14.5,1441397452429,"3,750",Not yet rated,NULL,N/A
CHKE,$25.4711,1441397452522,"7,615",100% bearish,of 1 rating,$32.50
CHMG,$26.25,1441397452548,"2,550",Not yet rated,NULL,$30
CADC,$3.34,1441397452911,400,78% bullish,of 9 ratings,N/A
PLCE,$58.41,1441397453000,"63,557",100% bearish,of 1 rating,$69
CBPO,$94.24,1441397453026,"61,396",75% bullish,of 8 ratings,$140.50
CAAS,$6.04,1441397453155,"5,879",93% bullish,of 14 ratings,$11.50
CHMA,$28.52,1441397453180,"48,781",Not yet rated,NULL,$40
CMRX,$49.28,1441397453241,"99,714",50% bullish,of 2 ratings,$57
CCCR,$0.64,1441397453325,"2,200",67% bearish,of 3 ratings,N/A
CALI,NULL,1441397453352,0,67% bullish,of 3 ratings,N/A
CCCL,NULL,1441397453421,0,100% bullish,of 6 ratings,N/A
CBNK,$16.78,1441397453447,200,100% bearish,of 1 rating,N/A
CBAK,$2.0298,1441397453481,"86,410",67% bullish,of 9 ratings,N/A
HGSH,$1.8,1441397453722,"2,201",67% bullish,of 3 ratings,N/A
CHOP,$1.08,1441397453852,"7,497",50% bullish,of 2 ratings,N/A
JRJC,$3.4532,1441397453923,"26,297",82% bullish,of 11 ratings,N/A
CNIT,$1.1416,1441397453951,"63,859",67% bullish,of 6 ratings,N/A
CJJD,$1.79,1441397454056,"2,890",100% bullish,of 1 rating,N/A
CHLN,$1.8404,1441397454113,710,67% bullish,of 3 ratings,N/A
CREG,$0.6599,1441397454260,"31,992",100% bullish,of 3 ratings,N/A
CHNR,$1.73,1441397454287,"24,518",100% bearish,of 1 rating,N/A
CSUN,$1.37,1441397454312,"8,775",80% bullish,of 5 ratings,N/A
CNTF,$0.7807,1441397454455,"23,386",Not yet rated,NULL,N/A
HTHT,$25.5965,1441397454483,"44,922",50% bullish,of 2 ratings,$28.40
CPGI,$6.87,1441397454546,"2,000",Not yet rated,NULL,N/A
CCIH,$7.2603,1441397454742,"86,809",67% bullish,of 6 ratings,$12.65
CNYD,$3.21,1441397454799,300,67% bullish,of 3 ratings,N/A
CNET,$0.83,1441397454828,"13,160",50% bullish,of 2 ratings,N/A
CXDC,$6.109,1441397454875,"19,268",67% bearish,of 3 ratings,N/A
IMOS,$19.33,1441397454931,"114,863",60% bullish,of 5 ratings,$21.50
CHSCL,$27.26,1441397455015,"15,642",Not yet rated,NULL,N/A
CHSCM,$26.2968,1441397455101,"9,629",Not yet rated,NULL,N/A
CHSCN,$27.053,1441397455262,"1,652",Not yet rated,NULL,N/A
CHUY,$31.38,1441397455313,"44,365",50% bullish,of 2 ratings,$34
CHSCP,$30.69,1441397455477,"2,821",Not yet rated,NULL,N/A
CHDN,$133.75,1441397455534,"32,551",Not yet rated,NULL,$165
CIFC,$6.85,1441397455562,"7,435",100% bearish,of 1 rating,N/A
CDTX,$14.23,1441397455583,"9,685",Not yet rated,NULL,$22
CHSCO,$28.48,1441397455617,"1,468",Not yet rated,NULL,N/A
CMCT,NULL,1441397455794,0,100% bearish,of 1 rating,N/A
CMPR,$71.42,1441397455820,"77,364",50% bullish,of 2 ratings,$72.50
CTAS,$84.07,1441397455951,"164,449",100% bearish,of 1 rating,$91
CRUS,$29.49,1441397456117,"260,442",75% bullish,of 12 ratings,$44.50
CIDM,$0.5887,1441397456205,"9,089",50% bullish,of 2 ratings,$2.10
CINF,$52.01,1441397456271,"282,879",50% bullish,of 4 ratings,$50.50
CTRN,$25.68,1441397456296,"45,203",100% bearish,of 1 rating,$31.50
CSCO,$25.52,1441397456323,"10,868,654",83% bullish,of 210 ratings,$32
CPHR,$5.05,1441397456349,"1,710",100% bearish,of 1 rating,$17
CZWI,$9,1441397456374,316,Not yet rated,NULL,N/A
CZNC,$19.47,1441397456552,"10,241",Not yet rated,NULL,N/A
CTXS,$68.07,1441397456653,"808,888",86% bullish,of 7 ratings,$80
CIVB,$10.07,1441397456707,"1,650",Not yet rated,NULL,$11
CIVBP,NULL,1441397456787,0,Not yet rated,NULL,N/A
CIZN,NULL,1441397456933,0,Not yet rated,NULL,N/A
CHCO,$46.96,1441397456982,"16,718",Not yet rated,NULL,$46
CZFC,NULL,1441397457170,0,Not yet rated,NULL,N/A
CLNE,$5.1,1441397457191,"418,832",80% bullish,of 15 ratings,$9
CDTI,$1.587,1441397457231,"20,814",75% bullish,of 4 ratings,$3.20
CLNT,$1.55,1441397457266,"5,200",75% bullish,of 8 ratings,N/A
CLFD,$16.82,1441397457295,"10,744",67% bullish,of 3 ratings,$18
CLRO,$11.43,1441397457401,600,50% bullish,of 2 ratings,$14.25
CLIR,$5.03,1441397457503,"45,470",100% bullish,of 3 ratings,N/A
CSBK,$13.9,1441397457572,"32,115",Not yet rated,NULL,N/A
CBLI,$4.18,1441397457763,"12,806",60% bullish,of 5 ratings,N/A
CMFN,$11.28,1441397457796,"9,962",100% bearish,of 1 rating,$15.50
CME,$92.68,1441397457821,"753,602",67% bullish,of 3 ratings,$102
CLVS,$84.02,1441397457847,"198,580",60% bullish,of 5 ratings,$101.50
CISG,$7.63,1441397458057,"16,304",100% bullish,of 5 ratings,$10
CCNE,$16.989,1441397458081,"4,343",50% bullish,of 2 ratings,$21.50
COBZ,$12.75,1441397458225,"24,464",100% bullish,of 1 rating,$14
CNV,$4.24,1441397458254,"27,384",50% bullish,of 2 ratings,$7.15
CDRB,$9.21,1441397458315,"17,704",67% bullish,of 3 ratings,N/A
CDXS,$3.53,1441397458353,"22,672",64% bullish,of 11 ratings,$6
COKE,$157.01,1441397458447,"11,633",79% bullish,of 19 ratings,N/A
CWAY,$11.28,1441397458576,"1,600",Not yet rated,NULL,N/A
JVA,$4.65,1441397458652,"9,700",83% bullish,of 6 ratings,$7
CGNT,$1.54,1441397458710,800,100% bullish,of 2 ratings,$2
CVLY,$20.4001,1441397458735,300,Not yet rated,NULL,N/A
CCOI,$27.23,1441397458783,"136,195",50% bullish,of 4 ratings,$35
CGNX,$34.39,1441397458928,"208,717",50% bullish,of 2 ratings,$47
COHU,$9.48,1441397459115,"26,031",100% bearish,of 1 rating,$14.25
CHRS,$26.81,1441397459215,"118,435",67% bearish,of 3 ratings,$37
CLCT,$18.03,1441397459241,"8,166",100% bearish,of 1 rating,N/A
CBAN,$8.76,1441397459386,300,Not yet rated,NULL,N/A
COHR,$54.8212,1441397459416,"34,249",50% bullish,of 2 ratings,$72
CLRX,$0.6899,1441397459467,"18,004",50% bullish,of 2 ratings,N/A
CTSH,$61.87,1441397459526,"1,588,598",90% bullish,of 10 ratings,$75
COLL,$16.08,1441397459603,"28,377",100% bearish,of 1 rating,$26
CLCD,$5.81,1441397459696,"34,204",100% bearish,of 1 rating,$20.50
CIGI,$41.77,1441397459721,"19,480",100% bearish,of 1 rating,$52
COLM,$61.48,1441397459934,"35,276",100% bearish,of 1 rating,$71
CMCSK,$56.91,1441397460213,"1,896,541",Not yet rated,NULL,$84
COLB,$29.43,1441397460246,"74,450",Not yet rated,NULL,$36
CMCSA,$55.91,1441397460273,"5,162,304",66% bullish,of 35 ratings,$69.50
CBMX,$1.11,1441397460344,"10,501",83% bullish,of 6 ratings,$3.15
CBSHP,$25.44,1441397460374,"4,098",100% bearish,of 1 rating,N/A
CMCO,$18.76,1441397460402,"20,625",60% bullish,of 5 ratings,$28
CUBN,NULL,1441397460427,0,Not yet rated,NULL,N/A
CBSH,$43.59,1441397460475,"123,111",50% bullish,of 2 ratings,$46
CVGI,$4.85,1441397460640,"20,386",50% bullish,of 2 ratings,$6
COMM,$32.66,1441397460744,"220,067",67% bearish,of 3 ratings,$35
ESXB,$5.0201,1441397460809,426,Not yet rated,NULL,N/A
JCS,$8.7199,1441397460835,"7,075",67% bullish,of 3 ratings,N/A
CSAL,$20.32,1441397460895,"309,820",75% bullish,of 4 ratings,$30
CTBI,$34.49,1441397461058,"11,104",Not yet rated,NULL,$36
CYHHZ,$0.0123,1441397461083,"66,382",100% bullish,of 1 rating,N/A
COB,$10.247,1441397461234,"5,100",100% bullish,of 1 rating,$11.75
CVLT,$35.45,1441397461290,"422,522",75% bullish,of 4 ratings,$44.50
CWBC,$6.8301,1441397461318,300,Not yet rated,NULL,N/A
CIZ,$31.99,1441397461339,"15,123",100% bearish,of 1 rating,N/A
CIL,NULL,1441397461468,0,Not yet rated,NULL,N/A
CDC,$33.9499,1441397461536,"51,599",Not yet rated,NULL,N/A
CID,$32.38,1441397461601,"1,305",Not yet rated,NULL,N/A
CSA,NULL,1441397461912,0,Not yet rated,NULL,N/A
CFO,$34.7,1441397461995,"45,444",100% bearish,of 1 rating,N/A
CSF,$36.06,1441397462049,"3,017",100% bearish,of 1 rating,N/A
CDL,$32.826,1441397462157,"1,157",Not yet rated,NULL,N/A
CSB,NULL,1441397462222,0,Not yet rated,NULL,N/A
CGEN,$5.09,1441397462265,"38,887",50% bullish,of 2 ratings,$11
CFA,$34.65,1441397462322,900,100% bearish,of 1 rating,N/A
CTG,$6.63,1441397462395,"11,935",100% bearish,of 1 rating,$8.50
SCOR,$47.48,1441397462816,"256,219",100% bearish,of 1 rating,$66
CHCI,$0.7101,1441397462841,"6,852",50% bullish,of 2 ratings,N/A
CMTL,$25.83,1441397462969,"13,221",100% bearish,of 2 ratings,$37
CPSI,$45.11,1441397463059,"28,563",100% bearish,of 1 rating,$45.50
CNSI,$18.13,1441397463084,"40,215",100% bearish,of 2 ratings,$29
CNAT,$3.85,1441397463127,"42,712",83% bullish,of 6 ratings,$13
CNCE,$15.95,1441397463500,"66,474",75% bullish,of 4 ratings,$22
CDOR,$1.2201,1441397463813,"7,700",100% bullish,of 1 rating,N/A
CCUR,$5.33,1441397463916,"3,713",75% bullish,of 4 ratings,N/A
CXRX,$84,1441397463978,"1,600",100% bearish,of 1 rating,$90
CDORO,NULL,1441397464065,0,100% bearish,of 1 rating,N/A
CFMS,$14.24,1441397464091,"260,089",100% bearish,of 1 rating,$26.50
CTWS,$34.43,1441397464167,"6,022",100% bearish,of 1 rating,$44
CDORP,$6.25,1441397464246,300,100% bearish,of 1 rating,N/A
CNXR,$6.79,1441397464273,"75,858",100% bearish,of 1 rating,$12
CNFR,$10.1208,1441397464300,"1,752",Not yet rated,NULL,N/A
CONN,$28.9,1441397464517,"319,988",67% bullish,of 3 ratings,$48.50
CNOB,$18.92,1441397464591,"44,099",100% bullish,of 1 rating,$23.50
CNSL,$19.5519,1441397464681,"69,515",100% bearish,of 1 rating,$23
CNMD,$50.67,1441397464710,"56,955",Not yet rated,NULL,$59
CTCT,$24.36,1441397464813,"80,913",67% bullish,of 3 ratings,$37
CWCO,$10.47,1441397464872,"48,989",67% bullish,of 3 ratings,$14.50
CPSS,$5.51,1441397465004,"5,897",100% bullish,of 1 rating,$10
CFRXW,$1.68,1441397465070,700,100% bearish,of 1 rating,N/A
CFRXZ,NULL,1441397465098,0,Not yet rated,NULL,N/A
CFRX,$5.023,1441397465205,"4,050",Not yet rated,NULL,$14
CPRT,$34.9,1441397465347,"173,419",67% bearish,of 3 ratings,$40
CTRL,$8.26,1441397465419,"76,191",50% bullish,of 2 ratings,$11
CORT,$4.905,1441397465477,"133,348",67% bullish,of 3 ratings,$12
CRBP,$1.86,1441397465506,"80,545",100% bullish,of 2 ratings,$6.25
CTRV,$3.42,1441397465576,"6,350",Not yet rated,NULL,$6.40
BVA,$3.75,1441397465601,100,50% bullish,of 2 ratings,N/A
CORE,$58.94,1441397465756,"54,623",100% bearish,of 1 rating,$72
CORI,$10.38,1441397465785,"50,493",100% bearish,of 1 rating,$18
CRVL,$30.48,1441397465916,"6,077",100% bearish,of 1 rating,N/A
CSGP,$174.82,1441397466006,"42,925",50% bullish,of 2 ratings,$235
COSI,$1.08,1441397466074,"3,359",100% bullish,of 1 rating,N/A
CSOD,$36.49,1441397466100,"140,474",50% bullish,of 2 ratings,$42
CPAH,$0.43,1441397466234,300,50% bullish,of 2 ratings,N/A
COST,$138.89,1441397466261,"911,892",79% bullish,of 24 ratings,$154.50
ICBK,NULL,1441397466284,0,Not yet rated,NULL,$21
CVTI,$22.62,1441397466433,"23,247",67% bearish,of 3 ratings,$39
COVS,$2.47,1441397466577,"44,269",67% bullish,of 3 ratings,N/A
COWN,$5.04,1441397466605,"351,787",75% bullish,of 4 ratings,$7
COWNL,$26.62,1441397466641,113,Not yet rated,NULL,N/A
CBRL,$146.96,1441397466666,"79,868",50% bullish,of 2 ratings,$155
CRAI,$23.12,1441397466810,"11,131",100% bearish,of 1 rating,$36
BREW,$7.7,1441397466877,"13,203",67% bullish,of 6 ratings,$15
CPSH,$2.41,1441397466902,702,Not yet rated,NULL,N/A
CRAY,$20.6,1441397467158,"98,558",83% bullish,of 6 ratings,$38.50
SLVO,$10.07,1441397467183,437,100% bearish,of 1 rating,N/A
CACC,$195.5101,1441397467232,"57,261",50% bullish,of 2 ratings,$158.50
CREE,$25.97,1441397467328,"522,271",65% bullish,of 17 ratings,$29.50
GLDI,$10.96,1441397467396,"42,120",100% bearish,of 1 rating,N/A
CROX,$13.86,1441397467422,"455,123",63% bullish,of 8 ratings,$16.50
CRTO,$36.28,1441397467455,"280,930",67% bullish,of 6 ratings,$64
CRESY,$10.19,1441397467719,"10,500",100% bearish,of 1 rating,$19
CRWN,$5.24,1441397467755,"115,802",75% bullish,of 4 ratings,N/A
CRDS,$1.19,1441397467786,"101,378",50% bullish,of 4 ratings,$3.375
CCRN,$14.2,1441397467811,"151,077",100% bearish,of 1 rating,$14.25
CRWS,$8.08,1441397467890,"5,600",Not yet rated,NULL,$10
CSGS,$29.6,1441397468045,"81,965",Not yet rated,NULL,$40
CYRX,$3,1441397468080,"25,433",Not yet rated,NULL,$9
CTIC,$1.52,1441397468211,"257,374",84% bullish,of 76 ratings,$5.75
CTCM,$1.7,1441397468302,"94,785",80% bearish,of 5 ratings,$3.90
CSPI,$5.8699,1441397468329,"3,818",67% bullish,of 3 ratings,N/A
CCLP,$13.61,1441397468354,"74,483",67% bearish,of 3 ratings,$20
CYRXW,$0.745,1441397468506,"8,500",Not yet rated,NULL,N/A
CTRP,$63.82,1441397468576,"840,372",75% bullish,of 8 ratings,$92.50
CTIB,NULL,1441397468602,0,100% bearish,of 1 rating,N/A
CUNB,$21.7499,1441397468632,"6,677",Not yet rated,NULL,$24.50
CUI,$5.2397,1441397468767,"11,809",50% bullish,of 2 ratings,$10
CPIX,$6.15,1441397468832,"10,103",Not yet rated,NULL,N/A
CRIS,$2.53,1441397468857,"72,746",100% bullish,of 8 ratings,$6
CYAN,$6.1,1441397469175,"1,250",100% bearish,of 1 rating,N/A
CVBF,$16.01,1441397469201,"115,808",Not yet rated,NULL,$18
CYBR,$46.66,1441397469259,"1,673,242",75% bullish,of 8 ratings,$68.50
CYBX,$64.51,1441397469330,"69,684",50% bullish,of 4 ratings,$71.50
CMLS,$1.28,1441397469355,"102,627",50% bullish,of 4 ratings,$6
CUTR,$14.95,1441397469427,"45,451",67% bearish,of 3 ratings,$18
CYCC,$0.56,1441397469559,"30,849",73% bullish,of 11 ratings,N/A
CVV,$11.27,1441397469589,"5,312",100% bullish,of 5 ratings,N/A
CYBE,$6.9,1441397469666,"5,318",100% bearish,of 1 rating,N/A
CBAY,$2.62,1441397469694,"10,700",100% bullish,of 1 rating,$4
CYCCP,$5.51,1441397469826,"1,504",100% bearish,of 1 rating,N/A
CYNA,$16,1441397469852,"5,702",50% bullish,of 2 ratings,$31.50
CYNO,$33.21,1441397469931,"103,144",67% bearish,of 3 ratings,$45.50
CYRN,$1.74,1441397470092,"12,820",67% bullish,of 3 ratings,$4
CONE,$31.7802,1441397470195,"291,309",67% bearish,of 3 ratings,$35.50
CYTX,$0.3625,1441397470226,"1,081,171",83% bullish,of 12 ratings,$5.50
CY,$9.945,1441397470266,"1,499,353",80% bullish,of 10 ratings,$15.50
CTSO,$7.33,1441397470326,"39,815",Not yet rated,NULL,$15.625
CYTR,$2.48,1441397470398,"167,202",67% bullish,of 6 ratings,$10
CYTK,$7.22,1441397470459,"66,889",71% bullish,of 14 ratings,$13.50
DAEG,$0.3501,1441397470537,770,100% bearish,of 1 rating,N/A
TVIZ,$24.51,1441397470709,"1,900",100% bearish,of 1 rating,N/A
DAKT,$8.53,1441397470772,"163,611",50% bullish,of 2 ratings,$12
ZIV,$35.37,1441397470868,"37,454",Not yet rated,NULL,N/A
DJCO,$196.76,1441397470926,64,Not yet rated,NULL,N/A
TVIX,$17.07,1441397470950,"11,805,473",81% bullish,of 16 ratings,N/A
DARA,$0.8401,1441397470999,"34,227",83% bullish,of 6 ratings,$1.50
XIV,$23.09,1441397471024,"20,151,307",75% bearish,of 4 ratings,N/A
DAIO,$2.51,1441397471203,200,Not yet rated,NULL,N/A
DTLK,$5.55,1441397471229,"50,205",100% bearish,of 1 rating,$9
DWCH,$4.83,1441397471370,"8,127",75% bullish,of 4 ratings,$8.25
DRAM,$1.299,1441397471397,"12,400",78% bullish,of 9 ratings,N/A
PLAY,$36.45,1441397471423,"246,750",100% bullish,of 5 ratings,$42
DTEA,$13.2,1441397471550,"27,134",100% bearish,of 2 ratings,$24
DBVT,$36.64,1441397471647,"59,850",100% bearish,of 1 rating,$53
DWSN,$4.35,1441397471719,"37,418",67% bullish,of 3 ratings,N/A
DFRG,$14.23,1441397471922,"82,231",100% bearish,of 1 rating,$20
DHRM,$1.59,1441397471971,"2,394",Not yet rated,NULL,N/A
TACOW,$4.05,1441397472018,"3,400",100% bullish,of 1 rating,N/A
TRAK,$62.77,1441397472049,"617,206",50% bullish,of 2 ratings,$62.50
DGAS,$20.3799,1441397472115,"1,736",67% bearish,of 3 ratings,N/A
DCTH,$0.51,1441397472141,"722,901",78% bullish,of 9 ratings,N/A
TACO,$13.0201,1441397472306,"28,387",75% bullish,of 4 ratings,$20
DELT,$2.05,1441397472378,860,Not yet rated,NULL,N/A
XRAY,$51.37,1441397472512,"318,288",100% bullish,of 1 rating,$58
DENN,$11.31,1441397472543,"163,620",100% bullish,of 3 ratings,$15
DEPO,$26.73,1441397472576,"226,652",60% bullish,of 5 ratings,$29
DSCI,$6.08,1441397472605,"61,564",50% bullish,of 2 ratings,$16
DELTW,NULL,1441397472671,0,Not yet rated,NULL,N/A
DERM,$25.3001,1441397472840,"23,974",100% bearish,of 1 rating,$33.50
DEST,$10.22,1441397472969,"16,033",50% bullish,of 2 ratings,N/A
DXLG,$6.43,1441397472996,"94,582",100% bearish,of 1 rating,$8
DSWL,$1.45,1441397473018,"8,437",100% bullish,of 1 rating,N/A
DXM,$0.2868,1441397473172,"50,433",50% bullish,of 2 ratings,N/A
DHXM,$6.08,1441397473208,763,100% bearish,of 1 rating,N/A
FANG,$66.1,1441397473342,"303,213",50% bullish,of 2 ratings,$86
DMND,$30.68,1441397473423,"40,946",75% bullish,of 12 ratings,$32
DCIX,$1.52,1441397473454,"131,013",50% bullish,of 4 ratings,$3.50
DXCM,$87.9505,1441397473485,"188,944",57% bullish,of 7 ratings,$98
DRNA,$10.9492,1441397473506,"66,149",67% bearish,of 3 ratings,$25
DGII,$10.2,1441397473590,"11,106",100% bearish,of 1 rating,$11
DHIL,$188.95,1441397473737,500,Not yet rated,NULL,N/A
DMRC,$38.01,1441397473835,"17,170",100% bearish,of 1 rating,$44
DGLY,$7.4,1441397473889,"51,315",50% bullish,of 6 ratings,$20
DRAD,$3.7511,1441397473936,"10,754",100% bullish,of 1 rating,$5.25
APPS,$2.1,1441397474107,"54,909",100% bearish,of 1 rating,$10.25
DISH,$59.06,1441397474463,"582,381",69% bullish,of 13 ratings,$73
DSCO,$0.4321,1441397474561,"215,605",83% bullish,of 6 ratings,$2.75
DVCR,$10.9399,1441397474701,100,100% bullish,of 1 rating,N/A
DCOM,$16.58,1441397474728,"26,333",100% bearish,of 2 ratings,$16
DPRX,$14.3,1441397474749,"14,125",100% bullish,of 2 ratings,$27.75
DISCA,$26.77,1441397474798,"850,062",67% bullish,of 3 ratings,$34
DIOD,$22.78,1441397474893,"251,743",75% bearish,of 4 ratings,$24
DISCB,NULL,1441397474927,0,100% bearish,of 1 rating,$35
BAGR,$2.5888,1441397474959,"10,008",100% bearish,of 1 rating,$6
DLHC,$2.6302,1441397475112,600,100% bearish,of 1 rating,N/A
DISCK,$25.29,1441397475163,"665,772",100% bearish,of 1 rating,$32
DGICB,NULL,1441397475443,0,100% bearish,of 1 rating,N/A
DORM,$50,1441397475474,"126,873",100% bearish,of 1 rating,$56
DNBF,$26,1441397475495,600,Not yet rated,NULL,$27.50
DGICA,$13.62,1441397475548,"9,825",100% bearish,of 1 rating,$17
HILL,$9.7,1441397475577,"393,581",60% bearish,of 5 ratings,$9.75
DLTR,$68.27,1441397475651,"3,382,518",82% bullish,of 11 ratings,$85
DRWI,$0.1982,1441397475676,"141,223",60% bullish,of 5 ratings,$.45
DMLP,$14.78,1441397475810,"8,461",100% bearish,of 1 rating,N/A
DRWIW,$0.0445,1441397475868,"7,100",Not yet rated,NULL,N/A
DWA,$20.64,1441397475897,"377,179",63% bullish,of 8 ratings,$26
DSKX,$3.48,1441397475954,"47,563",100% bullish,of 1 rating,N/A
DRYS,$0.4455,1441397475986,"1,002,943",77% bullish,of 31 ratings,$.60
CADT,$10,1441397476078,600,Not yet rated,NULL,N/A
DSPG,$8.86,1441397476463,"11,166",100% bearish,of 1 rating,$13.50
CADTW,NULL,1441397476546,0,Not yet rated,NULL,N/A
DTSI,$27.15,1441397476588,"43,793",100% bearish,of 2 ratings,$39.50
CADTR,NULL,1441397476613,0,Not yet rated,NULL,N/A
DXPE,$29.6,1441397476637,"70,766",50% bullish,of 2 ratings,N/A
DNKN,$48.96,1441397476676,"285,850",67% bullish,of 15 ratings,$56.50
CADTU,NULL,1441397476701,0,Not yet rated,NULL,N/A
DRRX,$2.06,1441397476782,"254,711",50% bullish,of 6 ratings,$3
DYAX,$21.97,1441397476962,"211,215",89% bullish,of 9 ratings,$30
BOOM,$10.07,1441397476994,"59,509",67% bullish,of 3 ratings,$12
DYSL,$1.5205,1441397477095,"3,188",100% bullish,of 2 ratings,N/A
DVAX,$28.31,1441397477123,"88,769",70% bullish,of 10 ratings,$40
EBMT,$11.5,1441397477150,300,Not yet rated,NULL,$13.50
ETFC,$25.43,1441397477203,"1,662,004",57% bullish,of 14 ratings,$32.50
DYNT,$3.0601,1441397477286,400,75% bullish,of 4 ratings,N/A
EROC,$1.46,1441397477562,"120,964",50% bullish,of 2 ratings,$3
EGLE,$6.45,1441397477594,"22,688",60% bullish,of 5 ratings,N/A
ELNK,$8.51,1441397477694,"249,026",60% bullish,of 5 ratings,$9.50
EGRX,$78.93,1441397477836,"84,391",67% bullish,of 3 ratings,$97
EWBC,$38.94,1441397477906,"377,090",100% bearish,of 1 rating,$50
EGBN,$41.1945,1441397477998,"21,679",Not yet rated,NULL,$48
EBAY,$26.54,1441397478031,"4,401,285",81% bullish,of 117 ratings,$34
EACQU,$10.15,1441397478091,"1,500",Not yet rated,NULL,N/A
EML,$16.14,1441397478120,"1,212",Not yet rated,NULL,N/A
EVBS,$6.5001,1441397478145,"2,302",Not yet rated,NULL,$7
EBIX,$27.83,1441397478172,"150,836",69% bullish,of 13 ratings,$40
ELON,$0.5921,1441397478404,"21,655",50% bullish,of 2 ratings,N/A
SATS,$43.34,1441397478641,"76,214",50% bullish,of 2 ratings,$60
ECHO,$22.64,1441397478717,"133,285",67% bearish,of 3 ratings,$34.50
ECACU,$10.06,1441397478743,505,Not yet rated,NULL,N/A
EEI,$11.825,1441397478783,"1,651",67% bearish,of 3 ratings,N/A
EDAP,$3.6,1441397478813,"9,808",60% bullish,of 5 ratings,$4.50
ESES,$3.11,1441397478870,300,100% bearish,of 1 rating,$7
ECTE,$1.5099,1441397478918,"30,919",75% bullish,of 4 ratings,N/A
EDUC,$6.45,1441397479054,"16,431",100% bearish,of 1 rating,N/A
EGAN,$3.67,1441397479162,"5,100",50% bullish,of 2 ratings,$6.25
EHTH,$14.76,1441397479235,"37,713",50% bullish,of 4 ratings,$17
LOCO,$12.6265,1441397479263,"270,183",69% bullish,of 13 ratings,$19.50
EDGW,$7.22,1441397479424,"2,525",100% bearish,of 1 rating,N/A
EGLT,$13.2399,1441397479500,"28,294",50% bullish,of 2 ratings,$21
EFUT,$4.6612,1441397479599,"5,900",Not yet rated,NULL,N/A
EMITF,$1.228,1441397479702,"5,254",75% bullish,of 4 ratings,N/A
ERI,$9.2,1441397479730,"21,753",100% bearish,of 1 rating,$10
ESLT,$77.99,1441397479756,"1,477",67% bullish,of 3 ratings,N/A
ESIO,$4.46,1441397479777,"156,952",50% bullish,of 2 ratings,$10
ELRC,$10.54,1441397479807,"7,771",100% bearish,of 1 rating,N/A
ELECW,NULL,1441397480129,0,Not yet rated,NULL,N/A
ELECU,NULL,1441397480215,0,Not yet rated,NULL,N/A
ELSE,NULL,1441397480311,0,60% bullish,of 5 ratings,N/A
EBIO,$3.35,1441397480340,"108,460",100% bearish,of 2 ratings,$8.35
ELEC,NULL,1441397480369,0,Not yet rated,NULL,N/A
EFII,$42.78,1441397480471,"33,764",80% bullish,of 5 ratings,$55
RDEN,$11.42,1441397480536,"39,411",100% bearish,of 4 ratings,$15
EA,$66.48,1441397480563,"1,766,321",78% bullish,of 36 ratings,$80
ESBK,$19.16,1441397480732,627,Not yet rated,NULL,N/A
CAPX,NULL,1441397480760,0,Not yet rated,NULL,N/A
ELTK,$1.27,1441397480863,"10,782",67% bearish,of 3 ratings,N/A
EMCI,$21.79,1441397480920,"9,391",Not yet rated,NULL,N/A
LONG,$16.86,1441397481071,"15,206",67% bullish,of 3 ratings,$15.75
EMCF,$23.7999,1441397481147,100,100% bearish,of 1 rating,N/A
EMKR,$6.79,1441397481228,"62,062",75% bullish,of 4 ratings,$8.50
EMMSP,NULL,1441397481256,0,100% bearish,of 1 rating,N/A
EMMS,$1.2832,1441397481281,"46,033",67% bullish,of 6 ratings,N/A
ENTA,$38.87,1441397481328,"77,458",50% bullish,of 2 ratings,$42
ERS,$3.48,1441397481416,"5,330",Not yet rated,NULL,N/A
NYNY,$4.385,1441397481440,"17,877",50% bullish,of 2 ratings,N/A
ECPG,$37.93,1441397481590,"114,260",100% bullish,of 2 ratings,$52
ECYT,$5.03,1441397481664,"142,721",83% bullish,of 6 ratings,$12
ENDP,$73.32,1441397481690,"771,564",50% bullish,of 6 ratings,$101.50
WIRE,$32.27,1441397481822,"63,761",100% bearish,of 1 rating,$37
ELGX,$12.94,1441397481971,"193,210",75% bullish,of 4 ratings,$17
EIGI,$14.7963,1441397482000,"75,202",67% bearish,of 3 ratings,$22.50
EFOI,$25.81,1441397482099,"327,614",50% bullish,of 2 ratings,$24.50
ENG,$1.02,1441397482126,"9,043",100% bullish,of 3 ratings,N/A
ENOC,$8.82,1441397482154,"99,130",75% bullish,of 4 ratings,$18
WATT,$6.83,1441397482289,"40,165",50% bullish,of 2 ratings,$13
ERII,$2.56,1441397482335,"6,883",80% bullish,of 5 ratings,$2.50
EXXI,$1.75,1441397482426,"634,823",86% bullish,of 7 ratings,$3.50
ESGR,$149.8451,1441397482533,"50,588",100% bearish,of 1 rating,$185
ENPH,$4.495,1441397482558,"422,065",75% bullish,of 4 ratings,$10
ENFC,$17.57,1441397482582,200,Not yet rated,NULL,N/A
ENTG,$13.39,1441397482735,"117,115",100% bearish,of 1 rating,$18
EBTC,$20.9,1441397482962,311,Not yet rated,NULL,N/A
EFSC,$23.88,1441397482988,"25,447",Not yet rated,NULL,$27
ENVI,$1.851,1441397483041,"650,095",67% bullish,of 3 ratings,N/A
ENZY,$10.32,1441397483119,"16,098",67% bullish,of 3 ratings,$9.50
ENZN,$1,1441397483145,"80,193",100% bullish,of 9 ratings,N/A
ENTL,$21.32,1441397483186,"223,699",Not yet rated,NULL,$28
EGT,$2.0201,1441397483303,578,100% bullish,of 1 rating,N/A
ETRM,$0.2703,1441397483330,"428,920",69% bearish,of 35 ratings,$1.625
EPIQ,$12.48,1441397483406,"18,260",100% bearish,of 1 rating,$18
EPZM,$19.51,1441397483490,"233,267",60% bullish,of 5 ratings,$34
PLUS,$74.58,1441397483574,"49,534",50% bullish,of 2 ratings,$88
EPRS,$5.11,1441397483768,"16,420",82% bullish,of 11 ratings,$15
ESCA,$17.96,1441397484069,"3,268",100% bearish,of 1 rating,$22
ERIC,$9.5549,1441397484100,"847,924",67% bullish,of 9 ratings,$12.20
EQIX,$270.49,1441397484121,"424,118",75% bullish,of 4 ratings,$312.50
ERIE,$79.785,1441397484154,"6,851",Not yet rated,NULL,$73
EQFN,$7.65,1441397484182,"16,835",100% bearish,of 1 rating,N/A
ESCR,$0.28,1441397484210,"279,591",50% bullish,of 2 ratings,N/A
EAC,$3.456,1441397484257,"3,277",100% bearish,of 1 rating,$8
ESCRP,$1.26,1441397484439,"8,048",100% bearish,of 1 rating,N/A
ESMC,$1.33,1441397484489,"1,189",Not yet rated,NULL,N/A
ESPR,$44.76,1441397484571,"501,810",70% bearish,of 10 ratings,$115
ESSA,$12.85,1441397484618,"2,080",100% bearish,of 1 rating,N/A
EPIX,NULL,1441397484822,0,Not yet rated,NULL,N/A
ESND,$33.45,1441397484897,"44,100",100% bearish,of 2 ratings,$40
EEFT,$65.27,1441397485003,"93,105",100% bearish,of 1 rating,$67.50
ETSY,$14.18,1441397485075,"191,543",80% bullish,of 5 ratings,$16
ESSX,$0.462,1441397485100,100,50% bullish,of 2 ratings,N/A
EVEP,$8.05,1441397485121,"286,594",50% bullish,of 2 ratings,$15
CLWT,$2.4692,1441397485151,500,100% bearish,of 1 rating,N/A
EVK,$3.76,1441397485452,501,75% bearish,of 4 ratings,N/A
EVOL,$5.5198,1441397485479,"31,829",75% bullish,of 4 ratings,$10
ESEA,$4.5901,1441397485529,"2,849",100% bullish,of 1 rating,$15
EVLV,$2.61,1441397485558,"45,174",60% bullish,of 5 ratings,$4.625
EXA,$10.67,1441397485613,"25,132",100% bearish,of 1 rating,$13
EVOK,$3.59,1441397485634,"23,152",100% bearish,of 1 rating,$13.375
EXAS,$20.8835,1441397485712,"244,719",78% bullish,of 9 ratings,$31
EXEL,$5.61,1441397485955,"1,702,061",81% bullish,of 16 ratings,$6
EXAC,$18.995,1441397485984,"19,470",100% bearish,of 1 rating,$22.50
EXFO,$2.83,1441397486032,180,67% bearish,of 3 ratings,$3.95
EXPE,$111.42,1441397486084,"454,819",64% bullish,of 11 ratings,$130
EXLS,$36.07,1441397486215,"20,636",50% bullish,of 2 ratings,$41
EXPO,$42.32,1441397486285,"26,956",100% bearish,of 1 rating,$45.50
EXLP,$18.23,1441397486310,"51,514",100% bearish,of 1 rating,$25
ESRX,$83.39,1441397486441,"1,233,214",67% bearish,of 6 ratings,$101
EXPD,$47.88,1441397486545,"1,389,275",80% bullish,of 5 ratings,$52
EYEGW,$1,1441397486570,"2,000",Not yet rated,NULL,N/A
EXTR,$3.155,1441397486622,"207,417",80% bullish,of 5 ratings,$3
EYEG,$3.63,1441397486650,"8,200",Not yet rated,NULL,N/A
FFIV,$119.11,1441397486756,"308,610",63% bullish,of 8 ratings,$132
EZCH,$22.6827,1441397486783,"68,828",75% bullish,of 8 ratings,$19
FB,$87.95,1441397486966,"13,749,437",73% bullish,of 1075 ratings,$111
EZPW,$5.93,1441397487031,"76,556",50% bullish,of 4 ratings,$7
FCS,$13.5,1441397487212,"477,008",67% bearish,of 3 ratings,$17
FRP,$15.62,1441397487236,"50,008",100% bearish,of 1 rating,$18
FWM,$2.24,1441397487296,"39,184",100% bearish,of 2 ratings,$3.20
FMNB,$8.27,1441397487587,"4,700",Not yet rated,NULL,N/A
FARM,$22.8,1441397487614,"17,319",100% bearish,of 1 rating,$35
FAST,$37.58,1441397487635,"845,628",80% bullish,of 5 ratings,$43
DAVE,$14.6001,1441397487666,"13,050",100% bearish,of 1 rating,$15.50
FFKT,$25.76,1441397487768,"9,761",Not yet rated,NULL,$29
FARO,$36.65,1441397487805,"38,546",50% bullish,of 2 ratings,$48
FALC,$1.73,1441397487833,"23,540",63% bearish,of 8 ratings,N/A
FATE,$6.05,1441397487935,"5,866",50% bullish,of 2 ratings,$11
FBRC,$21.805,1441397488088,"8,051",100% bearish,of 1 rating,$29
FDML,$8.26,1441397488148,"150,361",50% bullish,of 4 ratings,$14
FNHC,$21.71,1441397488300,"30,842",100% bearish,of 1 rating,$35
FBSS,NULL,1441397488362,0,Not yet rated,NULL,N/A
FEIC,$74.97,1441397488397,"102,100",50% bullish,of 2 ratings,$95.50
FENX,$9.5299,1441397488438,"34,338",100% bullish,of 1 rating,$14.25
FHCO,$1.39,1441397488496,"8,785",50% bullish,of 4 ratings,N/A
FCSC,$5.69,1441397488568,"41,830",100% bearish,of 1 rating,$8.125
FDUS,$14.4,1441397488854,"22,924",50% bullish,of 2 ratings,$18
FSC,$6.515,1441397488992,"409,444",60% bullish,of 5 ratings,$8
ONEQ,$184.42,1441397489021,"14,478",100% bullish,of 1 rating,N/A
FRGI,$51.26,1441397489041,"27,901",50% bullish,of 2 ratings,$70
FSAM,$7.05,1441397489077,"36,039",100% bearish,of 1 rating,$10.25
FGEN,$23.04,1441397489171,"88,513",100% bearish,of 1 rating,$39
LION,$19.34,1441397489227,"29,090",100% bullish,of 1 rating,$20
FSCFL,$24.6577,1441397489301,"2,225",Not yet rated,NULL,N/A
FSFR,$8.8,1441397489399,"35,774",100% bearish,of 1 rating,$11.50
FITBI,$27.49,1441397489597,"6,283",Not yet rated,NULL,N/A
FISI,$24.15,1441397489645,"8,555",100% bullish,of 2 ratings,$24.50
FITB,$19.27,1441397489696,"2,090,976",54% bullish,of 13 ratings,$22
FNSR,$15.11,1441397489776,"407,328",71% bullish,of 7 ratings,$24
FNJN,$1.651,1441397489824,"6,835",100% bearish,of 1 rating,$5
FNGN,$29.77,1441397489853,"162,525",67% bullish,of 3 ratings,$47
FNTC,NULL,1441397490042,0,Not yet rated,NULL,N/A
FNTCW,NULL,1441397490066,0,Not yet rated,NULL,N/A
FNTCU,NULL,1441397490093,0,Not yet rated,NULL,N/A
FNLC,$18.6999,1441397490233,"7,286",100% bullish,of 1 rating,N/A
FBNC,$16.8499,1441397490263,"14,606",100% bullish,of 1 rating,$20
FEYE,$36.59,1441397490395,"2,866,332",88% bullish,of 16 ratings,$55.50
FBIZ,$22.32,1441397490446,"13,988",100% bearish,of 2 ratings,$26
FRBA,$6.09,1441397490542,"1,700",Not yet rated,NULL,$8
BUSE,$6.19,1441397490629,"39,776",Not yet rated,NULL,$6.875
FCVA,$4.758,1441397490762,100,Not yet rated,NULL,N/A
FCFS,$38.91,1441397490906,"43,392",100% bearish,of 3 ratings,$47
FCAP,$26.2001,1441397490934,314,Not yet rated,NULL,N/A
FCNCA,$228.3757,1441397491064,"2,109",Not yet rated,NULL,N/A
FCCO,$12.39,1441397491092,400,Not yet rated,NULL,$13.25
FBNK,$16.77,1441397491196,"42,510",100% bearish,of 1 rating,$17.50
FCLF,$9.2,1441397491260,200,Not yet rated,NULL,N/A
FCBC,$17.11,1441397491327,"4,994",Not yet rated,NULL,$18
FDEF,$36.59,1441397491363,"5,470",Not yet rated,NULL,$38
FCFP,$6.7,1441397491384,"2,216",Not yet rated,NULL,N/A
FFBC,$18.1059,1441397491459,"64,392",67% bearish,of 3 ratings,$20.25
FFNM,$6.3188,1441397491518,130,Not yet rated,NULL,N/A
FFNW,$12.24,1441397491832,"12,121",Not yet rated,NULL,$14
FFBCW,NULL,1441397491959,0,100% bearish,of 1 rating,N/A
INBK,$29.31,1441397491992,"9,425",50% bullish,of 2 ratings,$37
FMBH,$22.28,1441397492022,329,Not yet rated,NULL,N/A
THFF,$32.3,1441397492071,"12,632",Not yet rated,NULL,$35
FIBK,$26.25,1441397492100,"59,206",Not yet rated,NULL,$32
FFIN,$29.854,1441397492127,"46,962",50% bullish,of 2 ratings,$31.75
FFWM,$21.3,1441397492203,"13,145",Not yet rated,NULL,$24
FRME,$25.92,1441397492287,"51,685",Not yet rated,NULL,$26.50
FMBI,$17.31,1441397492421,"131,708",Not yet rated,NULL,$20
FNWB,$12.1601,1441397492504,"13,780",Not yet rated,NULL,N/A
FNFG,$9,1441397492532,"723,795",80% bullish,of 5 ratings,$9
FNBC,$34.24,1441397492584,"29,215",Not yet rated,NULL,$40
FSFG,$31.18,1441397492610,800,Not yet rated,NULL,N/A
FSGI,$2.48,1441397492840,"15,180",Not yet rated,NULL,N/A
FSLR,$47.03,1441397492884,"551,594",72% bullish,of 39 ratings,$65
FSBK,$7.77,1441397493055,"2,314",100% bullish,of 1 rating,N/A
FBZ,$9.416,1441397493188,100,Not yet rated,NULL,N/A
FV,$22.97,1441397493213,"1,785,691",100% bearish,of 1 rating,N/A
FTCS,$35.732,1441397493242,"8,404",100% bearish,of 1 rating,N/A
IFV,$17.2347,1441397493268,"218,278",100% bearish,of 1 rating,N/A
BICK,$18.656,1441397493289,"2,900",100% bullish,of 1 rating,N/A
FCAN,$24.0579,1441397493339,"1,066",Not yet rated,NULL,N/A
FEMB,NULL,1441397494915,0,Not yet rated,NULL,N/A
TDIV,$24.35,1441397494942,"37,401",100% bearish,of 1 rating,N/A
FTSM,$59.95,1441397494981,"211,168",100% bearish,of 1 rating,N/A
FCA,$18.76,1441397495005,15,Not yet rated,NULL,N/A
FEUZ,$30.35,1441397495072,750,Not yet rated,NULL,N/A
FTGC,$22.3204,1441397495530,"53,849",Not yet rated,NULL,N/A
CU,$12.25,1441397495749,"6,704",100% bearish,of 1 rating,N/A
MDIV,$18.8637,1441397495774,"120,335",Not yet rated,NULL,N/A
FHK,$31.91,1441397495794,"1,572",Not yet rated,NULL,N/A
HYLS,$49.65,1441397495826,"10,500",100% bearish,of 1 rating,N/A
FPXI,$26.11,1441397495851,"1,130",Not yet rated,NULL,N/A
FGM,$34.85,1441397495925,"2,806",Not yet rated,NULL,N/A
FTHI,$19.16,1441397495982,"1,761",Not yet rated,NULL,N/A
PLTM,$6.126,1441397496029,"1,554",100% bearish,of 1 rating,N/A
SKYY,$28.1926,1441397496235,"45,618",100% bullish,of 1 rating,N/A
YDIV,$16.0699,1441397496260,"3,642",Not yet rated,NULL,N/A
LMBS,$50.35,1441397496429,600,Not yet rated,NULL,N/A
FMB,$51.31,1441397496643,"3,432",Not yet rated,NULL,N/A
FTLB,$19.06,1441397496709,1,100% bearish,of 1 rating,N/A
FJP,$44.67,1441397496769,"43,148",Not yet rated,NULL,N/A
QABA,$36.84,1441397496871,"6,364",100% bearish,of 1 rating,N/A
CIBR,$17.31,1441397497053,"39,909",Not yet rated,NULL,N/A
FONE,$34.34,1441397497082,410,Not yet rated,NULL,N/A
GRID,$30.99,1441397497115,"1,600",100% bearish,of 1 rating,N/A
RDVY,$20.5831,1441397497183,"2,988",Not yet rated,NULL,N/A
CARZ,$33.77,1441397497246,"5,270",100% bearish,of 1 rating,N/A
QQXT,$39.745,1441397497499,"12,848",Not yet rated,NULL,N/A
QINC,NULL,1441397497526,0,Not yet rated,NULL,N/A
AIRR,$16.2699,1441397497562,"3,716",100% bearish,of 1 rating,N/A
QQEW,$40.9499,1441397497582,"21,814",Not yet rated,NULL,N/A
QTEC,$39.2499,1441397497614,"28,280",Not yet rated,NULL,N/A
QCLN,$14.9801,1441397497657,"44,142",Not yet rated,NULL,N/A
FTSL,$48.86,1441397497747,"21,959",100% bearish,of 1 rating,N/A
FSZ,$37.98,1441397498095,"3,097",Not yet rated,NULL,N/A
FUNC,NULL,1441397498121,0,Not yet rated,NULL,N/A
FKO,NULL,1441397498262,0,Not yet rated,NULL,N/A
TUSA,$24.46,1441397498296,"16,624",Not yet rated,NULL,N/A
FDIV,$47.03,1441397498330,"1,159",100% bearish,of 1 rating,N/A
FKU,$40.48,1441397498428,"53,791",Not yet rated,NULL,N/A
SVVC,$9.1,1441397498497,"11,919",50% bullish,of 2 ratings,$26
FMER,$17.34,1441397498525,"327,345",50% bullish,of 2 ratings,$20
FISV,$84.32,1441397498555,"471,970",100% bearish,of 3 ratings,$90
FTW,$31.155,1441397498597,140,Not yet rated,NULL,N/A
FSV,$32.17,1441397498891,"16,213",Not yet rated,NULL,$33.60
FIVE,$34.095,1441397498916,"797,681",75% bearish,of 4 ratings,$43.50
FPRX,$19.24,1441397498958,"90,298",50% bullish,of 2 ratings,$35
FIVN,$3.67,1441397499112,"50,784",100% bullish,of 1 rating,$8.50
FLXN,$27.24,1441397499138,"66,349",100% bearish,of 1 rating,$40
FLML,$22.24,1441397499217,"80,124",50% bullish,of 2 ratings,$30
FLKS,$11.61,1441397499270,"25,566",50% bullish,of 2 ratings,$27
MBSD,$24.94,1441397499317,"1,399",Not yet rated,NULL,N/A
FLXS,$30.784,1441397499465,"7,216",100% bearish,of 2 ratings,N/A
FLEX,$10.32,1441397499495,"830,391",63% bullish,of 8 ratings,$12
FFIC,$19.36,1441397499596,"16,994",Not yet rated,NULL,$20.50
SKOR,$50.52,1441397499639,"1,500",Not yet rated,NULL,N/A
FLDM,$10.86,1441397499693,"100,964",67% bearish,of 3 ratings,$15
FLIR,$27.97,1441397499775,"469,237",100% bearish,of 2 ratings,$38.50
FOMX,$9.6,1441397499859,"75,123",50% bullish,of 2 ratings,$23.50
FOGO,$19,1441397500016,"94,888",50% bullish,of 2 ratings,$25.50
FES,$0.9,1441397500172,"5,323",50% bullish,of 2 ratings,$1
FONR,$9.841,1441397500238,"19,973",100% bullish,of 1 rating,N/A
FORTY,NULL,1441397500265,0,100% bearish,of 1 rating,N/A
FORM,$6.605,1441397500328,"125,949",67% bullish,of 3 ratings,$10.50
FORR,$30.81,1441397500352,"22,787",Not yet rated,NULL,N/A
FWP,$25.75,1441397500613,"36,235",100% bearish,of 1 rating,$45
FORD,$1.55,1441397500640,"994,976",67% bullish,of 3 ratings,N/A
FWRD,$43.88,1441397500670,"80,850",100% bearish,of 1 rating,$50
FTNT,$41.89,1441397500696,"461,212",80% bullish,of 10 ratings,$52
FBIO,$2.57,1441397500770,"69,023",83% bullish,of 6 ratings,N/A
FMI,$23.3781,1441397500866,"46,447",100% bearish,of 2 ratings,$27.50
FXCB,$17.1,1441397500938,"5,226",Not yet rated,NULL,$19
FOSL,$59.74,1441397500995,"224,040",60% bearish,of 5 ratings,$80
FRAN,$12.48,1441397501191,"407,592",50% bullish,of 4 ratings,$15
FOXF,$15.37,1441397501286,"43,321",100% bearish,of 1 rating,$19
FRED,$12.74,1441397501318,"51,761",50% bullish,of 2 ratings,$15.50
FELE,$27.55,1441397501342,"59,962",50% bullish,of 4 ratings,$33
FTR,$5.405,1441397501659,"7,366,880",78% bullish,of 27 ratings,$6.25
FREE,$0.34,1441397501710,"550,479",92% bullish,of 12 ratings,N/A
FEIM,$11.2045,1441397501734,"17,283",100% bearish,of 1 rating,N/A
FSBW,$22.97,1441397501937,200,Not yet rated,NULL,N/A
FTRPR,$105.96,1441397501967,"1,700",100% bearish,of 1 rating,N/A
FRPH,$30.04,1441397502036,"3,682",100% bearish,of 1 rating,N/A
FSYS,$6.36,1441397502102,"226,902",67% bullish,of 3 ratings,$8.50
RAIL,$20.23,1441397502132,"56,377",100% bearish,of 1 rating,$24.50
FTD,$29.05,1441397502159,"22,343",100% bearish,of 1 rating,$40
FRPT,$12.5,1441397502206,"133,182",67% bearish,of 3 ratings,$23.50
FTEK,$2.04,1441397502390,"25,664",75% bullish,of 4 ratings,N/A
FCEL,$0.9138,1441397502474,"540,021",88% bullish,of 41 ratings,$2.65
FLL,$1.49,1441397502715,"4,758",75% bullish,of 4 ratings,$3.50
FULL,$3.11,1441397502739,"12,389",67% bearish,of 3 ratings,$4.25
FULT,$11.78,1441397502883,"287,301",100% bearish,of 1 rating,$13
FFHL,$1.03,1441397502961,"2,009",50% bullish,of 4 ratings,N/A
FXEN,$0.9856,1441397503012,"27,646",75% bullish,of 4 ratings,$1.10
FXENP,$16.05,1441397503042,350,100% bearish,of 1 rating,N/A
FULLL,$25.25,1441397503063,"2,500",Not yet rated,NULL,N/A
GK,$66.97,1441397503103,"22,301",Not yet rated,NULL,$78
WILC,$4.81,1441397503141,"6,060",100% bullish,of 2 ratings,N/A
FSNN,$2.19,1441397503197,"1,100",67% bullish,of 3 ratings,$6
GLPG,$57.31,1441397503389,"6,640",100% bullish,of 1 rating,$75
GALTU,NULL,1441397503488,0,100% bearish,of 1 rating,N/A
GAIA,$5.93,1441397503513,"9,457",50% bullish,of 2 ratings,$8.50
GALE,$1.56,1441397503727,"688,413",89% bullish,of 47 ratings,$4
GLMD,$8.091,1441397503772,"10,577",67% bullish,of 3 ratings,$20.50
GALTW,NULL,1441397503802,0,100% bullish,of 1 rating,N/A
GALT,$2.11,1441397503823,"56,560",80% bullish,of 5 ratings,N/A
GPIC,$9.59,1441397503902,500,100% bearish,of 1 rating,N/A
GRMN,$36.58,1441397503952,"489,661",50% bullish,of 6 ratings,$46.50
GLPI,$30.69,1441397503977,"290,492",100% bearish,of 1 rating,$37.50
GGAC,$9.85,1441397504109,200,100% bearish,of 1 rating,N/A
GGACU,$10.27,1441397504178,300,Not yet rated,NULL,N/A
GARS,$14.62,1441397504205,"31,821",Not yet rated,NULL,$16
GGACR,$0.25,1441397504275,"24,800",100% bullish,of 1 rating,N/A
GGACW,$0.13,1441397504416,"2,900",Not yet rated,NULL,N/A
GENC,$9,1441397504500,200,100% bearish,of 1 rating,N/A
GNCMA,$16.9,1441397506424,"79,210",100% bearish,of 1 rating,$12
GFN,$3.8104,1441397506975,"12,918",100% bearish,of 2 ratings,$8
GFNCP,NULL,1441397507287,0,Not yet rated,NULL,N/A
GENE,$2.3516,1441397507755,"35,913",100% bullish,of 12 ratings,N/A
GFNSL,$25.6,1441397507923,"1,762",Not yet rated,NULL,N/A
GNCA,$11.04,1441397507960,"61,337",100% bearish,of 1 rating,$20
GHDX,$25.39,1441397507987,"63,602",50% bullish,of 2 ratings,$30
GNTX,$15.72,1441397508013,"1,922,619",Not yet rated,NULL,$20
GNMK,$9.56,1441397508037,"35,545",67% bullish,of 6 ratings,$14
THRM,$44.7,1441397508199,"204,224",75% bearish,of 4 ratings,$55.50
GNVC,$2.52,1441397508331,"2,619",90% bullish,of 10 ratings,$8.50
GTWN,$17.85,1441397508355,277,Not yet rated,NULL,N/A
GEOS,$16.35,1441397508521,"82,319",100% bearish,of 3 ratings,$21
GERN,$3.34,1441397508619,"1,848,929",88% bullish,of 17 ratings,$5.25
GABC,$28.48,1441397508644,"9,641",Not yet rated,NULL,$31.50
GEVO,$2.33,1441397508775,"207,418",75% bullish,of 12 ratings,$5
ROCK,$16.45,1441397508847,"58,311",80% bullish,of 5 ratings,$24
GIGA,$1.35,1441397508980,"230,736",100% bearish,of 1 rating,N/A
GIGM,$0.5427,1441397509006,"12,595",100% bullish,of 2 ratings,N/A
GIII,$69.75,1441397509134,"217,114",67% bullish,of 3 ratings,$79
GILD,$102.41,1441397509159,"4,573,421",91% bullish,of 89 ratings,$129
GILT,$4.2,1441397509398,"3,800",50% bullish,of 2 ratings,N/A
GBCI,$25.72,1441397509460,"77,748",50% bullish,of 2 ratings,$31
GOOD,$13.83,1441397509485,"54,827",Not yet rated,NULL,$19
GLAD,$8.695,1441397509532,"54,367",50% bullish,of 2 ratings,$8.75
GLADO,$25.5016,1441397509615,"2,300",Not yet rated,NULL,N/A
GOODO,NULL,1441397509640,0,Not yet rated,NULL,N/A
GOODN,$25.61,1441397509665,200,Not yet rated,NULL,N/A
GAIN,$7.44,1441397510149,"57,022",100% bullish,of 2 ratings,$8.25
GAINN,$25.27,1441397510204,"42,319",Not yet rated,NULL,N/A
GOODP,$25.14,1441397510336,"1,600",Not yet rated,NULL,N/A
GAINP,$25.65,1441397510394,"5,239",Not yet rated,NULL,N/A
GAINO,$25.325,1441397510419,"1,704",Not yet rated,NULL,N/A
LAND,$9.12,1441397510548,"11,080",50% bullish,of 2 ratings,$13.75
GLBZ,NULL,1441397510576,0,Not yet rated,NULL,N/A
GBT,$52.59,1441397510632,"26,292",100% bearish,of 1 rating,N/A
GDEF,NULL,1441397510678,0,Not yet rated,NULL,N/A
GBLI,$27.04,1441397510717,"8,333",Not yet rated,NULL,N/A
GPACU,NULL,1441397510825,0,Not yet rated,NULL,N/A
SOCL,$17.0505,1441397511085,"40,005",100% bullish,of 2 ratings,N/A
ENT,$11.08,1441397511110,"86,706",100% bearish,of 1 rating,$18
QQQC,$18.0749,1441397511136,"1,405",100% bearish,of 1 rating,N/A
GSOL,$8.27,1441397511171,"5,252",100% bearish,of 1 rating,N/A
ACTX,NULL,1441397511269,0,100% bullish,of 1 rating,N/A
ALTY,NULL,1441397511423,0,Not yet rated,NULL,N/A
GAI,$6.377,1441397511502,"5,314",50% bullish,of 2 ratings,N/A
GLRI,$1.04,1441397511580,"22,450",100% bearish,of 1 rating,$4.25
GSM,$13.75,1441397511605,"215,324",50% bullish,of 2 ratings,$22
GLBS,NULL,1441397511770,0,67% bullish,of 3 ratings,N/A
SRET,$12.81,1441397511838,"2,879",Not yet rated,NULL,N/A
GBIM,$2.61,1441397511905,"30,624",50% bullish,of 2 ratings,N/A
GLUU,$4.44,1441397511966,"610,541",92% bullish,of 26 ratings,$9
YLCO,$11.62,1441397511990,300,Not yet rated,NULL,N/A
GLYC,$7,1441397512038,"3,661",50% bullish,of 2 ratings,$14
GOGO,$15.83,1441397512063,"216,884",80% bullish,of 5 ratings,$25
GLNG,$39.6,1441397512310,"580,159",83% bullish,of 6 ratings,$55.50
GMLP,$21.04,1441397512339,"90,314",50% bullish,of 4 ratings,$29
GLDC,$4.022,1441397512445,"4,332",50% bullish,of 2 ratings,N/A
GOGL,$2.89,1441397512472,"312,205",75% bullish,of 4 ratings,$5
GOOG,$600.64,1441397512609,"707,944",86% bullish,of 74 ratings,$787.50
GBDC,$17.07,1441397512639,"130,776",Not yet rated,NULL,$17.75
GDEN,$9,1441397512670,"1,401",50% bullish,of 2 ratings,N/A
GOOGL,$628.95,1441397512739,"738,376",88% bullish,of 1083 ratings,$749
GTIM,$6.7703,1441397512769,"7,470",Not yet rated,NULL,$11.50
GPRO,$37.04,1441397512870,"8,616,276",78% bullish,of 59 ratings,$72
GMAN,$3.6801,1441397513054,"8,594",60% bullish,of 5 ratings,$8.50
GPIAU,NULL,1441397513143,0,Not yet rated,NULL,N/A
GPIA,NULL,1441397513187,0,100% bearish,of 1 rating,N/A
GRVY,NULL,1441397513216,0,50% bullish,of 2 ratings,N/A
GBSNU,NULL,1441397513319,0,NULL,NULL,NULL
LOPE,$37.07,1441397513480,"111,103",100% bearish,of 2 ratings,$50
GPIAW,NULL,1441397513533,0,Not yet rated,NULL,N/A
GLDD,$5.33,1441397513579,"74,847",100% bearish,of 4 ratings,$7.75
GSBC,$40.56,1441397513604,"17,300",100% bullish,of 1 rating,$44
GNBC,$11.48,1441397513631,"7,568",100% bearish,of 1 rating,$16.50
GBSN,$0.1631,1441397513684,"5,621,063",50% bullish,of 2 ratings,$8.25
GRBK,$11.62,1441397513838,"120,815",77% bullish,of 13 ratings,N/A
GPRE,$19.7,1441397514019,"233,609",67% bullish,of 6 ratings,$28.50
GCBC,$28.85,1441397514082,"2,399",100% bullish,of 1 rating,N/A
GPP,$14.35,1441397514247,"11,210",Not yet rated,NULL,$20.50
GRIF,$32,1441397514282,"52,862",100% bearish,of 1 rating,N/A
GLRE,$24.26,1441397514389,"105,952",50% bullish,of 2 ratings,$34
GRPN,$4.25,1441397514582,"4,782,312",61% bullish,of 71 ratings,$6.75
GRFS,$30.68,1441397514607,"347,911",50% bullish,of 2 ratings,$35
GSIT,$4.57,1441397514809,"9,567",100% bearish,of 1 rating,N/A
GGAL,$19.3108,1441397514867,"64,502",80% bullish,of 5 ratings,$40
GBNK,$15.7,1441397514892,"7,887",100% bearish,of 1 rating,$18
GSIG,$12.75,1441397514958,"14,568",100% bearish,of 2 ratings,N/A
GFED,NULL,1441397515026,0,Not yet rated,NULL,$17
OMAB,$41.55,1441397515057,"18,191",100% bullish,of 1 rating,$44
GSVC,$8.74,1441397515088,"16,902",50% bullish,of 2 ratings,$15.75
GTXI,$0.9,1441397515189,"31,824",100% bullish,of 5 ratings,$.75
GULTU,$0.32,1441397515468,"8,413",100% bearish,of 1 rating,N/A
GIFI,$12.18,1441397515541,"59,250",100% bearish,of 1 rating,$16
GWPH,$101.9345,1441397515626,"86,993",78% bullish,of 9 ratings,$148.50
GUID,$6.75,1441397515770,"23,214",100% bearish,of 3 ratings,$10
GYRO,$30.51,1441397515795,970,100% bearish,of 1 rating,N/A
GURE,$1.655,1441397515841,"46,020",88% bullish,of 8 ratings,N/A
GPOR,$32.72,1441397516144,"874,570",75% bullish,of 4 ratings,$54
HEES,$18.6373,1441397516169,"192,314",67% bearish,of 3 ratings,$31
GWGH,$7.77,1441397516228,307,100% bearish,of 1 rating,$15.05
HLG,NULL,1441397516336,0,100% bearish,of 1 rating,N/A
HNRG,$7.3,1441397516407,"42,573",100% bearish,of 1 rating,$10
HALL,$11.5,1441397516436,"11,189",Not yet rated,NULL,N/A
HALO,$16.88,1441397516463,"328,637",67% bullish,of 3 ratings,$22.50
HMPR,$1.84,1441397516721,"10,151",100% bullish,of 1 rating,N/A
HBK,NULL,1441397516745,0,50% bullish,of 2 ratings,N/A
HBHC,$27.28,1441397516899,"272,383",50% bullish,of 2 ratings,$30
HBHCL,$24.4899,1441397516923,"11,988",Not yet rated,NULL,N/A
HNH,$25.83,1441397516983,"9,977",100% bullish,of 1 rating,N/A
HNSN,$0.5512,1441397517116,"44,225",88% bullish,of 8 ratings,$.40
HQCL,$12.31,1441397517143,"6,094",67% bullish,of 3 ratings,$14
HAFC,$23.8501,1441397517164,"47,962",100% bullish,of 2 ratings,$28.50
HRMNW,NULL,1441397517353,0,Not yet rated,NULL,N/A
HRMNU,$10.209,1441397517414,100,Not yet rated,NULL,N/A
HDNG,$10.56,1441397517453,"18,077",50% bullish,of 4 ratings,N/A
HLIT,$5.6358,1441397517521,"135,358",100% bearish,of 1 rating,$6.50
HART,$1.2299,1441397517584,"94,574",100% bearish,of 1 rating,N/A
HRMN,NULL,1441397517611,0,Not yet rated,NULL,N/A
TINY,$2.45,1441397517635,"20,701",50% bullish,of 2 ratings,$5.26
HBIO,$4.31,1441397518030,"21,387",100% bearish,of 1 rating,$10
HCAPL,$25.11,1441397518056,"3,800",Not yet rated,NULL,N/A
HA,$23.6034,1441397518184,"228,166",67% bullish,of 9 ratings,$27
HCOM,$21.42,1441397518215,"3,031",100% bearish,of 1 rating,$28
HCAP,$11.98,1441397518245,"5,039",50% bullish,of 2 ratings,$15
HWBK,$13.7,1441397518351,"1,722",100% bearish,of 1 rating,N/A
HAS,$75.8924,1441397518423,"716,036",63% bullish,of 8 ratings,$84.50
HDS,$32.1711,1441397518493,"1,308,325",100% bearish,of 2 ratings,$39.50
HCSG,$32.59,1441397518577,"82,164",50% bullish,of 4 ratings,$35
HWKN,$37.87,1441397518628,"13,152",Not yet rated,NULL,N/A
HQY,$29.3381,1441397518654,"73,187",67% bullish,of 3 ratings,$35
HAYN,$37.6805,1441397518683,"27,156",100% bearish,of 1 rating,$59
HIIQ,$4.769,1441397518816,"1,900",50% bullish,of 2 ratings,$7
HWAY,$11.6307,1441397519036,"189,498",100% bearish,of 1 rating,$15
HSTM,$24.21,1441397519107,"28,851",50% bullish,of 2 ratings,$33.75
HTLD,$20.3134,1441397519203,"170,356",Not yet rated,NULL,$22.50
HTBX,$3.79,1441397519232,"53,019",50% bullish,of 2 ratings,$15.50
HTLF,$35.82,1441397519264,"17,248",100% bullish,of 1 rating,$39.50
HELE,$83.7246,1441397519334,"61,125",67% bearish,of 3 ratings,$100
HTWR,$64.6459,1441397519365,"250,596",50% bullish,of 2 ratings,$102.50
HMTV,$13.4,1441397519403,"1,613",100% bearish,of 1 rating,$16
HMNY,NULL,1441397519597,0,100% bearish,of 1 rating,N/A
HSIC,$133.4883,1441397519694,"97,591",83% bullish,of 6 ratings,$146
HSII,$20.29,1441397519725,"11,040",100% bullish,of 3 ratings,$25
HCACU,$9.98,1441397519753,"2,790",Not yet rated,NULL,N/A
HNNA,$24.61,1441397519857,"2,605",Not yet rated,NULL,N/A
HERO,NULL,1441397519915,0,NULL,NULL,NULL
HTBK,$10.6,1441397519998,"25,994",Not yet rated,NULL,$12
HEOP,$7.93,1441397520104,"19,883",Not yet rated,NULL,$8.50
HCCI,$11.54,1441397520193,"3,955",100% bearish,of 1 rating,$16.50
HFWA,$17.83,1441397520248,"150,102",100% bullish,of 1 rating,$20
MLHR,$27.0199,1441397520275,"129,226",50% bullish,of 2 ratings,$33.50
HSKA,$32.8,1441397520327,"24,774",100% bearish,of 1 rating,$38
HPJ,$2.18,1441397520560,"20,591",75% bullish,of 4 ratings,$12.43
HIBB,$38.73,1441397520619,"100,567",100% bearish,of 1 rating,$46.50
HFFC,$15.99,1441397520693,"2,968",Not yet rated,NULL,N/A
HRTX,$36.8169,1441397520748,"479,101",57% bullish,of 7 ratings,$41
HIHO,$4.4709,1441397520779,"45,990",Not yet rated,NULL,N/A
HIFS,$111.47,1441397520799,"1,984",Not yet rated,NULL,N/A
HSGX,$5.94,1441397520820,"2,425",100% bearish,of 1 rating,$17
HIMX,$7.26,1441397520973,"871,231",86% bullish,of 21 ratings,$8.25
HMNF,$11.3,1441397521038,300,Not yet rated,NULL,N/A
HOLI,$16.39,1441397521182,"106,572",50% bullish,of 4 ratings,$27
HMSY,$10.02,1441397521211,"490,539",67% bullish,of 3 ratings,$19.35
HOLX,$38.4537,1441397521236,"1,473,969",50% bullish,of 4 ratings,$42
HOMB,$37.5,1441397521435,"44,055",Not yet rated,NULL,$42
HMIN,$25.068,1441397521570,"102,383",100% bearish,of 2 ratings,$35
HBCP,$24.8,1441397521628,"2,375",Not yet rated,NULL,$29
HKTV,$4.1999,1441397521672,"90,446",100% bearish,of 1 rating,N/A
HFBL,$22.4999,1441397521704,"5,830",Not yet rated,NULL,N/A
HTBI,$18.0032,1441397521730,"12,195",67% bullish,of 3 ratings,$18.625
HMST,$21.98,1441397521802,"31,333",100% bullish,of 2 ratings,$27
CETC,$0.7389,1441397521858,"56,222",86% bullish,of 7 ratings,N/A
AWAY,$27.9302,1441397521893,"370,173",67% bullish,of 3 ratings,$36
HFBC,$10.99,1441397522047,"9,170",Not yet rated,NULL,N/A
HBNC,$23.5193,1441397522187,"7,249",100% bullish,of 1 rating,$27
HZNP,$29.321,1441397522316,"994,790",85% bullish,of 20 ratings,$40
HOFT,$23.03,1441397522444,"24,206",100% bearish,of 1 rating,N/A
ZINC,$7.1601,1441397522518,"314,987",100% bearish,of 1 rating,$17
HDP,$23.32,1441397522603,"182,567",67% bearish,of 3 ratings,$30.50
HOVNP,$3.89,1441397522630,"21,270",100% bearish,of 1 rating,N/A
HMHC,$22.62,1441397522650,"166,301",Not yet rated,NULL,$27
HRZN,$10.33,1441397522688,"17,846",50% bullish,of 2 ratings,$14.25
HBMD,$13.6,1441397522709,"7,089",100% bearish,of 1 rating,N/A
HWCC,$7.53,1441397522782,"39,943",100% bearish,of 1 rating,$9
HTGM,$5.93,1441397522911,"5,849",100% bearish,of 1 rating,$19.50
HCBK,$9.28,1441397522996,"924,695",83% bullish,of 6 ratings,$8.61
HSNI,$59.1428,1441397523054,"85,200",Not yet rated,NULL,$80
HSON,$2.76,1441397523079,"4,700",100% bearish,of 1 rating,$5
HUBG,$37.82,1441397523137,"178,822",100% bearish,of 1 rating,$43
HBANP,$1328.8999,1441397523672,54,100% bearish,of 1 rating,N/A
HDSN,$2.99,1441397523763,"17,630",100% bullish,of 1 rating,$6.25
HBP,$3.1499,1441397523830,"5,384",100% bullish,of 1 rating,N/A
HURC,$28.99,1441397523896,"8,148",100% bearish,of 1 rating,N/A
HBAN,$10.5353,1441397523967,"2,605,427",76% bullish,of 17 ratings,$12.29
HTCH,$1.5,1441397524036,"13,325",100% bearish,of 1 rating,$3.50
HURN,$72.4913,1441397524120,"48,862",50% bullish,of 2 ratings,$80
HDRAR,NULL,1441397524145,0,Not yet rated,NULL,N/A
HDRA,NULL,1441397524211,0,Not yet rated,NULL,N/A
HDRAU,NULL,1441397524290,0,Not yet rated,NULL,N/A
HDRAW,NULL,1441397524318,0,Not yet rated,NULL,N/A
HYGS,$8.56,1441397524618,"10,605",50% bullish,of 2 ratings,$13
IACI,$68.9801,1441397524685,"247,043",80% bullish,of 5 ratings,$90
IBKC,$59.75,1441397524721,"46,516",100% bullish,of 1 rating,$70
IDSY,$3.88,1441397524766,"34,259",100% bearish,of 1 rating,$7
ICAD,$3.84,1441397524854,"8,033",50% bullish,of 2 ratings,$7.25
IKGH,$1.47,1441397524880,"11,100",75% bullish,of 4 ratings,N/A
ICFI,$33.33,1441397525060,"16,064",50% bullish,of 2 ratings,$48.50
IEP,$68.7575,1441397525120,"58,544",75% bullish,of 4 ratings,$99
ICUI,$109.4989,1441397525190,"40,880",Not yet rated,NULL,$122
ICON,$13.2588,1441397525275,"316,896",50% bullish,of 2 ratings,$18.50
INVE,$4.46,1441397525517,"21,848",75% bullish,of 4 ratings,$4
IDXX,$72.3503,1441397525549,"186,374",100% bearish,of 1 rating,$76
IPWR,$7.32,1441397525585,"5,024",100% bullish,of 1 rating,$15
DSKY,$10.32,1441397525647,"102,229",67% bullish,of 6 ratings,$11.50
ICLR,$76.0058,1441397525673,"150,098",100% bearish,of 3 ratings,$85
IDRA,$2.8,1441397525717,"450,420",89% bullish,of 9 ratings,$6.50
IROQ,$16.99,1441397525816,331,100% bullish,of 1 rating,N/A
IRG,$5.16,1441397525910,"29,215",100% bearish,of 1 rating,$4.25
RXDX,$15.23,1441397525940,"137,001",100% bullish,of 1 rating,$20
IKAN,$2.73,1441397526116,"19,596",83% bullish,of 6 ratings,$5
IIVI,$16.5691,1441397526304,"76,236",100% bearish,of 1 rating,$22
ISNS,$4.15,1441397526401,"6,545",50% bullish,of 2 ratings,N/A
ILMN,$193.1625,1441397526425,"360,021",80% bullish,of 5 ratings,$245
IMMR,$12.09,1441397526493,"70,346",80% bullish,of 5 ratings,$15.50
KANG,$14.8,1441397526519,"268,517",50% bullish,of 2 ratings,$23.10
IKNX,$11.6999,1441397526553,"3,149",100% bearish,of 1 rating,N/A
ICCC,$7.01,1441397526598,"4,752",100% bullish,of 1 rating,N/A
IMDZ,$15.1499,1441397526803,"24,387",100% bearish,of 1 rating,$33
IMNP,$1.25,1441397526907,"27,774",50% bullish,of 2 ratings,$6
IMMU,$2.15,1441397526932,"302,577",86% bullish,of 7 ratings,$2
INCR,$41.8641,1441397527298,"175,657",50% bullish,of 2 ratings,$53
IPXL,$40.31,1441397527336,"138,197",67% bullish,of 3 ratings,$46.50
IBCP,$14.06,1441397527367,"30,509",100% bullish,of 1 rating,$14.50
INDB,$44.13,1441397527388,"20,549",Not yet rated,NULL,$44
IMGN,$13.293,1441397527416,"392,425",75% bullish,of 4 ratings,$17.50
INCY,$116.19,1441397527442,"519,286",50% bullish,of 6 ratings,$125.50
IMMY,$7.56,1441397527473,"3,503",100% bearish,of 1 rating,$11
SAAS,$7.106,1441397527573,"133,950",50% bullish,of 2 ratings,$15
IDSA,$3.49,1441397527713,"1,561",Not yet rated,NULL,N/A
INFN,$21.5796,1441397527843,"566,611",71% bullish,of 7 ratings,$28
IPCC,$74.6807,1441397527868,"7,040",Not yet rated,NULL,$77.50
IBTX,$39.82,1441397527894,"10,794",100% bullish,of 2 ratings,$47.25
INFI,$8.6103,1441397527939,"155,278",50% bullish,of 4 ratings,$16.50
III,$3.75,1441397528070,"13,094",57% bullish,of 7 ratings,$6
IFON,$1.2801,1441397528144,"19,545",75% bullish,of 4 ratings,N/A
INWK,$6.88,1441397528515,"35,022",50% bullish,of 2 ratings,$10
IPHS,$46.0961,1441397528545,"44,333",100% bearish,of 1 rating,$60
ISSC,$2.79,1441397528647,"3,293",67% bearish,of 3 ratings,N/A
INGN,$51.1283,1441397528706,"74,850",100% bearish,of 1 rating,$50.50
INOD,$2.3672,1441397528731,"1,540",100% bearish,of 1 rating,N/A
INNL,NULL,1441397528780,0,100% bearish,of 1 rating,$16.50
IMKTA,$49.49,1441397528863,"35,700",100% bearish,of 1 rating,N/A
IOSP,$48.8978,1441397528946,"115,353",100% bearish,of 1 rating,N/A
ITEK,$12.5,1441397528971,"165,211",100% bearish,of 3 ratings,$20
INOV,$21.02,1441397529120,"271,865",100% bearish,of 1 rating,$33
NSIT,$24.58,1441397529167,"49,289",50% bullish,of 2 ratings,N/A
INO,$7.11,1441397529198,"408,967",89% bullish,of 18 ratings,$20
ISIG,$2.64,1441397529378,"4,871",100% bearish,of 1 rating,N/A
INSM,$24.0993,1441397529403,"141,806",71% bullish,of 7 ratings,$31.50
PODD,$28.0588,1441397529457,"112,518",67% bearish,of 3 ratings,$35
IIIN,$17.21,1441397529541,"11,416",100% bearish,of 2 ratings,N/A
INSY,$34.2086,1441397529588,"282,971",75% bullish,of 4 ratings,$48
IDTI,$18.8969,1441397529836,"796,559",60% bullish,of 5 ratings,$25
INTC,$28.6046,1441397529994,"12,636,815",82% bullish,of 238 ratings,$36
NTEC,$5.57,1441397530051,"2,950",100% bearish,of 1 rating,N/A
ISSI,$21.96,1441397530098,"47,338",67% bullish,of 3 ratings,$19.75
IESC,$7.11,1441397530124,200,100% bearish,of 1 rating,N/A
IQNT,$18.86,1441397530186,"141,298",86% bullish,of 7 ratings,$20
IPCI,$2.19,1441397530255,"26,900",67% bullish,of 6 ratings,$8
IART,$61.9904,1441397530280,"157,425",100% bearish,of 2 ratings,$71.50
IBKR,$37.354,1441397530308,"332,192",100% bullish,of 1 rating,N/A
ICLD,$1.985,1441397530482,"874,613",75% bullish,of 4 ratings,N/A
ININ,$35.48,1441397530540,"24,182",67% bearish,of 3 ratings,$57
ICPT,$185.16,1441397530843,"56,453",70% bullish,of 10 ratings,$359.50
IPAR,$24.9,1441397530914,"28,151",67% bullish,of 3 ratings,$38
IDCC,$48.37,1441397530984,"90,449",80% bullish,of 5 ratings,$63
TILE,$24.1,1441397531044,"124,390",100% bearish,of 3 ratings,$27
ICLDW,$1.05,1441397531068,425,100% bearish,of 1 rating,N/A
INAP,$9.28,1441397531100,"123,130",75% bullish,of 4 ratings,$11
IBOC,$24.89,1441397531121,"76,850",100% bearish,of 1 rating,N/A
ISCA,$32.2043,1441397531175,"47,029",100% bearish,of 1 rating,N/A
IGLD,$7.26,1441397531443,974,50% bullish,of 2 ratings,N/A
IIJI,$8.7,1441397531489,200,50% bullish,of 2 ratings,$12.50
INPH,$0.3,1441397531646,"8,246",50% bullish,of 2 ratings,N/A
IMI,$1.99,1441397531671,"5,127",67% bullish,of 3 ratings,$2.22
XENT,$25.1,1441397531696,"53,449",50% bullish,of 2 ratings,$36.50
PTNT,$2.91,1441397531722,300,Not yet rated,NULL,N/A
ISIL,$10.3947,1441397531901,"427,848",50% bullish,of 6 ratings,$15
INTX,$1.98,1441397531929,"19,284",67% bullish,of 3 ratings,N/A
IILG,$19.37,1441397532008,"60,769",100% bearish,of 1 rating,$29
IVAC,$4.71,1441397532078,"25,198",100% bearish,of 1 rating,$6.625
INTL,$25.6916,1441397532139,"32,639",67% bearish,of 3 ratings,N/A
ITCI,$26.7855,1441397532425,"185,442",75% bearish,of 4 ratings,$40
INTLL,$25.6544,1441397532475,"1,735",Not yet rated,NULL,N/A
INTU,$85.2609,1441397532503,"1,218,202",86% bullish,of 7 ratings,$107.50
ISRG,$508.6658,1441397532559,"83,784",67% bullish,of 3 ratings,$600
IIN,$6.88,1441397532633,"1,050",100% bearish,of 1 rating,$12
SNAK,$8.3,1441397532871,"40,940",50% bullish,of 2 ratings,$14
INVT,$0.339,1441397532926,"119,470",67% bullish,of 3 ratings,N/A
ITIC,$70.11,1441397533060,402,100% bearish,of 2 ratings,N/A
NVIV,$9.85,1441397533141,"66,486",50% bullish,of 4 ratings,$24.50
ISTR,$15.74,1441397533239,504,100% bearish,of 1 rating,$18.50
DTUL,$64.7,1441397533289,802,Not yet rated,NULL,N/A
ISBC,$11.715,1441397533314,"1,112,054",100% bullish,of 1 rating,$13.25
IVTY,$14.25,1441397533388,"17,435",Not yet rated,NULL,$18
DFVL,$66.28,1441397533482,600,Not yet rated,NULL,N/A
IPAS,$1.07,1441397533507,"19,947",67% bullish,of 3 ratings,N/A
IPCM,$79.14,1441397533640,"129,739",50% bullish,of 2 ratings,$80.125
IPGP,$81.3544,1441397533682,"140,483",67% bearish,of 3 ratings,$109.50
IRMD,$24.13,1441397533769,"14,650",67% bearish,of 3 ratings,$25
IRIX,$6.8,1441397533866,"8,678",100% bearish,of 1 rating,N/A
IRDM,$6.89,1441397533999,"262,601",60% bullish,of 5 ratings,$11.50
IRBT,$29.701,1441397534028,"102,679",67% bullish,of 6 ratings,$37
IRDMB,$269.01,1441397534057,100,67% bearish,of 3 ratings,N/A
IRWD,$10.9727,1441397534165,"698,873",100% bearish,of 1 rating,$13
COMT,$33.04,1441397534297,"19,924",100% bearish,of 1 rating,N/A
IRCP,NULL,1441397534323,0,100% bullish,of 2 ratings,N/A
GNMA,$50.2999,1441397534378,"1,425",Not yet rated,NULL,N/A
FCHI,NULL,1441397534450,0,NULL,NULL,NULL
IFAS,NULL,1441397534472,0,NULL,NULL,NULL
IFGL,$27.33,1441397534550,"74,933",Not yet rated,NULL,N/A
IFEU,$37.25,1441397534652,"72,573",Not yet rated,NULL,N/A
IFNA,NULL,1441397534795,0,NULL,NULL,NULL
AXJS,NULL,1441397534921,0,NULL,NULL,NULL
AAXJ,$51.08,1441397534946,"513,809",Not yet rated,NULL,N/A
EMDI,NULL,1441397535075,0,NULL,NULL,NULL
ACWI,$54.16,1441397535139,"982,470",Not yet rated,NULL,N/A
AAIT,NULL,1441397535207,0,NULL,NULL,NULL
ACWX,$39.1,1441397535300,"641,077",100% bearish,of 1 rating,N/A
EMEY,NULL,1441397535350,0,NULL,NULL,NULL
EEME,NULL,1441397535372,0,NULL,NULL,NULL
EEMA,$48.207,1441397535401,"55,757",Not yet rated,NULL,N/A
EGRW,NULL,1441397535449,0,NULL,NULL,NULL
EUFN,$20.91,1441397535751,"68,052",100% bearish,of 1 rating,N/A
IEUS,$44.32,1441397535777,"1,222",100% bearish,of 1 rating,N/A
EEML,$26.5684,1441397535797,460,Not yet rated,NULL,N/A
QAT,$20.9,1441397535831,"2,582",Not yet rated,NULL,N/A
EVAL,NULL,1441397535925,0,NULL,NULL,NULL
UAE,$17.43,1441397535961,"11,300",Not yet rated,NULL,N/A
IBB,$338.56,1441397536006,"753,591",63% bullish,of 8 ratings,N/A
SOXX,$81.4,1441397536183,"223,687",50% bullish,of 2 ratings,N/A
EMIF,$27.36,1441397536211,"2,522",Not yet rated,NULL,N/A
WOOD,$47.1,1441397536433,"2,918",50% bullish,of 2 ratings,N/A
INDY,$26.05,1441397536457,"189,846",50% bullish,of 2 ratings,N/A
ICLN,$9.134,1441397536516,"14,176",50% bullish,of 2 ratings,N/A
IGOV,$91.07,1441397536616,"34,330",100% bearish,of 1 rating,N/A
ISLE,$19.37,1441397536750,"216,886",50% bullish,of 4 ratings,$17
ISIS,$51.826,1441397536774,"496,984",53% bullish,of 15 ratings,$67
ISRL,$122.2,1441397536801,72,100% bearish,of 1 rating,N/A
ISHG,$79.56,1441397536829,"22,200",100% bearish,of 1 rating,N/A
ITRN,$23.86,1441397536855,"3,296",50% bullish,of 2 ratings,N/A
ITRI,$28.8571,1441397537045,"79,308",100% bearish,of 1 rating,$37
ITUS,$3.9,1441397537112,"3,510",Not yet rated,NULL,N/A
IXYS,$11.3729,1441397537143,"83,477",50% bullish,of 4 ratings,N/A
JJSF,$115.22,1441397537275,"19,896",100% bearish,of 1 rating,N/A
MAYS,NULL,1441397537407,0,Not yet rated,NULL,N/A
XXIA,$15.04,1441397537432,"183,333",71% bullish,of 7 ratings,$14.625
JACK,$78.5,1441397537575,"125,273",71% bullish,of 7 ratings,$105
JXSB,$24.23,1441397537793,100,Not yet rated,NULL,N/A
JBHT,$74.8,1441397537818,"786,531",50% bullish,of 4 ratings,$89.50
JASO,$8.0042,1441397537846,"247,944",82% bullish,of 17 ratings,$10
JKHY,$66.5346,1441397537878,"75,160",67% bearish,of 3 ratings,$72
JAGX,$3.3001,1441397537906,"2,944",Not yet rated,NULL,$10.50
JCOM,$66.9514,1441397537981,"47,117",100% bullish,of 2 ratings,$77
JAXB,$13.94,1441397538041,200,100% bullish,of 1 rating,N/A
JMBA,$14.25,1441397538212,"61,428",75% bullish,of 4 ratings,$18
JRVR,$27.74,1441397538265,"36,618",Not yet rated,NULL,$32
JAKK,$9.81,1441397538292,"441,860",60% bearish,of 5 ratings,$11
ERW,NULL,1441397538348,0,Not yet rated,NULL,N/A
JASN,$4.85,1441397538437,"4,773",50% bullish,of 2 ratings,$9.50
JD,$23.2383,1441397538675,"7,006,598",75% bullish,of 16 ratings,$36
JASNW,NULL,1441397538699,0,50% bullish,of 2 ratings,N/A
JAZZ,$162.2317,1441397538751,"203,459",80% bullish,of 15 ratings,$206.50
JCTCF,NULL,1441397538777,0,100% bullish,of 1 rating,N/A
JTPY,$2.96,1441397538800,953,100% bearish,of 1 rating,N/A
JBLU,$23.765,1441397538844,"3,354,421",94% bullish,of 18 ratings,$27
JIVE,$4.62,1441397539093,"274,559",75% bullish,of 4 ratings,$5
JST,$3.56,1441397539132,"11,853",75% bullish,of 4 ratings,N/A
WYIGU,$9.98,1441397539157,"4,000",100% bearish,of 1 rating,N/A
DATE,$5.99,1441397539183,"57,864",75% bullish,of 4 ratings,$9
JOEZ,$0.1719,1441397539228,"152,001",92% bullish,of 12 ratings,N/A
JUNO,$35.2322,1441397539516,"409,745",73% bullish,of 11 ratings,$67
JNP,$13.2101,1441397539553,"93,018",100% bullish,of 3 ratings,$15
KNDI,$6.16,1441397539592,"118,198",86% bullish,of 22 ratings,N/A
KCLI,$46.09,1441397539719,"13,734",Not yet rated,NULL,N/A
KTWO,$20.64,1441397539822,"21,112",100% bearish,of 1 rating,$28.50
JOUT,$23.39,1441397539889,685,100% bearish,of 1 rating,$34
JBSS,$51.01,1441397539999,"18,760",67% bearish,of 3 ratings,N/A
KALU,$82.1683,1441397540033,"77,654",67% bearish,of 3 ratings,$91
KBIO,$3.93,1441397540056,"8,145,179",50% bullish,of 4 ratings,N/A
KMDA,$3.45,1441397540081,"2,860",50% bullish,of 2 ratings,$8
KPTI,$14.06,1441397540110,"127,620",67% bearish,of 3 ratings,$39
KBSF,NULL,1441397540141,0,100% bullish,of 1 rating,N/A
