Symbol,Price,Date,Volume,Rating,RatingVoteCount,OneYearEstimate
FCTY,NULL,1440692402526,0,100% bullish,of 1 rating,$8.50
PIH,$7.38,1440692402556,"3,000",100% bearish,of 1 rating,N/A
FCCY,$11.69,1440692402577,110,100% bullish,of 1 rating,$13
TFSCR,NULL,1440692402617,0,Not yet rated,NULL,N/A
TFSC,NULL,1440692402639,0,100% bearish,of 1 rating,N/A
TFSCW,NULL,1440692402712,0,100% bearish,of 1 rating,N/A
TFSCU,NULL,1440692402737,0,Not yet rated,NULL,N/A
FLWS,$8.51,1440692402758,"555,954",80% bullish,of 5 ratings,$15
SRCE,$29.68,1440692402898,"12,794",100% bullish,of 3 ratings,$33
VNET,$18.23,1440692402961,"515,178",60% bullish,of 5 ratings,$29.50
DGLD,$83.45,1440692402995,"20,409",100% bullish,of 1 rating,N/A
TWOU,$35.065,1440692403062,"76,910",50% bullish,of 2 ratings,$39
UGLD,$9.01,1440692403091,"843,850",100% bearish,of 1 rating,N/A
DSLV,$71.18,1440692403164,"13,214",100% bearish,of 1 rating,N/A
USLV,$12.2,1440692403301,"226,763",86% bullish,of 7 ratings,N/A
JOBS,$27.77,1440692403341,"35,100",50% bullish,of 4 ratings,$36
AVHI,$14.085,1440692403563,"30,604",100% bearish,of 1 rating,$19
EGHT,$7.87,1440692403607,"141,119",82% bullish,of 17 ratings,$11
SIXD,$2.75,1440692403637,"108,005",Not yet rated,NULL,N/A
CAFD,$14.75,1440692403671,"108,611",Not yet rated,NULL,$25
SHLM,$34.39,1440692403693,"29,027",100% bearish,of 1 rating,$47
ABEO,$4.75,1440692403761,"36,013",50% bullish,of 4 ratings,$15.50
ABAX,$47.42,1440692403788,"48,583",100% bearish,of 1 rating,$60
AAON,$20.63,1440692403819,"26,883",100% bearish,of 1 rating,$24
ABY,$21.79,1440692403950,"162,775",100% bearish,of 2 ratings,$46
ABEOW,$1.3457,1440692404109,"1,661",100% bullish,of 1 rating,N/A
ABMD,$98.75,1440692404181,"165,411",75% bullish,of 4 ratings,$100.50
ABGB,$5.79,1440692404206,"186,019",67% bullish,of 3 ratings,$5.50
AXAS,$1.78,1440692404251,"457,432",78% bullish,of 9 ratings,$3.50
ACHC,$74.31,1440692404340,"263,197",50% bullish,of 2 ratings,$92
ACTG,$9.15,1440692404495,"68,220",67% bullish,of 3 ratings,$18.50
ACAD,$38.175,1440692404521,"403,544",80% bullish,of 20 ratings,$48
ACST,$0.3351,1440692404542,"36,540",100% bullish,of 2 ratings,N/A
AXDX,$18.41,1440692404684,"64,014",100% bearish,of 1 rating,N/A
XLRN,$28.81,1440692404713,"56,308",50% bullish,of 2 ratings,$57
ANCX,$19.81,1440692404734,"7,804",Not yet rated,NULL,$20
VXUP,$1.46,1440692404766,"27,310",100% bearish,of 1 rating,N/A
ARAY,$6.465,1440692404865,"268,088",100% bearish,of 1 rating,$10.50
ACRX,$4.3,1440692404961,"105,070",67% bearish,of 6 ratings,$5.50
VXDN,$2.05,1440692405008,"41,805",100% bearish,of 1 rating,N/A
ACHN,$7.58,1440692405142,"558,748",90% bullish,of 21 ratings,$16
ACET,$22.53,1440692405171,"53,442",75% bullish,of 4 ratings,$30
AKAO,$6.78,1440692405275,"21,697",75% bullish,of 4 ratings,$15
ACIW,$20.9,1440692405354,"177,631",67% bearish,of 3 ratings,$24
ACOR,$31.18,1440692405457,"231,238",67% bearish,of 3 ratings,$38.50
ACPW,$1.83,1440692405501,"7,891",100% bullish,of 4 ratings,$3.50
ACNB,$20.324,1440692405661,626,Not yet rated,NULL,N/A
ACTA,$13.04,1440692405696,"50,168",67% bearish,of 3 ratings,$25
ACUR,$0.5199,1440692405722,"23,137",100% bullish,of 5 ratings,$1
ACTS,$1.66,1440692405752,"44,441",100% bearish,of 1 rating,N/A
ATVI,$28.13,1440692405792,"1,900,945",68% bullish,of 84 ratings,$31.50
ACXM,$20.87,1440692405827,"98,538",67% bullish,of 3 ratings,N/A
ADMS,$20.07,1440692405888,"27,925",100% bearish,of 2 ratings,$36
ADMP,$3.763,1440692406184,"8,284",50% bullish,of 2 ratings,$10
ADAP,$12.005,1440692406239,"17,300",67% bullish,of 3 ratings,$22
ADUS,$28.85,1440692406287,"16,976",100% bearish,of 1 rating,$31
ADEP,$6.7,1440692406346,"9,356",50% bullish,of 2 ratings,$10.75
AEY,$2.358,1440692406376,"3,904",100% bearish,of 2 ratings,N/A
ADBE,$78.84,1440692406439,"1,100,146",65% bullish,of 17 ratings,$90
ADMA,$9.2099,1440692406474,"1,230",Not yet rated,NULL,$19
ADRO,$21.89,1440692406572,"103,333",80% bullish,of 5 ratings,$45.50
ADXSW,$10.24,1440692406731,"6,050",100% bullish,of 1 rating,N/A
ADXS,$14.87,1440692406761,"407,308",64% bullish,of 14 ratings,$27
AEIS,$24.68,1440692406825,"38,757",50% bullish,of 2 ratings,$32.50
MULT,NULL,1440692406894,0,100% bearish,of 1 rating,N/A
ADTN,$15.65,1440692406977,"83,704",67% bullish,of 3 ratings,$17.125
YPRO,NULL,1440692407026,0,100% bearish,of 1 rating,N/A
AMD,$1.82,1440692407081,"2,816,001",83% bullish,of 103 ratings,$2
AEGR,$17.75,1440692407106,"184,212",50% bullish,of 6 ratings,$26
AEHR,$2.26,1440692407376,"1,750",50% bullish,of 2 ratings,N/A
AEGN,$18.23,1440692407425,"36,340",100% bearish,of 2 ratings,$21
AEPI,$54.708,1440692407508,"3,888",100% bearish,of 1 rating,N/A
AMTX,$2.57,1440692407537,"9,351",50% bullish,of 2 ratings,$26.11
AVAV,$23.99,1440692407566,"18,691",50% bullish,of 4 ratings,$31
AERI,$16.48,1440692407588,"251,382",75% bullish,of 4 ratings,$31.50
AEZS,$0.0831,1440692407719,"4,010,816",90% bullish,of 21 ratings,$1.50
AEMD,$6.9,1440692407860,"39,606",Not yet rated,NULL,$27.50
AFMD,$10.26,1440692407885,"47,892",50% bullish,of 4 ratings,$15
AFFX,$9.66,1440692407922,"173,402",80% bullish,of 5 ratings,$12
AGEN,$6.97,1440692408058,"287,771",85% bullish,of 13 ratings,$14
AGYS,$9.5857,1440692408131,"5,992",100% bearish,of 1 rating,N/A
AGRX,$8.37,1440692408190,"4,111",100% bearish,of 1 rating,$17.50
AGIO,$91.87,1440692408287,"112,173",88% bullish,of 8 ratings,$114
AGFS,$10.19,1440692408317,"18,234",100% bearish,of 1 rating,N/A
AIMT,$22.12,1440692408350,"18,553",Not yet rated,NULL,N/A
AGFSW,$2,1440692408449,"15,700",100% bearish,of 2 ratings,N/A
AIRM,$36.95,1440692408477,"60,546",80% bearish,of 5 ratings,$53
AIRT,$21.49,1440692408526,200,100% bullish,of 1 rating,N/A
AIXG,$6,1440692408696,"15,996",67% bearish,of 3 ratings,$5.25
AMCN,$4.56,1440692408728,"311,078",83% bullish,of 6 ratings,N/A
ATSG,$8.96,1440692408836,"43,951",67% bullish,of 3 ratings,$13
AKBA,$6.44,1440692408935,"61,495",100% bearish,of 1 rating,$18
AKAM,$70.55,1440692409017,"306,125",63% bullish,of 8 ratings,$77
AKRX,$41.44,1440692409102,"293,540",78% bullish,of 9 ratings,$56
AKER,$2.69,1440692409149,"3,142",Not yet rated,NULL,N/A
ALSK,$2.01,1440692409174,"131,837",78% bullish,of 18 ratings,$2
ABDC,$12.1,1440692409380,"12,405",Not yet rated,NULL,$15
AMRI,$19.91,1440692409408,"41,588",75% bearish,of 4 ratings,$24
ALRM,$16.99,1440692409429,"38,115",100% bearish,of 1 rating,$22
ADHD,$7.65,1440692409458,"105,398",50% bullish,of 4 ratings,$18
ALDX,$7.2,1440692409621,"4,491",100% bearish,of 1 rating,$14.50
ALDR,$38.6,1440692409757,"79,838",67% bearish,of 3 ratings,$62
ALXA,$1.14,1440692409791,"13,076",83% bullish,of 6 ratings,$2.125
ALXN,$177.79,1440692409818,"407,040",88% bullish,of 8 ratings,$223
ALCO,$42.15,1440692410021,634,50% bullish,of 2 ratings,N/A
ALGN,$57.05,1440692410083,"102,127",100% bearish,of 2 ratings,$73
ALIM,$3.41,1440692410107,"30,476",80% bullish,of 5 ratings,$10
AFOP,$18.82,1440692410292,"63,979",75% bullish,of 8 ratings,$21
ALGT,$209.69,1440692410318,"43,111",100% bearish,of 2 ratings,$235
ALLB,$22.79,1440692410348,100,Not yet rated,NULL,N/A
AIQ,$13.45,1440692410451,"2,700",67% bullish,of 3 ratings,N/A
AHGP,$36.3,1440692410506,"89,826",67% bullish,of 3 ratings,N/A
ARLP,$25.32,1440692410766,"131,795",67% bearish,of 3 ratings,$32
ALKS,$60.96,1440692410899,"147,486",67% bullish,of 3 ratings,$75
ALQA,$4.35,1440692411032,"2,550",75% bullish,of 4 ratings,$8.50
AHPI,NULL,1440692411094,0,50% bullish,of 2 ratings,N/A
AMOT,$18.69,1440692411129,"42,269",100% bearish,of 1 rating,N/A
ALLT,$4.95,1440692411335,"27,763",75% bullish,of 4 ratings,$6.25
ALNY,$106.18,1440692411395,"151,517",67% bullish,of 3 ratings,$148.50
AFAM,$46,1440692411425,"24,472",50% bullish,of 2 ratings,$44
AOSL,$7.3,1440692411464,"25,300",67% bullish,of 3 ratings,$9
SMCP,NULL,1440692411493,0,Not yet rated,NULL,N/A
MDRX,$13.68,1440692411522,"395,852",60% bullish,of 5 ratings,$16
ATEC,$0.5799,1440692411595,"35,680",100% bullish,of 1 rating,$2
ASPS,$25.92,1440692411678,"86,074",67% bullish,of 3 ratings,$46.50
AIMC,$24.72,1440692411814,"15,612",100% bearish,of 2 ratings,$28.50
ALTR,$48.77,1440692411842,"802,101",80% bearish,of 5 ratings,$54
AMAG,$66,1440692411878,"133,065",100% bullish,of 2 ratings,$77.50
AMRN,$2.07,1440692411972,"474,989",85% bullish,of 39 ratings,$8
AMRK,NULL,1440692412011,0,50% bullish,of 2 ratings,$14
AMBA,$93.47,1440692412223,"1,119,158",83% bullish,of 12 ratings,$102.50
AYA,$20.86,1440692412297,"19,287",100% bearish,of 1 rating,$40
AMBC,$15.95,1440692412361,"91,778",100% bearish,of 1 rating,$16.50
EPAX,$2.69,1440692412388,"8,292",100% bearish,of 1 rating,N/A
AMZN,$517.14,1440692412428,"1,599,305",81% bullish,of 264 ratings,$646
AMCX,$72.09,1440692412456,"240,153",67% bullish,of 3 ratings,$87.50
AMBCW,$7.03,1440692412483,"3,000",100% bearish,of 1 rating,N/A
AMED,$39.28,1440692412662,"67,125",100% bearish,of 1 rating,$42
DOX,$57.89,1440692412689,"120,451",67% bearish,of 3 ratings,$60
AMDA,$0.489,1440692412762,"481,626",90% bullish,of 10 ratings,$1
UHAL,$376.54,1440692412919,"5,699",100% bullish,of 2 ratings,$393.50
ASBI,$22.48,1440692412945,400,Not yet rated,NULL,N/A
AGNC,$19.49,1440692413080,"1,051,409",71% bullish,of 28 ratings,$22
ATAX,$5.15,1440692413101,"25,949",100% bullish,of 1 rating,$6.50
AMOV,$18.05,1440692413132,"1,553",100% bearish,of 1 rating,N/A
AAL,$38.16,1440692413182,"3,667,962",93% bullish,of 88 ratings,$57
AGNCB,$24.25,1440692413315,"13,040",Not yet rated,NULL,N/A
MTGE,$15.56,1440692413343,"138,013",75% bullish,of 4 ratings,$19.50
AGNCP,$25.2285,1440692413375,"3,200",Not yet rated,NULL,N/A
MTGEP,$24.5,1440692413481,631,Not yet rated,NULL,N/A
ACSF,$12.0601,1440692413530,"31,344",100% bearish,of 1 rating,$15
ANCI,$1.52,1440692413555,350,100% bearish,of 1 rating,N/A
ACAS,$13.73,1440692413582,"892,144",60% bullish,of 5 ratings,$16.75
AETI,$3.8,1440692413820,"2,969",67% bearish,of 3 ratings,N/A
AMNB,$23,1440692413955,"4,374",Not yet rated,NULL,$25.50
AMIC,$9.62,1440692413981,200,Not yet rated,NULL,N/A
ANAT,$100.74,1440692414002,"4,678",100% bullish,of 1 rating,N/A
AMRB,$10.0936,1440692414055,800,Not yet rated,NULL,$11
APEI,$22.03,1440692414198,"30,067",100% bearish,of 1 rating,$25.50
ARII,$39.4712,1440692414227,"188,883",67% bearish,of 3 ratings,$45
ASEI,$37.47,1440692414252,"12,042",100% bearish,of 1 rating,$52.50
AMWD,$67.06,1440692414449,"31,333",50% bullish,of 2 ratings,$70
AMSWA,$8.57,1440692414481,"8,134",100% bearish,of 2 ratings,$10.75
AMSC,$4.45,1440692414507,"152,810",50% bullish,of 4 ratings,N/A
CRMT,$36.295,1440692414585,"11,763",100% bearish,of 1 rating,$39
AMSF,$46.5,1440692414723,"21,392",Not yet rated,NULL,$57.50
ABCB,$26.84,1440692414825,"19,476",Not yet rated,NULL,$31
ASRV,$3.29,1440692414929,300,100% bullish,of 2 ratings,N/A
ASRVP,NULL,1440692414960,0,Not yet rated,NULL,N/A
ATLO,$23.89,1440692414987,"2,296",Not yet rated,NULL,N/A
AMGN,$155.83,1440692415059,"1,118,955",89% bullish,of 19 ratings,$185
AMKR,$5.03,1440692415155,"453,819",100% bearish,of 2 ratings,$5
FOLD,$15.01,1440692415182,"364,516",56% bullish,of 9 ratings,$21
AMPH,$13.69,1440692415330,"57,571",50% bullish,of 2 ratings,$20
ASYS,$5.66,1440692415403,"22,183",67% bullish,of 3 ratings,$12
AMSG,$81.13,1440692415474,"93,223",100% bearish,of 1 rating,$85.50
AMSGP,$141.83,1440692415535,12,Not yet rated,NULL,N/A
AFSI,$59.24,1440692415613,"131,123",60% bullish,of 5 ratings,$72
ANAC,$132.67,1440692415665,"133,801",80% bullish,of 5 ratings,$180.50
AMRS,$1.65,1440692415717,"12,650",70% bullish,of 10 ratings,N/A
ADI,$55.9499,1440692415760,"883,109",67% bullish,of 3 ratings,$69
ANAD,$0.3303,1440692415908,"189,177",100% bullish,of 2 ratings,$.50
ALOG,$79.6,1440692415958,"21,004",100% bearish,of 2 ratings,$100.50
ABCW,$39.9005,1440692415987,"3,146",67% bullish,of 3 ratings,N/A
AMCF,$0.25,1440692416008,700,100% bullish,of 7 ratings,N/A
ANCB,$23,1440692416041,800,Not yet rated,NULL,$23
ANGO,$14.87,1440692416147,"45,298",67% bullish,of 3 ratings,$19
ANGI,$4.92,1440692416414,"123,102",64% bullish,of 11 ratings,$5.50
ATRS,$1.745,1440692416493,"160,572",92% bullish,of 12 ratings,$4.50
ANSS,$89.98,1440692416519,"101,438",100% bearish,of 1 rating,$100
ANIK,$35.06,1440692416594,"31,004",60% bullish,of 5 ratings,$51.25
ANTH,$7.45,1440692416650,"247,554",80% bullish,of 10 ratings,$13
ANIP,$49.75,1440692416695,"64,414",89% bullish,of 19 ratings,$66
ATNY,$2.34,1440692416783,"1,100",50% bullish,of 2 ratings,$3.75
APOG,$49.89,1440692416966,"39,736",50% bullish,of 2 ratings,$67
ABAC,$0.75,1440692417002,"6,927",100% bearish,of 1 rating,N/A
AINV,$6.5699,1440692417028,"297,125",50% bullish,of 4 ratings,$8
APIC,$6.58,1440692417053,"23,638",100% bearish,of 1 rating,$19
AAPL,$112.765,1440692417096,"22,467,542",86% bullish,of 2350 ratings,$150
APOL,$11.24,1440692417122,"317,063",87% bearish,of 68 ratings,$14
APPF,$17.36,1440692417256,"25,770",50% bullish,of 2 ratings,$22
ARCI,NULL,1440692417361,0,Not yet rated,NULL,N/A
APDN,$3.39,1440692417386,"15,605",Not yet rated,NULL,$9
AMAT,$15.8,1440692417624,"4,569,567",82% bullish,of 11 ratings,$23
APDNW,$1.15,1440692417649,"2,000",Not yet rated,NULL,N/A
AGTC,$15.65,1440692417679,"46,978",50% bullish,of 2 ratings,$33
AMCC,$5.62,1440692417781,"129,632",80% bullish,of 5 ratings,$8
AAOI,$20.57,1440692417849,"124,766",50% bullish,of 4 ratings,$26
AREX,$2.1,1440692417911,"426,379",100% bearish,of 1 rating,$3
APTO,$5.14,1440692417936,"3,301",Not yet rated,NULL,$17
APRI,$1.2163,1440692417966,"5,874",83% bullish,of 6 ratings,$4.86
AQMS,$4.97,1440692418145,"3,950",Not yet rated,NULL,N/A
AQXP,$18,1440692418173,"245,044",50% bullish,of 2 ratings,$2
AUMA,NULL,1440692418203,0,Not yet rated,NULL,N/A
AUMAU,$9.95,1440692418308,"4,100",Not yet rated,NULL,N/A
AUMAW,NULL,1440692418332,0,Not yet rated,NULL,N/A
ARDM,NULL,1440692418498,0,100% bullish,of 1 rating,$26
ABUS,$7.06,1440692418635,"150,566",86% bullish,of 14 ratings,$23
PETX,$17.39,1440692418670,"63,111",100% bearish,of 2 ratings,$26
ABIO,$0.88,1440692418736,"45,938",50% bullish,of 2 ratings,$3.75
ARCW,$3.75,1440692418766,"3,433",100% bearish,of 2 ratings,$10.50
ARCB,$29.04,1440692418791,"47,064",67% bearish,of 3 ratings,$39.50
RKDA,$6.18,1440692418834,"9,764",100% bearish,of 2 ratings,$10
ACGL,$67.91,1440692418940,"62,685",50% bullish,of 2 ratings,$72
ARNA,$2.65,1440692419089,"1,118,425",90% bullish,of 77 ratings,$5.50
ARDX,$17.63,1440692419116,"48,007",50% bullish,of 2 ratings,$24.50
ACAT,$25.6,1440692419143,"44,784",100% bearish,of 3 ratings,$33
ARCC,$15.32,1440692419314,"536,551",67% bearish,of 3 ratings,$17.875
AGIIL,$25.65,1440692419415,925,Not yet rated,NULL,N/A
ARGS,$6.155,1440692419473,"15,686",50% bullish,of 2 ratings,$19.50
AGII,$55.45,1440692419501,"43,762",Not yet rated,NULL,$59.50
ARIA,$6.92,1440692419546,"908,958",87% bullish,of 46 ratings,$9
ARIS,$4.05,1440692419571,"40,479",Not yet rated,NULL,$4.50
ARMH,$42.72,1440692419629,"1,270,215",54% bearish,of 13 ratings,$61
ARKR,$24.9,1440692419708,2,50% bullish,of 2 ratings,N/A
ARTX,$1.48,1440692419733,"31,708",88% bullish,of 16 ratings,$4.50
ARWAR,NULL,1440692419946,0,Not yet rated,NULL,N/A
ARWA,NULL,1440692420019,0,Not yet rated,NULL,N/A
ARWAW,$0.125,1440692420044,"4,805",Not yet rated,NULL,N/A
ARQL,$1.73,1440692420203,"57,043",75% bullish,of 4 ratings,$5
ARWAU,NULL,1440692420236,0,100% bullish,of 1 rating,N/A
ARRS,$26.29,1440692420265,"207,875",50% bullish,of 2 ratings,$38
ARRY,$5.82,1440692420337,"417,575",100% bullish,of 7 ratings,$10
DWAT,$9.9,1440692420365,"2,800",100% bearish,of 1 rating,N/A
AROW,$27.27,1440692420467,"4,316",Not yet rated,NULL,N/A
ARWR,$5.735,1440692420597,"270,887",75% bullish,of 4 ratings,$10.50
ARTW,$4.32,1440692420727,93,75% bearish,of 4 ratings,N/A
ASBB,$24.28,1440692420752,100,Not yet rated,NULL,N/A
ASCMA,$26.6,1440692420812,"33,186",100% bearish,of 1 rating,$45
ASNA,$11.66,1440692420841,"576,340",50% bullish,of 2 ratings,$18
ARTNA,$21.99,1440692420914,"9,543",100% bearish,of 1 rating,$29
ASND,$20.77,1440692420944,"28,678",100% bullish,of 1 rating,$30
ASTI,$0.1158,1440692421044,"1,137,714",83% bullish,of 6 ratings,$3
APWC,$1.6,1440692421111,"6,462",100% bearish,of 1 rating,N/A
ASMI,NULL,1440692421143,0,NULL,NULL,NULL
ASML,$91.36,1440692421220,"544,083",50% bullish,of 4 ratings,$127
AZPN,$38.2,1440692421250,"146,041",50% bullish,of 2 ratings,$42
ASMB,$13.16,1440692421278,"15,528",67% bullish,of 3 ratings,N/A
ASFI,$8.89,1440692421323,"1,634",100% bullish,of 1 rating,N/A
ASTE,$36.88,1440692421451,"37,195",100% bearish,of 1 rating,$48
ALOT,NULL,1440692421659,0,100% bearish,of 1 rating,N/A
ATRO,$53.24,1440692421687,"62,677",100% bearish,of 2 ratings,$80
ASTC,$1.92,1440692421735,"7,040",100% bullish,of 5 ratings,N/A
ATAI,$2.45,1440692421838,"1,159",100% bearish,of 1 rating,N/A
ATRA,$37.91,1440692421869,"46,603",50% bullish,of 2 ratings,$68
ASUR,$6,1440692421894,"12,050",50% bullish,of 2 ratings,$8
ATHX,$1.1413,1440692421949,"45,775",89% bullish,of 9 ratings,$5
AFCB,$27.3,1440692421979,200,Not yet rated,NULL,N/A
ATHN,$135.2299,1440692422086,"65,736",67% bearish,of 3 ratings,$153
AAPC,$10.1,1440692422217,16,Not yet rated,NULL,N/A
ATNI,$71.345,1440692422351,"28,058",100% bearish,of 1 rating,$69.50
AAME,$3.54,1440692422377,200,Not yet rated,NULL,N/A
ACFC,$5.35,1440692422403,"36,486",100% bearish,of 1 rating,$6.50
ATLC,$3.86,1440692422537,2,67% bullish,of 3 ratings,N/A
AAWW,$41.01,1440692422598,"98,469",50% bullish,of 2 ratings,$65
AFH,$16.375,1440692422624,"29,063",Not yet rated,NULL,$21.50
ATML,$7.91,1440692422758,"1,098,489",78% bullish,of 9 ratings,$9.50
ATRI,$377.65,1440692422813,"2,026",Not yet rated,NULL,N/A
ATRC,$25.25,1440692422945,"49,446",100% bullish,of 1 rating,$30
ATOS,$0.7402,1440692423010,"52,096",100% bullish,of 7 ratings,$7
ATTU,$13.2701,1440692423037,"16,521",100% bearish,of 1 rating,$20.50
LIFE,$15.86,1440692423058,"11,272",86% bullish,of 7 ratings,$43
ATRM,$2.8,1440692423092,"1,655",50% bullish,of 2 ratings,N/A
AUBN,$26.96,1440692423113,550,Not yet rated,NULL,N/A
AUDC,$3.165,1440692423355,"26,341",80% bullish,of 5 ratings,$5
AUPH,$2.9775,1440692423442,"7,600",100% bearish,of 1 rating,$8
EARS,$4.86,1440692423473,"2,850",100% bearish,of 2 ratings,$11.50
ABTL,$17.87,1440692423499,"61,529",100% bullish,of 4 ratings,$20.25
ADAT,$0.3403,1440692423572,"274,577",100% bullish,of 2 ratings,N/A
AVGO,$126.43,1440692423649,"2,946,145",88% bullish,of 8 ratings,$165
ADSK,$50.36,1440692423681,"1,131,828",67% bullish,of 6 ratings,$69.50
AAVL,$10.75,1440692423779,"120,591",100% bearish,of 1 rating,$20
ADP,$78.37,1440692423809,"545,833",100% bearish,of 1 rating,$88
AVEO,$1.4,1440692423950,"396,573",75% bullish,of 8 ratings,$3
AVNU,$12.358,1440692423976,906,Not yet rated,NULL,$14
AVNW,$1.18,1440692424029,"44,520",50% bullish,of 2 ratings,$2.20
AVID,$8.16,1440692424059,"200,753",100% bearish,of 1 rating,$20
AVGR,$14.27,1440692424163,"10,468",100% bearish,of 1 rating,$20
AWRE,$3.085,1440692424343,"4,483",67% bullish,of 3 ratings,N/A
CAR,$43.37,1440692424402,"563,234",80% bullish,of 5 ratings,$60
AXPW,$1.04,1440692424486,"39,414",83% bullish,of 6 ratings,N/A
ACLS,$3.19,1440692424544,"137,491",67% bullish,of 6 ratings,$4.75
AXGN,$3.99,1440692424641,"33,755",Not yet rated,NULL,$5
BCOM,$19.003,1440692424671,984,100% bearish,of 1 rating,N/A
AXPWW,NULL,1440692424697,0,Not yet rated,NULL,N/A
AXTI,$2.18,1440692424727,"1,268",50% bullish,of 2 ratings,$2.75
BEAV,$48.93,1440692424830,"266,360",67% bearish,of 3 ratings,$59
RILY,$9.78,1440692424895,200,Not yet rated,NULL,N/A
BOSC,$2.1101,1440692424965,"4,301",50% bullish,of 2 ratings,N/A
BCPC,$57.94,1440692425153,"30,979",100% bearish,of 1 rating,$75
BIDU,$149.986,1440692425182,"1,734,883",81% bullish,of 88 ratings,$210
BWINA,NULL,1440692425209,0,Not yet rated,NULL,N/A
BWINB,$22.8597,1440692425230,"3,262",Not yet rated,NULL,N/A
BLDP,$1.21,1440692425259,"266,422",91% bullish,of 22 ratings,$2.50
BANFP,NULL,1440692425392,0,Not yet rated,NULL,N/A
BANF,$59.19,1440692425423,"2,710",Not yet rated,NULL,$68
BOCH,$5.7501,1440692425580,"7,861",Not yet rated,NULL,$6.50
BKSC,$16,1440692425610,"3,756",Not yet rated,NULL,N/A
BKMU,$6.96,1440692425636,"40,406",Not yet rated,NULL,$8
BMRC,$47.8,1440692425657,"6,492",Not yet rated,NULL,$52
OZRK,$41.94,1440692425789,"163,776",67% bullish,of 3 ratings,$49.50
BOTJ,$11.0785,1440692425824,717,Not yet rated,NULL,N/A
BFIN,$11.95,1440692425953,"8,148",Not yet rated,NULL,$13
BZUN,$5.08,1440692426080,"220,523",50% bullish,of 2 ratings,$11.50
BWFG,NULL,1440692426130,0,100% bearish,of 1 rating,N/A
BANR,$43.855,1440692426161,"11,102",100% bullish,of 3 ratings,$50
TAPR,$32.98,1440692426196,535,100% bearish,of 1 rating,N/A
BHAC,$9.81,1440692426312,"1,100",Not yet rated,NULL,N/A
BHACR,NULL,1440692426339,0,Not yet rated,NULL,N/A
BHACU,NULL,1440692426422,0,Not yet rated,NULL,N/A
BHACW,NULL,1440692426490,0,Not yet rated,NULL,N/A
BBSI,$34.29,1440692426524,"36,514",67% bearish,of 3 ratings,$62.50
BSET,$29.01,1440692426654,"13,724",100% bearish,of 1 rating,$35
BV,$5.07,1440692426747,"113,191",67% bullish,of 6 ratings,$9
BYLK,$12.71,1440692426815,500,Not yet rated,NULL,$14
BYBK,$4.88,1440692426841,100,100% bearish,of 1 rating,N/A
BCBP,$11.43,1440692426971,200,Not yet rated,NULL,N/A
BBCN,$14.48,1440692426996,"58,500",100% bearish,of 1 rating,$16
BDCV,$4.84,1440692427046,"5,080",100% bearish,of 1 rating,$10.19
BSF,$8.72,1440692427176,"1,963",Not yet rated,NULL,N/A
BBGI,$4.1616,1440692427212,300,100% bullish,of 1 rating,N/A
BECN,$35,1440692427254,"108,292",50% bullish,of 2 ratings,$40
BBBY,$61.99,1440692427354,"753,480",71% bullish,of 7 ratings,$75
BEBE,$1.835,1440692427398,"47,192",75% bullish,of 4 ratings,$3.075
BLPH,$5,1440692427487,"10,559",100% bearish,of 1 rating,$12.50
BELFA,NULL,1440692427515,0,100% bearish,of 1 rating,N/A
BELFB,$17.72,1440692427540,"4,499",100% bearish,of 1 rating,N/A
BLCM,$17.18,1440692427689,"49,756",50% bullish,of 4 ratings,$40
BNCL,$12.53,1440692427826,"77,169",100% bullish,of 3 ratings,$12.50
BGMD,$0.76,1440692427873,"27,217",100% bullish,of 10 ratings,N/A
BNFT,$34.92,1440692427899,"29,744",67% bullish,of 3 ratings,$46
BNTC,$8,1440692427976,"24,393",100% bullish,of 1 rating,N/A
BGCP,$8.74,1440692428007,"326,950",88% bullish,of 8 ratings,$14
BGFV,$10.98,1440692428037,"57,334",57% bullish,of 7 ratings,$12
BASI,$1.6069,1440692428083,200,Not yet rated,NULL,N/A
BIND,$4.42,1440692428109,"29,713",75% bullish,of 4 ratings,$13.50
BIOC,$1.92,1440692428358,"244,012",83% bullish,of 6 ratings,$3.85
ORPN,$5.36,1440692428446,"21,150",100% bullish,of 1 rating,$28.50
BDSI,$6.61,1440692428493,"341,131",88% bullish,of 8 ratings,$17
BCRX,$11.22,1440692428521,"86,921",63% bullish,of 8 ratings,$18
BCDA,NULL,1440692428542,0,Not yet rated,NULL,N/A
BIOD,$0.685,1440692428675,"35,580",80% bullish,of 5 ratings,$4
BIIB,$306.577,1440692428842,"544,715",88% bullish,of 16 ratings,$400
BLFS,$2.02,1440692428870,"14,385",100% bearish,of 1 rating,$4.75
BIOL,$1.4,1440692428904,"10,461",Not yet rated,NULL,N/A
BMRN,$130.615,1440692428929,"248,070",80% bullish,of 5 ratings,$160
BLRX,$1.32,1440692428960,"35,040",100% bullish,of 12 ratings,$5
BVXV,$3.5924,1440692428996,250,Not yet rated,NULL,N/A
BVXVW,NULL,1440692429061,0,100% bearish,of 1 rating,N/A
BPTH,$1.0299,1440692429087,"23,452",100% bullish,of 2 ratings,$5
BRLI,NULL,1440692429297,0,NULL,NULL,NULL
BIOS,$2.34,1440692429343,"414,545",71% bullish,of 7 ratings,$4
BBP,$32.85,1440692429516,"7,784",Not yet rated,NULL,N/A
BSTC,$49.36,1440692429543,"35,106",100% bearish,of 1 rating,$76
BBC,$31.1664,1440692429568,"2,562",Not yet rated,NULL,N/A
BOTA,$2.1,1440692429593,"13,564",88% bullish,of 8 ratings,N/A
TECH,$96.32,1440692429768,"85,241",100% bullish,of 1 rating,$117
BSPM,$0.6501,1440692429794,"5,485",50% bullish,of 2 ratings,N/A
BEAT,$15.205,1440692429843,"401,473",67% bearish,of 3 ratings,$15
BJRI,$44.34,1440692430022,"56,019",50% bullish,of 2 ratings,$55
BITI,$17.2,1440692430189,"9,068",100% bullish,of 1 rating,$28
BBOX,$15.18,1440692430216,"25,840",100% bearish,of 1 rating,N/A
BDMS,$12.6501,1440692430238,775,100% bearish,of 1 rating,N/A
BDE,$7.31,1440692430270,"34,127",50% bullish,of 2 ratings,$9
BLKB,$58.17,1440692430378,"43,432",100% bearish,of 2 ratings,$66
HAWK,$40.28,1440692430407,"207,864",91% bullish,of 11 ratings,$49
BBRY,$7.16,1440692430450,"2,288,470",61% bullish,of 330 ratings,$9
ADRE,$30.064,1440692430583,"4,165",100% bearish,of 1 rating,N/A
ADRA,$27.3825,1440692430608,398,100% bearish,of 1 rating,N/A
ADRD,$22.165,1440692430634,"4,360",100% bearish,of 1 rating,N/A
BKCC,$9.31,1440692430655,"145,136",50% bullish,of 2 ratings,$10
ADRU,$21.73,1440692430798,"3,618",100% bearish,of 1 rating,N/A
BLMN,$20.205,1440692430826,"318,508",83% bullish,of 6 ratings,$27.50
BCOR,$13.65,1440692431022,"54,559",57% bullish,of 7 ratings,$15
BLBD,$12.05,1440692431112,"1,768",Not yet rated,NULL,N/A
BUFF,$27.05,1440692431207,"55,219",83% bullish,of 12 ratings,$31.50
NILE,$33.52,1440692431292,"77,587",50% bullish,of 2 ratings,$34
BLUE,$132.2132,1440692431323,"188,871",71% bullish,of 7 ratings,$217.50
BBLU,$0.7999,1440692431345,"50,793",100% bullish,of 2 ratings,$4.43
BKEPP,$7.58,1440692431376,"5,223",100% bearish,of 1 rating,N/A
BHBK,$13.88,1440692431397,"21,242",100% bullish,of 1 rating,$14.50
BKEP,$6.2401,1440692431565,"19,349",100% bearish,of 1 rating,$8.50
BPMC,$26.33,1440692431615,"25,507",50% bullish,of 2 ratings,$47.50
BNCN,$20.45,1440692431699,"40,853",Not yet rated,NULL,$24
BOFI,$120.55,1440692431743,"71,988",100% bullish,of 6 ratings,$144
BOBE,$43.95,1440692431770,"28,870",75% bullish,of 4 ratings,$57
BOJA,$21.85,1440692431831,"103,454",100% bullish,of 1 rating,$30
WIFI,$7.52,1440692431856,"31,601",50% bullish,of 2 ratings,$13.50
BOKF,$61.71,1440692432048,"64,799",100% bearish,of 1 rating,$69
BPFH,$11.93,1440692432226,"106,570",100% bearish,of 1 rating,$14
BAMM,$3.18,1440692432268,"2,865",60% bullish,of 5 ratings,N/A
BONA,$11.7892,1440692432298,"60,417",75% bullish,of 4 ratings,$8.50
BPFHP,$25.1,1440692432326,"3,450",100% bearish,of 1 rating,N/A
BNSO,$1.3388,1440692432347,"2,200",100% bearish,of 1 rating,N/A
BPFHW,NULL,1440692432378,0,100% bearish,of 1 rating,N/A
EPAY,$25.59,1440692432404,"23,721",100% bearish,of 2 ratings,$30
BDBD,$8.09,1440692432550,"200,079",60% bullish,of 5 ratings,$10
BBEP,$2.655,1440692432683,"1,099,922",69% bullish,of 13 ratings,$5.625
BBRG,$12.51,1440692432746,"16,417",67% bullish,of 3 ratings,$14.50
BDGE,$26.37,1440692432827,"3,150",Not yet rated,NULL,$31.75
BBEPP,$13.83,1440692432852,"12,100",100% bearish,of 1 rating,N/A
BCLI,$2.93,1440692432985,"21,057",80% bullish,of 5 ratings,$12
BRID,$8.8,1440692433134,100,100% bearish,of 1 rating,N/A
BCOV,$5.13,1440692433209,"37,556",67% bullish,of 3 ratings,$10.20
BLIN,$1.31,1440692433239,"4,295",50% bullish,of 2 ratings,$2.20
BRCM,$51.76,1440692433260,"2,102,504",75% bullish,of 12 ratings,$56
BSFT,$31.52,1440692433318,"85,471",57% bullish,of 7 ratings,$40.50
BVSN,$6.0001,1440692433392,"12,740",60% bearish,of 5 ratings,N/A
BWEN,$3.24,1440692433524,"7,461",100% bullish,of 3 ratings,$8
BRKL,$10.64,1440692433572,"76,916",100% bearish,of 1 rating,$10.75
BRCD,$10.715,1440692433667,"1,085,930",92% bullish,of 13 ratings,$11.50
BRKS,$10.2,1440692433801,"35,669",67% bullish,of 3 ratings,$15.25
BYFC,NULL,1440692433826,0,50% bullish,of 2 ratings,N/A
BRKR,$18.73,1440692433955,"128,796",100% bearish,of 2 ratings,$22
BMTC,$29.05,1440692433983,"22,506",Not yet rated,NULL,$34
BLDR,$14.24,1440692434042,"291,215",50% bullish,of 2 ratings,$22
BWLD,$195.9025,1440692434175,"105,038",82% bullish,of 11 ratings,$205
BLMT,$20.69,1440692434204,"3,744",Not yet rated,NULL,N/A
BUR,$1.8,1440692434256,600,100% bearish,of 1 rating,$8
BSQR,$6.2,1440692434305,"23,396",67% bullish,of 3 ratings,N/A
CFFI,$35.38,1440692434436,500,100% bearish,of 1 rating,N/A
CHRW,$67.72,1440692434466,"381,269",Not yet rated,NULL,$72
CCMP,$43.65,1440692434577,"26,548",50% bullish,of 2 ratings,$59
CDNS,$19.74,1440692434796,"313,325",75% bullish,of 4 ratings,$22.50
CDZI,$7.67,1440692434827,"5,388",100% bearish,of 1 rating,N/A
CZR,$8.365,1440692434964,"1,592,865",60% bearish,of 5 ratings,$10.50
CACQ,$7.235,1440692434995,"35,253",100% bearish,of 1 rating,$12.25
PRSS,$4.45,1440692435016,"7,341",80% bullish,of 5 ratings,$4.50
CSTE,$41.13,1440692435042,"196,690",50% bullish,of 2 ratings,$65
CLBS,$1.35,1440692435071,"92,615",79% bullish,of 14 ratings,$4
CA,$27.07,1440692435097,"564,225",50% bullish,of 4 ratings,$33
CLMS,$10.64,1440692435338,"29,523",Not yet rated,NULL,$10.50
CHI,$10.62,1440692435364,"116,986",100% bearish,of 1 rating,N/A
CHY,$11.3,1440692435385,"96,190",Not yet rated,NULL,N/A
CHW,$7.62,1440692435536,"101,996",100% bearish,of 1 rating,N/A
CCD,$18.79,1440692435574,"98,663",Not yet rated,NULL,N/A
CFGE,$10.57,1440692435637,810,Not yet rated,NULL,N/A
CSQ,$9.911,1440692435740,"137,858",Not yet rated,NULL,N/A
CAMP,$15.93,1440692435765,"82,331",88% bullish,of 8 ratings,$25
CGO,$12.17,1440692435813,"13,878",100% bearish,of 1 rating,N/A
CFNB,$13.31,1440692435973,310,100% bearish,of 1 rating,N/A
CALA,$5.46,1440692436052,"334,753",100% bullish,of 3 ratings,$19.50
CVGW,$61.29,1440692436139,"78,532",50% bullish,of 2 ratings,$58.50
CALD,$15.65,1440692436165,"128,737",100% bearish,of 1 rating,$21
CLMT,$26.12,1440692436196,"134,461",75% bullish,of 8 ratings,$31
CALM,$50.38,1440692436223,"150,664",80% bullish,of 5 ratings,$65
ABCD,$5.27,1440692436294,"71,104",83% bullish,of 6 ratings,N/A
CAMB,$10.05,1440692436475,100,Not yet rated,NULL,N/A
CAMT,$2.62,1440692436538,"26,887",73% bullish,of 11 ratings,$4
CSIQ,$18.02,1440692436569,"997,664",86% bullish,of 28 ratings,$42.50
CAMBU,NULL,1440692436590,0,100% bearish,of 1 rating,N/A
CAMBW,NULL,1440692436669,0,Not yet rated,NULL,N/A
CAC,$40.43,1440692436726,"2,156",Not yet rated,NULL,N/A
CGIX,$10.23,1440692436755,"20,191",67% bullish,of 3 ratings,$14.375
CPHC,NULL,1440692436782,0,100% bearish,of 1 rating,N/A
CBNJ,$10.99,1440692437040,"10,584",100% bullish,of 1 rating,N/A
CPLA,$48.79,1440692437071,"59,601",67% bearish,of 3 ratings,$65
CCBG,$14.81,1440692437107,"4,082",Not yet rated,NULL,$17.25
CBF,$29.2,1440692437167,"29,350",Not yet rated,NULL,$32
CPLP,$6.81,1440692437197,"193,639",71% bullish,of 7 ratings,$11
CSWC,$45.47,1440692437267,"2,507",Not yet rated,NULL,N/A
CFFN,$12.0701,1440692437293,"143,313",Not yet rated,NULL,$12.75
CPTA,$13.8992,1440692437354,"16,001",100% bearish,of 1 rating,$18.50
CPST,$0.3646,1440692437569,"249,217",95% bullish,of 22 ratings,$1.25
CAPR,$4.3402,1440692437597,"8,214",Not yet rated,NULL,$12
CAPN,$2.32,1440692437629,"187,882",100% bullish,of 1 rating,$10.85
CAPNW,$0.6969,1440692437650,100,Not yet rated,NULL,N/A
CARA,$19.29,1440692437734,"66,980",50% bullish,of 4 ratings,$25
CARB,$11.43,1440692437795,"43,743",75% bullish,of 4 ratings,$12
CBYL,$5.21,1440692437879,"13,503",100% bearish,of 1 rating,$20
CRDC,$0.3316,1440692437906,"31,038",100% bullish,of 1 rating,$1.25
CRME,$8.84,1440692438071,"2,900",89% bullish,of 9 ratings,$11.25
CFNL,$22.13,1440692438142,"49,442",Not yet rated,NULL,$24
CSII,$23.75,1440692438202,"185,705",100% bearish,of 2 ratings,$42.125
CATM,$34.38,1440692438305,"71,312",100% bearish,of 1 rating,$44
CTRE,$11.5,1440692438332,"105,587",50% bullish,of 2 ratings,$13.50
CECO,$3.57,1440692438357,"126,042",67% bearish,of 3 ratings,$6
CDNA,$6.63,1440692438401,"2,900",100% bearish,of 1 rating,$9
CKEC,$23.64,1440692438426,"54,496",50% bullish,of 2 ratings,$35.915
CART,$5.35,1440692438565,100,100% bearish,of 1 rating,N/A
CARO,$15.5,1440692438670,802,100% bearish,of 1 rating,$19
CLBH,NULL,1440692438698,0,Not yet rated,NULL,$16.50
TAST,$12.7,1440692438842,"167,871",Not yet rated,NULL,$14.25
CRZO,$32.46,1440692438912,"534,443",67% bearish,of 3 ratings,$55.50
CRTN,$2.53,1440692439009,"2,560",100% bearish,of 1 rating,N/A
CARV,$7.06,1440692439034,464,50% bullish,of 2 ratings,N/A
CASM,$1.11,1440692439062,200,100% bullish,of 1 rating,$3.50
CACB,$5.3,1440692439199,"10,374",Not yet rated,NULL,$5.50
CWST,$6.08,1440692439230,"74,963",50% bullish,of 2 ratings,$7.25
CSCD,$14.99,1440692439274,"10,982",100% bullish,of 2 ratings,$17
CASY,$107.36,1440692439330,"66,362",50% bullish,of 2 ratings,$99.50
CASS,$49.1,1440692439489,"5,808",100% bearish,of 1 rating,N/A
CASI,$1.47,1440692439529,160,100% bullish,of 1 rating,$3.50
CPRX,$3.81,1440692439590,"472,125",71% bullish,of 7 ratings,$7
CATYW,NULL,1440692439798,0,100% bearish,of 1 rating,N/A
CATY,$29.51,1440692439825,"117,621",100% bearish,of 1 rating,$33.50
CATB,$11.91,1440692439848,"5,287",100% bearish,of 1 rating,$28
CAVM,$69.07,1440692439903,"119,973",67% bearish,of 3 ratings,$72
CBFV,$20.9366,1440692439983,"2,400",Not yet rated,NULL,$25
CVCO,$70.26,1440692440008,"6,579",100% bearish,of 1 rating,N/A
CNLM,NULL,1440692440039,0,Not yet rated,NULL,N/A
CNLMR,NULL,1440692440216,0,Not yet rated,NULL,N/A
CNLMU,NULL,1440692440243,0,100% bullish,of 1 rating,N/A
CNLMW,NULL,1440692440271,0,Not yet rated,NULL,N/A
CBOE,$63.13,1440692440399,"143,154",Not yet rated,NULL,$60
CDK,$48.98,1440692440458,"105,057",67% bearish,of 3 ratings,$50
CECE,$9.33,1440692440683,"20,923",50% bullish,of 2 ratings,$16
CDW,$40.19,1440692440734,"532,633",75% bullish,of 4 ratings,$44
CPXX,$2.06,1440692440760,"58,734",100% bullish,of 2 ratings,$7
CELG,$122.25,1440692440786,"1,546,720",92% bullish,of 13 ratings,$155.50
CLDN,$1.06,1440692440811,"77,166",71% bullish,of 7 ratings,$3
CELGZ,$1.69,1440692440917,"5,200",80% bullish,of 5 ratings,N/A
CLRB,$3.1078,1440692440999,331,100% bearish,of 1 rating,N/A
CLDX,$15.21,1440692441071,"592,223",89% bullish,of 9 ratings,$36
CLRBW,NULL,1440692441141,0,Not yet rated,NULL,N/A
CLLS,$32.71,1440692441237,"47,514",75% bullish,of 4 ratings,$51.50
CLSN,$1.99,1440692441269,"63,292",80% bullish,of 10 ratings,$7.50
CBMG,$22.73,1440692441370,"20,242",50% bullish,of 2 ratings,N/A
CLTX,$2.28,1440692441509,"210,247",100% bullish,of 2 ratings,N/A
CYAD,$49.53,1440692441542,"3,000",100% bullish,of 1 rating,$87.50
CEMP,$34.66,1440692441572,"212,184",71% bullish,of 7 ratings,$52
CETX,$2.38,1440692441641,"6,300",Not yet rated,NULL,$5.60
CSFL,$13.75,1440692441673,"72,144",Not yet rated,NULL,$15
CETV,$2.11,1440692441769,"46,948",67% bullish,of 3 ratings,$2.80
CENTA,$12.44,1440692441924,"103,332",Not yet rated,NULL,N/A
CFBK,$1.371,1440692442101,100,Not yet rated,NULL,N/A
CNTY,$5.72,1440692442147,"20,250",80% bullish,of 5 ratings,$7.75
CVCY,$11.25,1440692442181,"2,000",Not yet rated,NULL,$12
CENT,$12,1440692442202,"69,997",Not yet rated,NULL,$10
CNBKA,$41.7,1440692442236,496,50% bullish,of 2 ratings,N/A
CENX,$5.2999,1440692442279,"1,349,759",67% bullish,of 6 ratings,$9
CRNT,$1.36,1440692442343,"40,680",50% bullish,of 2 ratings,$2
CPHD,$48.94,1440692442368,"142,215",67% bearish,of 3 ratings,$66.50
CERE,$1.15,1440692442630,"107,987",88% bullish,of 8 ratings,N/A
CERN,$62.15,1440692442676,"471,076",67% bullish,of 3 ratings,$79
CERU,$3.5201,1440692442712,"4,128",75% bullish,of 4 ratings,$15
CERS,$4.93,1440692442857,"269,739",75% bullish,of 4 ratings,$7
CYOU,$20.69,1440692442882,"50,734",50% bullish,of 6 ratings,$24
CEVA,$18.35,1440692442908,"18,219",100% bearish,of 1 rating,$25
KOOL,$0.6273,1440692443042,200,100% bullish,of 5 ratings,$7
HOTR,$1.52,1440692443078,"68,633",100% bullish,of 2 ratings,$5
HOTRW,NULL,1440692443105,0,Not yet rated,NULL,N/A
GTLS,$23.14,1440692443134,"116,069",50% bullish,of 4 ratings,$40
CTHR,$1.27,1440692443160,"9,109",50% bullish,of 2 ratings,$2.50
CHKP,$80.2,1440692443350,"407,949",50% bullish,of 4 ratings,$92
CHFN,$12.5,1440692443380,"5,220",Not yet rated,NULL,$14
CHTR,$182.34,1440692443428,"227,968",100% bearish,of 2 ratings,$196
CHEKW,NULL,1440692443481,0,Not yet rated,NULL,N/A
CHEK,$2.09,1440692443506,"5,978",Not yet rated,NULL,$7.75
CEMI,$3.947,1440692443797,"4,354",50% bullish,of 2 ratings,$7.50
CHMG,$26.07,1440692443851,100,Not yet rated,NULL,$30
CHKE,$25.91,1440692443877,"7,501",100% bearish,of 1 rating,$32.50
CHFC,$31.67,1440692443951,"16,473",100% bearish,of 1 rating,$36
CHMA,$25.93,1440692444010,"44,229",Not yet rated,NULL,$40
CCXI,$6.91,1440692444036,"13,988",67% bullish,of 3 ratings,$14
CBNK,NULL,1440692444080,0,100% bearish,of 1 rating,N/A
CHEV,$14.29,1440692444161,200,Not yet rated,NULL,N/A
CMRX,$50.67,1440692444214,"81,731",50% bullish,of 2 ratings,$57
PLCE,$58.75,1440692444264,"106,104",100% bearish,of 1 rating,$69
CADC,NULL,1440692444395,0,78% bullish,of 9 ratings,N/A
CAAS,$6.18,1440692444600,"15,914",93% bullish,of 14 ratings,$11.50
CALI,$0.9455,1440692444626,"1,620",67% bullish,of 3 ratings,N/A
CBPO,$99.11,1440692444659,"84,749",75% bullish,of 8 ratings,$140.50
CBAK,$1.94,1440692444754,"15,994",67% bullish,of 9 ratings,N/A
CCCL,$0.765,1440692444780,"23,015",100% bullish,of 6 ratings,N/A
JRJC,$3.52,1440692444848,"103,605",82% bullish,of 11 ratings,N/A
HGSH,$1.6732,1440692444982,"10,858",67% bullish,of 3 ratings,N/A
CHLN,$2.1027,1440692445031,"6,901",67% bullish,of 3 ratings,N/A
CNIT,$1.41,1440692445163,"32,900",67% bullish,of 6 ratings,N/A
CCCR,$0.7834,1440692445196,"16,369",67% bearish,of 3 ratings,N/A
CHOP,$1.28,1440692445220,600,50% bullish,of 2 ratings,N/A
CJJD,$1.82,1440692445250,"21,755",100% bullish,of 1 rating,N/A
CHNR,$1.71,1440692445295,16,100% bearish,of 1 rating,N/A
HTHT,$25.7,1440692445393,"68,595",50% bullish,of 2 ratings,$28.40
CREG,$0.67,1440692445423,"8,200",100% bullish,of 3 ratings,N/A
CPGI,$6.861,1440692445619,"1,022",Not yet rated,NULL,N/A
CSUN,$1.44,1440692445841,"28,529",80% bullish,of 5 ratings,N/A
CNET,$0.822,1440692445869,"185,566",50% bullish,of 2 ratings,N/A
CNTF,$0.764,1440692445890,"83,546",Not yet rated,NULL,N/A
CXDC,$5.93,1440692445910,"30,017",67% bearish,of 3 ratings,N/A
IMOS,$17.23,1440692446063,"69,135",60% bullish,of 5 ratings,$21.50
CNYD,$3.48,1440692446128,"19,586",67% bullish,of 3 ratings,N/A
CHSCL,$27.0601,1440692446156,"4,836",Not yet rated,NULL,N/A
CHSCN,$26.7301,1440692446194,"1,851",Not yet rated,NULL,N/A
CHSCO,$28.1604,1440692446287,"1,880",Not yet rated,NULL,N/A
CCIH,$6.77,1440692446312,"114,875",67% bullish,of 6 ratings,$12.65
CHSCM,$26.11,1440692446363,"7,857",Not yet rated,NULL,N/A
CHSCP,$30.42,1440692446451,"3,025",Not yet rated,NULL,N/A
CHUY,$30.67,1440692446545,"60,324",50% bullish,of 2 ratings,$34
CDTX,$14.05,1440692446747,"7,609",Not yet rated,NULL,$22
CIFC,$7.3,1440692446832,992,100% bearish,of 1 rating,N/A
CHDN,$134.95,1440692446857,"11,611",Not yet rated,NULL,$165
CMCT,$15.551,1440692446993,142,100% bearish,of 1 rating,N/A
CMPR,$69.73,1440692447020,"106,693",50% bullish,of 2 ratings,$72.50
CPHR,$5.5601,1440692447041,"2,150",100% bearish,of 1 rating,$17
CINF,$52.91,1440692447190,"141,640",50% bullish,of 4 ratings,$50.50
CIDM,$0.5827,1440692447215,"12,812",50% bullish,of 2 ratings,$2.10
CTAS,$85.43,1440692447347,"129,594",100% bearish,of 1 rating,$91
CRUS,$29.79,1440692447399,"515,952",75% bullish,of 12 ratings,$44.50
CTRN,$27.05,1440692447431,"12,150",100% bearish,of 1 rating,$31.50
CZNC,$19.7845,1440692447538,"6,000",Not yet rated,NULL,N/A
CZWI,NULL,1440692447566,0,Not yet rated,NULL,N/A
CSCO,$25.85,1440692447745,"7,220,937",84% bullish,of 209 ratings,$32
CZFC,NULL,1440692447852,0,Not yet rated,NULL,N/A
CIZN,NULL,1440692447882,0,Not yet rated,NULL,N/A
CHCO,$47.23,1440692447959,"7,808",Not yet rated,NULL,$46
CTXS,$69.24,1440692447984,"466,754",86% bullish,of 7 ratings,$80
CIVB,$10.206,1440692448012,"1,264",Not yet rated,NULL,$11
CIVBP,NULL,1440692448037,0,Not yet rated,NULL,N/A
CLNT,$1.3501,1440692448256,"11,702",75% bullish,of 8 ratings,N/A
CLFD,$16.7,1440692448357,"15,883",67% bullish,of 3 ratings,$18
CLNE,$4.76,1440692448407,"628,840",80% bullish,of 15 ratings,$9
CLIR,$4.783,1440692448438,"18,838",100% bullish,of 3 ratings,N/A
CLRO,$11.47,1440692448464,818,50% bullish,of 2 ratings,$14.25
CDTI,$1.62,1440692448511,"70,747",75% bullish,of 4 ratings,$3.20
CBLI,$3.72,1440692448536,"11,056",60% bullish,of 5 ratings,N/A
CSBK,$13.7,1440692448809,"31,053",Not yet rated,NULL,N/A
CLVS,$76.105,1440692448836,"158,780",60% bullish,of 5 ratings,$101.50
CME,$92.86,1440692448883,"379,559",67% bullish,of 3 ratings,$102
CCNE,$16.8955,1440692448915,"2,610",50% bullish,of 2 ratings,$21.50
CISG,$7.66,1440692448936,"19,922",100% bullish,of 5 ratings,$10
CMFN,$11.24,1440692449015,"15,573",100% bearish,of 1 rating,$15.50
CNV,$4.51,1440692449071,"14,718",50% bullish,of 2 ratings,$7.15
CWAY,$11.29,1440692449172,100,Not yet rated,NULL,N/A
COBZ,$12.97,1440692449388,"19,199",100% bullish,of 1 rating,$14
CDRB,$12.85,1440692449418,"3,242",67% bullish,of 3 ratings,N/A
COKE,$157,1440692449520,"8,317",79% bullish,of 19 ratings,N/A
CVLY,$20.56,1440692449549,424,Not yet rated,NULL,N/A
CDXS,$3.52,1440692449575,"5,675",64% bullish,of 11 ratings,$6
JVA,$4.59,1440692449648,"11,380",83% bullish,of 6 ratings,$7
CCOI,$27.59,1440692449711,"114,847",50% bullish,of 4 ratings,$35
CTSH,$63.49,1440692449741,"917,657",90% bullish,of 10 ratings,$75
CGNX,$35.27,1440692449874,"172,309",50% bullish,of 2 ratings,$47
CGNT,$1.5,1440692449900,"17,905",100% bullish,of 2 ratings,$2
CHRS,$28,1440692450031,"69,066",67% bearish,of 3 ratings,$37
COHU,$9.56,1440692450102,"35,746",100% bearish,of 1 rating,$14.25
CLRX,$0.555,1440692450128,"19,521",50% bullish,of 2 ratings,N/A
COHR,$56.43,1440692450202,"35,998",50% bullish,of 2 ratings,$72
CLCT,$18.6899,1440692450302,"7,743",100% bearish,of 1 rating,N/A
COLL,$14.98,1440692450370,"18,158",100% bearish,of 1 rating,$26
CLCD,$6.49,1440692450503,"18,532",100% bearish,of 1 rating,$20.50
CBAN,NULL,1440692450540,0,Not yet rated,NULL,N/A
CIGI,$43.7358,1440692450566,"1,060",100% bearish,of 1 rating,$52
CMCO,$18.41,1440692450635,"34,214",60% bullish,of 5 ratings,$28
COLM,$61.82,1440692450668,"32,589",100% bearish,of 1 rating,$71
CMCSA,$56.64,1440692450774,"2,895,643",66% bullish,of 35 ratings,$69.50
CBMX,$1.1409,1440692450829,"9,142",83% bullish,of 6 ratings,$3.15
COLB,$30.15,1440692450904,"53,218",Not yet rated,NULL,$36
CMCSK,$57.39,1440692451043,"839,681",Not yet rated,NULL,$84
CBSH,$44.67,1440692451068,"57,823",50% bullish,of 2 ratings,$46
CBSHP,$25.36,1440692451206,122,100% bearish,of 1 rating,N/A
CVGI,$4.95,1440692451275,"28,259",50% bullish,of 2 ratings,$6
CUBN,NULL,1440692451342,0,Not yet rated,NULL,N/A
CSAL,$20.81,1440692451378,"112,541",75% bullish,of 4 ratings,$30
COMM,$30.98,1440692451399,"368,556",67% bearish,of 3 ratings,$35
ESXB,$5.0611,1440692451474,"1,400",Not yet rated,NULL,N/A
CYHHZ,$0.011,1440692451533,"22,172",100% bullish,of 1 rating,N/A
JCS,NULL,1440692451558,0,67% bullish,of 3 ratings,N/A
CTBI,$34.45,1440692451788,"7,349",Not yet rated,NULL,$36
CWBC,$6.74,1440692451861,204,Not yet rated,NULL,N/A
CVLT,$36.15,1440692451891,"153,939",75% bullish,of 4 ratings,$44.50
CIL,$33.77,1440692451966,200,Not yet rated,NULL,N/A
CID,$33.74,1440692451989,200,Not yet rated,NULL,N/A
COB,$10.32,1440692452018,"5,057",100% bullish,of 1 rating,$11.75
CIZ,$33.52,1440692452042,"1,168",100% bearish,of 1 rating,N/A
CSF,$36.37,1440692452283,"1,994",100% bearish,of 1 rating,N/A
CSA,NULL,1440692452312,0,Not yet rated,NULL,N/A
CFA,$35.6786,1440692452340,"13,651",100% bearish,of 1 rating,N/A
CDC,$34.5947,1440692452370,"4,204",Not yet rated,NULL,N/A
CFO,$35.63,1440692452393,"3,919",100% bearish,of 1 rating,N/A
CDL,NULL,1440692452472,0,Not yet rated,NULL,N/A
CGEN,$4.96,1440692452614,"31,643",50% bullish,of 2 ratings,$11
CSB,NULL,1440692452639,0,Not yet rated,NULL,N/A
CPSI,$45.53,1440692452664,"25,001",100% bearish,of 1 rating,$45.50
CTG,$6.45,1440692452959,"9,110",100% bearish,of 1 rating,$8.50
CNSI,$18.96,1440692452984,"23,631",100% bearish,of 2 ratings,$29
CHCI,$0.7327,1440692453010,"6,530",50% bullish,of 2 ratings,N/A
CNCE,$15.48,1440692453055,"52,855",75% bullish,of 4 ratings,$22
CXRX,$74.51,1440692453082,"2,300",100% bearish,of 1 rating,$90
CNAT,$3.64,1440692453143,"42,344",83% bullish,of 6 ratings,$13
CCUR,$4.58,1440692453410,"31,307",75% bullish,of 4 ratings,N/A
CMTL,$25.45,1440692453442,"33,204",100% bearish,of 2 ratings,$37
SCOR,$53.99,1440692453490,"67,386",100% bearish,of 1 rating,$66
CDOR,$1.28,1440692453516,100,100% bullish,of 1 rating,N/A
CDORO,$17,1440692453536,162,100% bearish,of 1 rating,N/A
CDORP,NULL,1440692453571,0,100% bearish,of 1 rating,N/A
CFMS,$20.12,1440692453672,"95,032",Not yet rated,NULL,$27
CNMD,$53.1,1440692453936,"41,964",Not yet rated,NULL,$59
CNXR,$6.38,1440692453973,"15,805",100% bearish,of 1 rating,$12
CTWS,$34.54,1440692454001,"5,574",100% bearish,of 1 rating,$44
CNFR,$10.4644,1440692454022,"1,112",Not yet rated,NULL,N/A
CNOB,$19.3,1440692454063,"11,170",100% bullish,of 1 rating,$23.50
CNSL,$19.37,1440692454088,"42,228",100% bearish,of 1 rating,$23
CONN,$30.89,1440692454385,"143,929",67% bullish,of 3 ratings,$48.50
CFRXZ,NULL,1440692454477,0,Not yet rated,NULL,N/A
CFRX,$5.01,1440692454517,"5,900",Not yet rated,NULL,$14
CFRXW,$1.64,1440692454554,"1,229",100% bearish,of 1 rating,N/A
CTCT,$24.45,1440692454604,"67,155",67% bullish,of 3 ratings,$37
CWCO,$10.5,1440692454649,"28,855",67% bullish,of 3 ratings,$14.50
CPSS,$5.7,1440692454678,"11,470",100% bullish,of 1 rating,$10
CTRV,$3.5515,1440692454783,613,Not yet rated,NULL,$6.40
CTRL,$8.24,1440692454967,"72,206",50% bullish,of 2 ratings,$11
CPRT,$34.46,1440692455134,"58,618",67% bearish,of 3 ratings,$40
CORT,$5.06,1440692455162,"92,752",67% bullish,of 3 ratings,$12
CRBP,$1.975,1440692455229,"242,114",100% bullish,of 2 ratings,$6.25
CORE,$59.16,1440692455292,"23,008",100% bearish,of 1 rating,$72
CORI,$10.35,1440692455318,"8,914",100% bearish,of 1 rating,$18
CSOD,$35.72,1440692455341,"236,664",50% bullish,of 2 ratings,$42
BVA,NULL,1440692455369,0,50% bullish,of 2 ratings,N/A
CRVL,$31.3301,1440692455624,"6,668",100% bearish,of 1 rating,N/A
COST,$140.24,1440692455726,"628,354",79% bullish,of 24 ratings,$154.50
CSGP,$179.9,1440692455756,"37,097",50% bullish,of 2 ratings,$235
COSI,$1.18,1440692455781,"65,743",100% bullish,of 1 rating,N/A
CVTI,$22.93,1440692455819,"34,902",67% bearish,of 3 ratings,$39
CPAH,$0.47,1440692455849,"3,779",50% bullish,of 2 ratings,N/A
ICBK,NULL,1440692455881,0,Not yet rated,NULL,$21
COVS,$2.63,1440692455951,"24,216",67% bullish,of 3 ratings,N/A
CPSH,$2.24,1440692456238,"1,800",Not yet rated,NULL,N/A
COWNL,NULL,1440692456265,0,Not yet rated,NULL,N/A
CRAI,$21.81,1440692456286,"13,533",100% bearish,of 1 rating,$36
BREW,$7.63,1440692456416,"13,095",67% bullish,of 6 ratings,$15
CBRL,$146.28,1440692456445,"69,788",50% bullish,of 2 ratings,$155
COWN,$5.09,1440692456470,"277,195",75% bullish,of 4 ratings,$7
CACC,$196.5,1440692456501,"32,995",50% bullish,of 2 ratings,$158.50
CRAY,$20.5,1440692456575,"88,314",83% bullish,of 6 ratings,$38.50
GLDI,$10.95,1440692456707,"5,474",100% bearish,of 1 rating,N/A
CRESY,$10.31,1440692456776,"10,774",100% bearish,of 1 rating,$19
CREE,$26.59,1440692456874,"416,393",65% bullish,of 17 ratings,$29.50
CROX,$13.99,1440692456907,"294,029",63% bullish,of 8 ratings,$16.50
CRTO,$45.21,1440692456935,"120,067",67% bullish,of 6 ratings,$64
SLVO,$9.99,1440692456956,"14,033",100% bearish,of 1 rating,N/A
CRDS,$1.05,1440692457012,"63,500",50% bullish,of 4 ratings,$4.50
CCRN,$14,1440692457101,"63,123",100% bearish,of 1 rating,$14.25
CYRX,$2.9499,1440692457301,"11,464",Not yet rated,NULL,$9
CRWS,$8.1,1440692457364,"5,123",Not yet rated,NULL,$10
CRWN,$4.44,1440692457392,"18,604",75% bullish,of 4 ratings,N/A
CYRXW,$0.869,1440692457434,"2,900",Not yet rated,NULL,N/A
CSGS,$30.49,1440692457531,"86,800",Not yet rated,NULL,$40
CCLP,$14.109,1440692457581,"19,662",67% bearish,of 3 ratings,$20
CSPI,NULL,1440692457635,0,67% bullish,of 3 ratings,N/A
CTIB,$3.55,1440692457712,"3,299",100% bearish,of 1 rating,N/A
CTIC,$1.59,1440692457740,"668,543",84% bullish,of 76 ratings,$5.75
CTRP,$69.365,1440692457940,"1,064,735",75% bullish,of 8 ratings,$92
CUNB,$20.96,1440692457989,"3,582",Not yet rated,NULL,$24.50
CUI,$5.05,1440692458042,"8,178",50% bullish,of 2 ratings,$10
CMLS,$1.4264,1440692458171,"128,945",50% bullish,of 4 ratings,$6
CPIX,$6.07,1440692458200,"1,400",Not yet rated,NULL,N/A
CRIS,$2.47,1440692458303,"107,330",100% bullish,of 8 ratings,$6
CTCM,$1.739,1440692458385,"110,094",80% bearish,of 5 ratings,$3.90
CUTR,$14.34,1440692458434,"33,539",67% bearish,of 3 ratings,$18
CVBF,$16.09,1440692458463,"88,787",Not yet rated,NULL,$18
CVV,$10.89,1440692458490,"3,561",100% bullish,of 5 ratings,N/A
CYAN,$7.36,1440692458567,"4,102",100% bearish,of 1 rating,N/A
CYBR,$51.78,1440692458728,"554,921",75% bullish,of 8 ratings,$66
CYBX,$66.9,1440692458757,"107,279",50% bullish,of 4 ratings,$71.50
CYBE,$6.2,1440692458795,"13,310",100% bearish,of 1 rating,N/A
CYCC,$0.5299,1440692458920,"13,213",73% bullish,of 11 ratings,N/A
CYCCP,NULL,1440692458950,0,100% bearish,of 1 rating,N/A
CYNA,$16.09,1440692459057,"6,467",100% bullish,of 1 rating,$31.50
CBAY,$2.62,1440692459087,"23,756",100% bullish,of 1 rating,$4
CYNO,$31.45,1440692459252,"105,652",67% bearish,of 3 ratings,$45.50
CY,$9.84,1440692459311,"1,707,038",80% bullish,of 10 ratings,$15.50
CYRN,$1.717,1440692459342,"7,550",67% bullish,of 3 ratings,$4
CYTK,$6.8,1440692459367,"55,588",71% bullish,of 14 ratings,$13.50
CONE,$31.8,1440692459392,"154,562",67% bearish,of 3 ratings,$35.50
CYTX,$0.3095,1440692459440,"1,293,431",83% bullish,of 12 ratings,$5.50
CTSO,$6.48,1440692459530,"17,470",Not yet rated,NULL,$15.625
CYTR,$2.32,1440692459635,"226,512",67% bullish,of 6 ratings,$10
TVIZ,$16.7,1440692459663,"6,742",100% bearish,of 1 rating,N/A
DAEG,$0.35,1440692459799,100,100% bearish,of 1 rating,N/A
ZIV,$42.79,1440692459827,"61,899",Not yet rated,NULL,N/A
TVIX,$11.58,1440692459903,"6,156,896",81% bullish,of 16 ratings,N/A
XIV,$29.05,1440692460002,"12,868,127",75% bearish,of 4 ratings,N/A
DARA,$0.8351,1440692460104,"41,389",83% bullish,of 6 ratings,$1.50
DJCO,$196.33,1440692460136,360,Not yet rated,NULL,N/A
DAKT,$8.55,1440692460157,"173,189",50% bullish,of 2 ratings,$14
DTLK,$5.76,1440692460242,"23,144",100% bearish,of 1 rating,$9
DAIO,$2.73,1440692460333,504,Not yet rated,NULL,N/A
DRAM,$1.2198,1440692460362,"20,028",78% bullish,of 9 ratings,N/A
DWCH,$5.01,1440692460439,"15,114",75% bullish,of 4 ratings,$8.25
PLAY,$34.98,1440692460586,"120,347",100% bullish,of 5 ratings,$42
DTEA,$12.87,1440692460611,"22,882",100% bearish,of 2 ratings,$24
DBVT,$41.22,1440692460645,"91,114",100% bearish,of 1 rating,$53
DWSN,$4.27,1440692460670,"3,890",67% bullish,of 3 ratings,N/A
TRAK,$62.81,1440692460750,"137,144",50% bullish,of 2 ratings,$62.50
DHRM,$1.5,1440692460884,"9,400",Not yet rated,NULL,N/A
DFRG,$14.54,1440692461050,"37,416",100% bearish,of 1 rating,$20
TACO,$13.1,1440692461076,"55,028",75% bullish,of 4 ratings,$20
DGAS,$20.19,1440692461105,642,67% bearish,of 3 ratings,N/A
DCTH,$0.3901,1440692461131,"72,429",78% bullish,of 9 ratings,N/A
TACOW,$4,1440692461207,600,100% bullish,of 1 rating,N/A
DELTW,NULL,1440692461363,0,Not yet rated,NULL,N/A
DENN,$11.59,1440692461579,"100,827",100% bullish,of 3 ratings,$15
DELT,$2.7,1440692461636,"2,000",Not yet rated,NULL,N/A
XRAY,$53.17,1440692461900,"133,892",100% bullish,of 1 rating,$58
DEPO,$28.95,1440692462002,"187,682",60% bullish,of 5 ratings,$29
DERM,$25.83,1440692462322,"45,089",100% bearish,of 1 rating,$33.50
DSCI,$5.99,1440692462402,"32,980",50% bullish,of 2 ratings,$16
DSWL,NULL,1440692462478,0,100% bullish,of 1 rating,N/A
DEST,$11.33,1440692462504,"43,364",50% bullish,of 2 ratings,N/A
DXCM,$94.66,1440692462533,"259,166",57% bullish,of 7 ratings,$98
DXM,$0.27,1440692462558,"137,412",50% bullish,of 2 ratings,N/A
DXLG,$5.28,1440692462633,"104,459",100% bearish,of 1 rating,$8
FANG,$66.79,1440692462717,"308,805",50% bullish,of 2 ratings,$86.50
DHXM,NULL,1440692462850,0,Not yet rated,NULL,N/A
DCIX,$1.72,1440692462887,"66,633",50% bullish,of 4 ratings,$3.50
DHIL,$191.87,1440692462941,560,Not yet rated,NULL,N/A
DRNA,$10.63,1440692462978,"21,088",67% bearish,of 3 ratings,$25
DMND,$28.7,1440692463005,"144,969",75% bullish,of 12 ratings,$32
DGII,$9.63,1440692463073,"18,846",100% bearish,of 1 rating,$10
DRAD,$3.675,1440692463136,"7,912",100% bullish,of 1 rating,$5.25
DMRC,$34.88,1440692463201,"13,282",100% bearish,of 1 rating,$44
DCOM,$16.88,1440692463523,"68,713",100% bearish,of 2 ratings,$16.50
DGLY,$8.0121,1440692463553,"116,790",50% bullish,of 6 ratings,$20
DIOD,$19.9,1440692463575,"40,187",75% bearish,of 4 ratings,$24
DISCB,NULL,1440692463603,0,100% bearish,of 1 rating,$35
APPS,$2.34,1440692463704,"30,316",100% bearish,of 1 rating,$10.25
DISCA,$26.985,1440692463733,"526,490",67% bullish,of 3 ratings,$34
DPRX,$12.58,1440692463777,"2,606",100% bullish,of 2 ratings,$27.75
DSCO,$0.3651,1440692463839,"165,949",83% bullish,of 6 ratings,$2.75
DISH,$59.68,1440692463915,"435,600",69% bullish,of 13 ratings,$73
DISCK,$25.48,1440692463944,"197,922",100% bearish,of 1 rating,$32
DVCR,$11.19,1440692463982,902,100% bullish,of 1 rating,N/A
BAGR,$2.7799,1440692464165,"20,134",100% bearish,of 1 rating,$6
DLHC,$2.4805,1440692464196,"1,534",100% bearish,of 1 rating,N/A
DNBF,$26.3,1440692464302,200,Not yet rated,NULL,$27.50
DLTR,$76.98,1440692464450,"1,918,697",82% bullish,of 11 ratings,$88
DGICB,NULL,1440692464491,0,100% bearish,of 1 rating,N/A
DGICA,$14.26,1440692464518,"4,922",100% bearish,of 1 rating,$17
DMLP,$14.4046,1440692464546,"21,845",100% bearish,of 1 rating,N/A
HILL,$9.68,1440692464576,"345,119",60% bearish,of 5 ratings,$9.75
DORM,$51.2,1440692464676,"35,798",100% bearish,of 1 rating,$56
DRWI,$0.2167,1440692464816,"31,496",60% bullish,of 5 ratings,$.45
DSKX,$3.2875,1440692464916,"32,553",100% bullish,of 1 rating,N/A
DRWIW,$0.049,1440692464944,400,Not yet rated,NULL,N/A
DWA,$20.22,1440692464974,"281,784",63% bullish,of 8 ratings,$26
DRYS,$0.4186,1440692465001,"2,868,421",77% bullish,of 31 ratings,$.60
DSPG,$8.83,1440692465077,"16,838",100% bearish,of 1 rating,$13.50
CADT,NULL,1440692465131,0,Not yet rated,NULL,N/A
CADTR,$0.2,1440692465518,"10,500",Not yet rated,NULL,N/A
DXPE,$26.64,1440692465543,"232,402",50% bullish,of 2 ratings,N/A
CADTW,NULL,1440692465571,0,Not yet rated,NULL,N/A
CADTU,NULL,1440692465603,0,Not yet rated,NULL,N/A
DTSI,$26.65,1440692465703,"15,308",100% bearish,of 2 ratings,$39.50
DNKN,$51.68,1440692465733,"229,934",67% bullish,of 15 ratings,$56.50
BOOM,$9.37,1440692465798,"23,636",67% bullish,of 3 ratings,$12
DRRX,$2.05,1440692465831,"64,471",50% bullish,of 6 ratings,$3
DYAX,$24.11,1440692465931,"324,736",89% bullish,of 9 ratings,$30
DYSL,$1.49,1440692465960,"35,340",100% bullish,of 2 ratings,N/A
DYNT,$3,1440692465991,"7,747",75% bullish,of 4 ratings,N/A
EBMT,$12.4592,1440692466162,497,Not yet rated,NULL,$13.50
DVAX,$28.63,1440692466190,"121,718",70% bullish,of 10 ratings,$40
EGLE,$6.59,1440692466343,"5,764",60% bullish,of 5 ratings,N/A
EGBN,$41.88,1440692466397,"21,033",Not yet rated,NULL,$48
EGRX,$82.6156,1440692466475,"169,108",67% bullish,of 3 ratings,$97
ETFC,$26.46,1440692466560,"1,430,491",57% bullish,of 14 ratings,$32.50
ELNK,$8.515,1440692466614,"175,319",60% bullish,of 5 ratings,$9.50
EROC,$1.41,1440692466744,"195,577",50% bullish,of 2 ratings,$3
EWBC,$40.045,1440692466775,"263,218",100% bearish,of 1 rating,$50
EVBS,NULL,1440692466807,0,Not yet rated,NULL,$7
EBAY,$27.08,1440692466835,"4,493,591",81% bullish,of 117 ratings,$48
EML,$16.73,1440692466909,"1,102",Not yet rated,NULL,N/A
EACQU,NULL,1440692466983,0,Not yet rated,NULL,N/A
ELON,$0.535,1440692467086,"31,807",50% bullish,of 2 ratings,N/A
EBIX,$28.5,1440692467171,"130,803",69% bullish,of 13 ratings,$40
ECHO,$23.39,1440692467230,"103,571",67% bearish,of 3 ratings,$35.50
SATS,$44.74,1440692467330,"16,949",50% bullish,of 2 ratings,$60
ECTE,$1.53,1440692467494,"1,334",75% bullish,of 4 ratings,N/A
EEI,$11.32,1440692467578,"3,250",67% bearish,of 3 ratings,N/A
ECACU,$10.06,1440692467623,100,Not yet rated,NULL,N/A
ESES,$3.43,1440692467648,500,100% bearish,of 1 rating,$7
EDAP,$3.5601,1440692467675,"83,631",60% bullish,of 5 ratings,$4.50
EDGW,$6.66,1440692467707,474,100% bearish,of 1 rating,N/A
EDUC,$5.24,1440692467808,"6,220",100% bearish,of 1 rating,N/A
EFUT,$4.32,1440692467941,"2,600",Not yet rated,NULL,N/A
EGAN,$3.43,1440692468029,"31,890",50% bullish,of 2 ratings,$6.25
EHTH,$14.06,1440692468322,"25,478",50% bullish,of 4 ratings,$16.50
EGLT,$10.42,1440692468530,"15,889",50% bullish,of 2 ratings,$21
LOCO,$12.659,1440692468562,"406,395",69% bullish,of 13 ratings,$20
EMITF,$1.2499,1440692468592,"2,694",75% bullish,of 4 ratings,N/A
ERI,$9.57,1440692468617,"24,313",100% bearish,of 1 rating,$10
ELRC,$10.37,1440692468642,"12,831",100% bearish,of 1 rating,N/A
ESIO,$4.22,1440692468671,"40,950",50% bullish,of 2 ratings,$10
ESLT,$76.8146,1440692468700,"2,168",67% bullish,of 3 ratings,N/A
EFII,$43.97,1440692468803,"62,152",80% bullish,of 5 ratings,$55
EA,$67.43,1440692468981,"627,227",77% bullish,of 35 ratings,$80
ELEC,NULL,1440692469041,0,Not yet rated,NULL,N/A
ELSE,$4.01,1440692469071,"1,097",60% bullish,of 5 ratings,N/A
EBIO,$3.6118,1440692469112,"217,007",100% bearish,of 2 ratings,$8.35
ELECW,NULL,1440692469170,0,Not yet rated,NULL,N/A
ELECU,NULL,1440692469214,0,Not yet rated,NULL,N/A
RDEN,$10.61,1440692469438,"15,590",100% bearish,of 4 ratings,$15
ESBK,$19.62,1440692469502,340,Not yet rated,NULL,N/A
LONG,$17.08,1440692469529,"29,962",67% bullish,of 3 ratings,$15.75
CAPX,$22.751,1440692469567,"4,100",Not yet rated,NULL,N/A
EMCF,NULL,1440692469605,0,100% bearish,of 1 rating,N/A
EMCI,$23.2,1440692469709,"8,482",Not yet rated,NULL,N/A
ELTK,$1.2101,1440692469780,"83,766",67% bearish,of 3 ratings,N/A
EMKR,$6.97,1440692469838,"19,516",75% bullish,of 4 ratings,$8.50
EMMS,$1.1476,1440692469946,"10,400",83% bullish,of 6 ratings,N/A
EMMSP,NULL,1440692470053,0,100% bearish,of 1 rating,N/A
NYNY,$4.21,1440692470078,"7,879",50% bullish,of 2 ratings,N/A
ERS,$2.87,1440692470242,"1,700",Not yet rated,NULL,N/A
ENTA,$41.97,1440692470375,"53,466",50% bullish,of 2 ratings,$42
ECPG,$39.35,1440692470446,"50,855",100% bullish,of 2 ratings,$52
ENDP,$79.085,1440692470525,"345,566",50% bullish,of 6 ratings,$104
ECYT,$5.16,1440692470550,"55,062",83% bullish,of 6 ratings,$12
ELGX,$12.95,1440692470597,"131,821",75% bullish,of 4 ratings,$17
EFOI,$22.12,1440692470686,"724,994",50% bullish,of 2 ratings,$20.50
WIRE,$31.04,1440692470741,"30,312",100% bearish,of 1 rating,$37
EIGI,$15.425,1440692470815,"119,974",67% bearish,of 3 ratings,$22.50
WATT,$6.312,1440692470904,"26,515",50% bullish,of 2 ratings,$13
ERII,$2.69,1440692471096,"15,369",80% bullish,of 5 ratings,$2.50
ENOC,$8.53,1440692471197,"42,205",75% bullish,of 4 ratings,$18
ENPH,$4.68,1440692471301,"261,724",75% bullish,of 4 ratings,$11
EXXI,$1.6525,1440692471393,"1,050,461",86% bullish,of 7 ratings,$3.50
ENFC,NULL,1440692471420,0,Not yet rated,NULL,N/A
ENTG,$13.74,1440692471446,"129,047",100% bearish,of 1 rating,$18
ESGR,$146.21,1440692471472,"2,945",100% bearish,of 1 rating,$185
ETRM,$0.265,1440692471607,"429,409",69% bearish,of 35 ratings,$1.625
ENTL,$22.04,1440692471638,"3,008",Not yet rated,NULL,$28
ENG,$0.9994,1440692471659,"3,910",100% bullish,of 3 ratings,N/A
EBTC,$21.169,1440692471742,"1,980",Not yet rated,NULL,N/A
EFSC,$23.705,1440692471797,"20,774",Not yet rated,NULL,$27
ENVI,$1.89,1440692471971,"32,829",67% bullish,of 3 ratings,N/A
ENZN,$1.05,1440692472001,"363,548",100% bullish,of 9 ratings,N/A
EGT,$1.94,1440692472026,106,100% bullish,of 1 rating,N/A
EPIQ,$13.01,1440692472166,"20,116",100% bearish,of 1 rating,$18
ENZY,$9.19,1440692472226,"2,577",67% bullish,of 3 ratings,$9.50
EPRS,$4.86,1440692472295,"41,436",82% bullish,of 11 ratings,$15
EPZM,$17.58,1440692472322,"118,756",60% bullish,of 5 ratings,$34
PLUS,$75.01,1440692472379,"29,039",50% bullish,of 2 ratings,$88
EQFN,NULL,1440692472465,0,100% bearish,of 1 rating,N/A
EAC,$3.2293,1440692472535,"3,747",100% bearish,of 1 rating,$8
EQIX,$264.08,1440692472667,"127,800",75% bullish,of 4 ratings,$312.50
ERIC,$9.875,1440692472692,"436,134",67% bullish,of 9 ratings,$12.20
ESCA,$17.0675,1440692472739,"2,312",100% bearish,of 1 rating,$22
ERIE,$82.46,1440692472871,"3,822",Not yet rated,NULL,$73
ESCRP,$1.4,1440692472943,"1,750",100% bearish,of 1 rating,N/A
ESCR,$0.165,1440692473007,"93,324",50% bullish,of 2 ratings,N/A
ESMC,$1.3,1440692473028,"1,706",Not yet rated,NULL,N/A
ESPR,$52.69,1440692473075,"231,473",70% bearish,of 10 ratings,$123
EPIX,NULL,1440692473107,0,Not yet rated,NULL,N/A
ESSA,$12.7501,1440692473293,646,100% bearish,of 1 rating,N/A
ETSY,$13.94,1440692473395,"284,032",80% bullish,of 5 ratings,$16
CLWT,$2.4415,1440692473493,100,100% bearish,of 1 rating,N/A
ESND,$34.22,1440692473527,"21,760",100% bearish,of 2 ratings,$40
ESSX,$0.3613,1440692473548,"52,203",50% bullish,of 2 ratings,N/A
EEFT,$64.51,1440692473626,"60,598",100% bearish,of 1 rating,$67.50
ESEA,$5.55,1440692473654,401,100% bullish,of 1 rating,$15
EVK,$3.75,1440692473823,300,75% bearish,of 4 ratings,N/A
EVEP,$7.95,1440692473927,"146,849",50% bullish,of 2 ratings,$15
EVLV,$2.51,1440692473953,"81,467",60% bullish,of 5 ratings,$6
EVOL,$5.89,1440692474028,"2,710",75% bullish,of 4 ratings,$10
EVOK,$3.95,1440692474133,"12,386",100% bearish,of 1 rating,$13.375
EXAS,$22.264,1440692474158,"379,471",78% bullish,of 9 ratings,$31
EXA,$11.18,1440692474183,"3,162",100% bearish,of 1 rating,$13
EXEL,$5.8095,1440692474320,"3,892,830",81% bullish,of 16 ratings,$6
EXAC,$18.54,1440692474353,"62,808",100% bearish,of 1 rating,$22.50
EXLS,$36.24,1440692474428,"63,761",50% bullish,of 2 ratings,$41
EXFO,$2.965,1440692474453,"14,048",67% bearish,of 3 ratings,$3.95
EXPE,$117,1440692474500,"293,617",64% bullish,of 11 ratings,$130
EXPO,$42.74,1440692474633,"39,003",100% bearish,of 1 rating,$45.50
EXPD,$49.82,1440692474662,"411,262",80% bullish,of 5 ratings,$52
ESRX,$84.93,1440692474760,"720,459",67% bearish,of 6 ratings,$101
EXLP,$19.265,1440692474788,"48,381",100% bearish,of 1 rating,$25
EXTR,$2.81,1440692474864,"170,431",80% bullish,of 5 ratings,$3
EYEGW,$0.9024,1440692474919,172,Not yet rated,NULL,N/A
EYEG,$3.6928,1440692475022,"5,005",Not yet rated,NULL,N/A
EZCH,$22.31,1440692475105,"97,691",75% bullish,of 8 ratings,$19.50
EZPW,$5.82,1440692475154,"50,937",50% bullish,of 4 ratings,$7.50
FB,$89.258,1440692475230,"12,725,142",73% bullish,of 1067 ratings,$111
FFIV,$123.89,1440692475308,"328,256",63% bullish,of 8 ratings,$132
FCS,$13.6,1440692475333,"214,649",67% bearish,of 3 ratings,$17
FRP,$15.58,1440692475390,"51,718",100% bearish,of 1 rating,$18
FWM,$2.46,1440692475417,"62,335",100% bearish,of 2 ratings,$3.20
FALC,$1.68,1440692475600,"79,643",63% bearish,of 8 ratings,N/A
DAVE,$14.64,1440692475631,"1,672",100% bearish,of 1 rating,$15.50
FMNB,$8.09,1440692475739,"10,772",Not yet rated,NULL,N/A
FFKT,$25.476,1440692475767,"5,036",Not yet rated,NULL,$29
FARM,$21.47,1440692475796,"23,450",100% bearish,of 1 rating,$35
FARO,$37.94,1440692475896,"16,874",50% bullish,of 2 ratings,$48
FATE,$6.65,1440692475937,"7,104",50% bullish,of 2 ratings,$11
FAST,$38.83,1440692476027,"685,425",80% bullish,of 5 ratings,$45.50
FDML,$8.4117,1440692476190,"107,662",50% bullish,of 4 ratings,$14
FBRC,$21.85,1440692476220,"37,468",100% bearish,of 1 rating,$29
FNHC,$21.97,1440692476241,"16,579",100% bearish,of 1 rating,$35
FBSS,NULL,1440692476322,0,Not yet rated,NULL,N/A
FENX,$9.59,1440692476384,"8,724",100% bullish,of 1 rating,$14.25
FEIC,$75.71,1440692476416,"80,110",50% bullish,of 2 ratings,$95.50
FHCO,$1.35,1440692476438,"3,208",50% bullish,of 4 ratings,N/A
FGEN,$23.76,1440692476735,"73,428",100% bearish,of 1 rating,$39
ONEQ,$189.0099,1440692476829,"22,020",100% bullish,of 1 rating,N/A
FCSC,$5.58,1440692476858,"34,163",100% bearish,of 1 rating,$8.125
LION,$18.8,1440692476885,"30,268",100% bullish,of 1 rating,$20
FRGI,$52.24,1440692476933,"52,624",50% bullish,of 2 ratings,$70
FDUS,$14.1999,1440692476958,"14,462",50% bullish,of 2 ratings,$18
FSAM,$8.39,1440692477015,"3,314",100% bearish,of 1 rating,$10.25
FITB,$19.86,1440692477326,"2,668,377",54% bullish,of 13 ratings,$22
FSCFL,$24.45,1440692477361,"4,056",Not yet rated,NULL,N/A
FSC,$6.395,1440692477382,"362,771",60% bullish,of 5 ratings,$8
FNGN,$32.62,1440692477422,"84,927",67% bullish,of 3 ratings,$47
FSFR,$8.84,1440692477443,"26,445",100% bearish,of 1 rating,$11.50
FITBI,$27.4901,1440692477502,"12,104",Not yet rated,NULL,N/A
FISI,$24.72,1440692477523,"5,380",100% bullish,of 2 ratings,$24.50
FNSR,$15.71,1440692477555,"282,076",71% bullish,of 7 ratings,$24.50
FNJN,$1.9,1440692477902,"51,389",100% bearish,of 1 rating,$5
FNTC,$9.83,1440692478009,1,Not yet rated,NULL,N/A
FNTCW,NULL,1440692478034,0,Not yet rated,NULL,N/A
FNTCU,NULL,1440692478060,0,Not yet rated,NULL,N/A
FEYE,$39.78,1440692478189,"1,501,643",87% bullish,of 15 ratings,$55.50
FBNC,$16.91,1440692478214,"4,210",100% bullish,of 1 rating,$20
FRBA,$6.094,1440692478241,"1,000",Not yet rated,NULL,$8
FNLC,$18.89,1440692478262,"5,866",100% bullish,of 1 rating,N/A
FBIZ,$44.07,1440692478499,"5,950",100% bearish,of 2 ratings,$52
FCAP,$27.4,1440692478560,88,Not yet rated,NULL,N/A
FCVA,NULL,1440692478643,0,Not yet rated,NULL,N/A
BUSE,$6.341,1440692478677,"16,387",Not yet rated,NULL,$6.875
FCFS,$39.38,1440692478703,"37,823",100% bearish,of 3 ratings,$48
FCLF,NULL,1440692478774,0,Not yet rated,NULL,N/A
FCNCA,$237.24,1440692478801,"1,659",Not yet rated,NULL,N/A
FCBC,$17.61,1440692479004,"6,685",Not yet rated,NULL,$18
FCFP,$6.823,1440692479051,250,Not yet rated,NULL,N/A
FBNK,$16.95,1440692479144,"9,857",100% bearish,of 1 rating,$17.50
FDEF,$38.215,1440692479231,"12,212",Not yet rated,NULL,$38
FFBC,$18.34,1440692479258,"55,489",67% bearish,of 3 ratings,$20.25
FCCO,$12.05,1440692479279,"3,350",Not yet rated,NULL,$13.25
FFNM,$6.27,1440692479307,"1,150",Not yet rated,NULL,N/A
FFBCW,NULL,1440692479332,0,100% bearish,of 1 rating,N/A
FFIN,$30.91,1440692479468,"42,109",50% bullish,of 2 ratings,$31.75
THFF,$33.21,1440692479498,"7,512",Not yet rated,NULL,$35
INBK,$30.04,1440692479902,"3,024",50% bullish,of 2 ratings,$37
FFNW,$12.02,1440692479930,"7,093",Not yet rated,NULL,$14
FIBK,$26.66,1440692479955,"38,529",Not yet rated,NULL,$32
FFWM,$21.19,1440692479982,"23,672",Not yet rated,NULL,$24
FRME,$25.7,1440692480003,"32,822",Not yet rated,NULL,$26.50
FMBI,$17.51,1440692480132,"84,329",Not yet rated,NULL,$20
FMBH,NULL,1440692480159,0,Not yet rated,NULL,N/A
FNBC,$34.42,1440692480180,"32,948",Not yet rated,NULL,$40
FSFG,NULL,1440692480361,0,Not yet rated,NULL,N/A
FSGI,$2.445,1440692480391,"1,175",Not yet rated,NULL,N/A
FNFG,$9.0628,1440692480418,"720,542",80% bullish,of 5 ratings,$9
FNWB,NULL,1440692480451,0,Not yet rated,NULL,N/A
FSLR,$47.5925,1440692480585,"560,662",72% bullish,of 39 ratings,$65
FSBK,$7.63,1440692480649,100,100% bullish,of 1 rating,N/A
BICK,$19.84,1440692480674,"6,440",100% bullish,of 1 rating,N/A
FBZ,NULL,1440692480825,0,Not yet rated,NULL,N/A
FCAN,$24.3988,1440692480882,"3,151",Not yet rated,NULL,N/A
FTCS,$36.6315,1440692480908,"13,721",100% bearish,of 1 rating,N/A
FCA,$20.2868,1440692480933,"1,377",Not yet rated,NULL,N/A
FV,$23.557,1440692480983,"1,684,986",100% bearish,of 1 rating,N/A
FEMB,NULL,1440692481174,0,Not yet rated,NULL,N/A
IFV,$17.916,1440692481210,"208,907",100% bearish,of 1 rating,N/A
FTSM,$59.875,1440692481238,"8,614",100% bearish,of 1 rating,N/A
FEUZ,NULL,1440692481258,0,Not yet rated,NULL,N/A
TDIV,$24.68,1440692481306,"44,355",100% bearish,of 1 rating,N/A
MDIV,$19.1896,1440692481403,"61,611",Not yet rated,NULL,N/A
FTGC,$22.129,1440692481483,"15,166",Not yet rated,NULL,N/A
FGM,$35.8296,1440692481508,"4,038",Not yet rated,NULL,N/A
HYLS,$49.7199,1440692481740,"9,967",100% bearish,of 1 rating,N/A
FHK,$33.75,1440692481801,"19,768",Not yet rated,NULL,N/A
FTHI,$19.375,1440692481845,"2,500",Not yet rated,NULL,N/A
YDIV,$16.3783,1440692481880,"3,736",Not yet rated,NULL,N/A
SKYY,$28.9999,1440692481905,"18,600",100% bullish,of 1 rating,N/A
CU,$12.86,1440692481986,"2,505",100% bearish,of 1 rating,N/A
FPXI,$27.41,1440692482011,400,Not yet rated,NULL,N/A
FJP,$47.818,1440692482090,"1,529",Not yet rated,NULL,N/A
PLTM,$6.25,1440692482236,"12,391",100% bearish,of 1 rating,N/A
FTLB,$19.35,1440692482277,"1,447",100% bearish,of 1 rating,N/A
FMB,$51.1425,1440692482304,165,Not yet rated,NULL,N/A
LMBS,$50.15,1440692482329,400,Not yet rated,NULL,N/A
QABA,$37.36,1440692482491,"6,254",100% bearish,of 1 rating,N/A
CIBR,$18.0655,1440692482592,"62,933",Not yet rated,NULL,N/A
QCLN,$14.9571,1440692482663,"12,693",Not yet rated,NULL,N/A
FONE,$35.2299,1440692482689,485,Not yet rated,NULL,N/A
RDVY,$21.1206,1440692482727,"4,975",Not yet rated,NULL,N/A
GRID,NULL,1440692482753,0,100% bearish,of 1 rating,N/A
CARZ,$34.81,1440692482880,"3,652",100% bearish,of 1 rating,N/A
QQEW,$42.07,1440692483012,"39,344",Not yet rated,NULL,N/A
QQXT,$40.5699,1440692483041,"23,156",Not yet rated,NULL,N/A
AIRR,$16.13,1440692483145,"11,524",100% bearish,of 1 rating,N/A
QTEC,$40.1201,1440692483195,"41,485",Not yet rated,NULL,N/A
QINC,NULL,1440692483247,0,Not yet rated,NULL,N/A
FTSL,$48.7,1440692483297,"20,909",100% bearish,of 1 rating,N/A
FDIV,$46.35,1440692483455,882,100% bearish,of 1 rating,N/A
FKO,$23,1440692483518,147,Not yet rated,NULL,N/A
FSZ,$39.15,1440692483544,"5,121",Not yet rated,NULL,N/A
FTW,NULL,1440692483611,0,Not yet rated,NULL,N/A
TUSA,$24.8599,1440692483637,389,Not yet rated,NULL,N/A
FKU,$41.64,1440692483679,"5,092",Not yet rated,NULL,N/A
SVVC,$9.43,1440692483888,"11,204",50% bullish,of 2 ratings,$26
FUNC,$8.2,1440692483952,300,Not yet rated,NULL,N/A
FSV,$31.44,1440692484019,"1,533",Not yet rated,NULL,$33.60
FISV,$86.0308,1440692484087,"317,972",100% bearish,of 3 ratings,$90
FIVE,$37.39,1440692484118,"201,561",75% bearish,of 4 ratings,$44
FPRX,$19.05,1440692484145,"68,598",50% bullish,of 2 ratings,$35
FIVN,$4.09,1440692484222,"46,024",100% bullish,of 1 rating,$8.50
FMER,$17.85,1440692484276,"385,021",50% bullish,of 2 ratings,$20
FLML,$21.8,1440692484371,"61,218",50% bullish,of 2 ratings,$30
FLKS,$12.35,1440692484407,"6,112",50% bullish,of 2 ratings,$27
FLXN,$24.715,1440692484541,"41,599",100% bearish,of 1 rating,$40
MBSD,NULL,1440692484567,0,Not yet rated,NULL,N/A
SKOR,NULL,1440692484628,0,Not yet rated,NULL,N/A
FLEX,$10.66,1440692484738,"624,214",63% bullish,of 8 ratings,$12
FLIR,$28.85,1440692484764,"365,271",100% bearish,of 1 rating,$38.50
FLXS,$31.428,1440692484895,"8,390",100% bearish,of 2 ratings,N/A
FLDM,$11.2,1440692485004,"226,318",67% bearish,of 3 ratings,$15
FFIC,$19.87,1440692485034,"16,568",Not yet rated,NULL,$21
FONR,$9.75,1440692485170,"5,796",100% bullish,of 1 rating,N/A
FOMX,$10.03,1440692485198,"36,457",50% bullish,of 2 ratings,$23.50
FES,$0.95,1440692485226,"28,276",50% bullish,of 2 ratings,$1
FOGO,$18.11,1440692485255,"37,466",50% bullish,of 2 ratings,$25.50
FORTY,NULL,1440692485355,0,100% bearish,of 1 rating,N/A
FORR,$32.15,1440692485403,"10,608",Not yet rated,NULL,N/A
FORM,$6.2301,1440692485453,"44,145",67% bullish,of 3 ratings,$10.50
FBIO,$2.63,1440692485537,"25,485",83% bullish,of 6 ratings,N/A
FORD,$2.1899,1440692485599,"6,665,951",67% bullish,of 3 ratings,N/A
FTNT,$43.32,1440692485636,"270,416",80% bullish,of 10 ratings,$52
FWRD,$45.45,1440692485698,"141,943",100% bearish,of 1 rating,$50
FOSL,$60.39,1440692485795,"217,798",60% bearish,of 5 ratings,$80
FWP,$25.82,1440692485879,"15,613",100% bearish,of 1 rating,$45
FMI,$22.09,1440692485978,"64,944",100% bearish,of 2 ratings,$27.50
FXCB,$17.085,1440692486005,"26,618",Not yet rated,NULL,$19
FOXF,$15.42,1440692486082,"7,486",100% bearish,of 1 rating,$19
FRAN,$11,1440692486134,"114,076",50% bullish,of 4 ratings,$15
FREE,$0.3843,1440692486239,"269,851",92% bullish,of 12 ratings,N/A
FRED,$12.39,1440692486374,"194,662",50% bullish,of 2 ratings,$16.50
FEIM,$10.87,1440692486400,108,100% bearish,of 1 rating,N/A
RAIL,$19.69,1440692486423,"28,568",100% bearish,of 1 rating,$24.50
FELE,$28.44,1440692486453,"53,076",50% bullish,of 4 ratings,$33
FTR,$4.93,1440692486586,"7,390,632",78% bullish,of 27 ratings,$6.25
FRPT,$13.045,1440692486627,"173,343",67% bearish,of 3 ratings,$23.50
FTRPR,$98.5999,1440692486657,"1,720",100% bearish,of 1 rating,N/A
FRPH,$31.39,1440692486851,"1,469",100% bearish,of 1 rating,N/A
FTD,$29.73,1440692486903,"14,370",100% bearish,of 1 rating,$40
FSBW,$23.15,1440692486931,477,Not yet rated,NULL,N/A
FSYS,$6.38,1440692486991,"7,121",67% bullish,of 3 ratings,$10
FTEK,$2.04,1440692487090,"10,298",75% bullish,of 4 ratings,N/A
FCEL,$0.7144,1440692487163,"621,383",88% bullish,of 41 ratings,$2.65
FULLL,NULL,1440692487222,0,Not yet rated,NULL,N/A
FULL,$3.06,1440692487306,"138,164",67% bearish,of 3 ratings,$4.25
FLL,$1.4501,1440692487365,"6,848",75% bullish,of 4 ratings,$3.50
FULT,$12.1,1440692487499,"183,784",100% bearish,of 1 rating,$13
FSNN,NULL,1440692487549,0,67% bullish,of 3 ratings,$6
FFHL,NULL,1440692487582,0,50% bullish,of 4 ratings,N/A
FXEN,$0.82,1440692487607,"6,570",75% bullish,of 4 ratings,$1.10
FXENP,NULL,1440692487741,0,100% bearish,of 1 rating,N/A
GK,$68.11,1440692487819,"13,220",Not yet rated,NULL,$78
WILC,$4.85,1440692487848,970,100% bullish,of 2 ratings,N/A
GAIA,$5.86,1440692487916,"13,561",50% bullish,of 2 ratings,$8.50
GALT,$1.92,1440692487955,"25,587",80% bullish,of 5 ratings,N/A
GALTU,NULL,1440692487983,0,100% bearish,of 1 rating,N/A
GLPG,$61.1,1440692488062,"12,981",100% bullish,of 1 rating,$75
GALTW,NULL,1440692488195,0,100% bullish,of 1 rating,N/A
GLMD,$8.83,1440692488276,"8,616",67% bullish,of 3 ratings,$20.50
GALE,$1.5001,1440692488326,"414,510",89% bullish,of 47 ratings,$4
GRMN,$38.07,1440692488560,"266,765",50% bullish,of 6 ratings,$46.50
GPIC,NULL,1440692488626,0,100% bearish,of 1 rating,N/A
GGAC,$9.87,1440692488950,"4,232",100% bearish,of 1 rating,N/A
GARS,$14.24,1440692488975,"18,163",Not yet rated,NULL,$16
GGACU,$10.3,1440692489004,"12,700",Not yet rated,NULL,N/A
GNCMA,$17,1440692489044,"128,039",100% bearish,of 1 rating,$12
GGACR,$0.2305,1440692489144,"301,354",100% bullish,of 1 rating,N/A
GGACW,$0.14,1440692489177,"271,570",Not yet rated,NULL,N/A
GLPI,$31.58,1440692489205,"160,323",100% bearish,of 1 rating,$37.50
GFN,$3.6,1440692489231,"3,188",100% bearish,of 2 ratings,$8
GENC,$9.26,1440692489365,600,100% bearish,of 1 rating,N/A
GFNCP,$93.998,1440692489431,100,Not yet rated,NULL,N/A
GFNSL,$25.66,1440692489464,100,Not yet rated,NULL,N/A
GNCA,$12.41,1440692489598,"35,838",100% bearish,of 1 rating,$20
GENE,$2.16,1440692489625,"129,990",100% bullish,of 12 ratings,N/A
GNMK,$9.47,1440692489684,"26,075",67% bullish,of 6 ratings,$14
GHDX,$26.29,1440692489762,"39,390",50% bullish,of 2 ratings,$30
GNTX,$15.29,1440692489943,"672,775",Not yet rated,NULL,$20
GTWN,NULL,1440692489972,0,Not yet rated,NULL,N/A
GNVC,$2.453,1440692490002,925,90% bullish,of 10 ratings,$8.50
GEOS,$15.15,1440692490028,"72,912",100% bearish,of 3 ratings,$21
THRM,$44.57,1440692490056,"70,468",75% bearish,of 4 ratings,$55.50
GABC,$29.44,1440692490106,"7,778",Not yet rated,NULL,$31
GERN,$3.085,1440692490235,"507,856",88% bullish,of 16 ratings,$5.25
ROCK,$16.59,1440692490265,"27,479",80% bullish,of 5 ratings,$24
GEVO,$2.39,1440692490400,"238,202",75% bullish,of 12 ratings,$5
GIGA,$1.44,1440692490445,"13,310",100% bearish,of 1 rating,N/A
GIGM,$0.565,1440692490534,"5,200",100% bullish,of 2 ratings,N/A
GIII,$68.105,1440692490559,"78,315",67% bullish,of 3 ratings,$75
GILD,$109.018,1440692490607,"3,140,805",91% bullish,of 87 ratings,$129
GBCI,$25.69,1440692490764,"91,452",50% bullish,of 2 ratings,$31
GILT,$4.3452,1440692490828,"8,527",50% bullish,of 2 ratings,N/A
GLAD,$8.6116,1440692490860,"165,376",50% bullish,of 2 ratings,$8.75
GOOD,$14.71,1440692490906,"31,271",Not yet rated,NULL,$19
GLADO,$25.5,1440692490958,"1,260",Not yet rated,NULL,N/A
GOODN,NULL,1440692491038,0,Not yet rated,NULL,N/A
GOODP,NULL,1440692491065,0,Not yet rated,NULL,N/A
GOODO,$25.0641,1440692491096,799,Not yet rated,NULL,N/A
GAIN,$7.38,1440692491291,"64,800",100% bullish,of 2 ratings,$8.25
GAINN,$25.05,1440692491418,"1,685",Not yet rated,NULL,N/A
GAINO,$25.2564,1440692491444,500,Not yet rated,NULL,N/A
GAINP,$25.9874,1440692491477,829,Not yet rated,NULL,N/A
GLBZ,NULL,1440692491516,0,Not yet rated,NULL,N/A
LAND,$9.39,1440692491570,"13,558",50% bullish,of 2 ratings,$13.75
GBT,$42.075,1440692491606,"24,130",100% bearish,of 1 rating,N/A
GDEF,NULL,1440692491654,0,Not yet rated,NULL,N/A
GPACU,NULL,1440692491943,0,Not yet rated,NULL,N/A
ACTX,$13.2068,1440692491972,"4,251",100% bullish,of 1 rating,N/A
GSOL,$8,1440692492004,"7,720",100% bearish,of 1 rating,N/A
GBLI,$26.95,1440692492025,"3,842",Not yet rated,NULL,N/A
ENT,$11.57,1440692492055,"66,223",100% bearish,of 1 rating,$18
QQQC,$19.5,1440692492112,"4,707",100% bearish,of 1 rating,N/A
SOCL,$17.555,1440692492263,"7,375",100% bullish,of 2 ratings,N/A
ALTY,$14.35,1440692492288,558,Not yet rated,NULL,N/A
SRET,$13.2725,1440692492426,"2,201",Not yet rated,NULL,N/A
GAI,$5.93,1440692492510,10,50% bullish,of 2 ratings,N/A
YLCO,NULL,1440692492537,0,Not yet rated,NULL,N/A
GSM,$13.42,1440692492600,"119,718",50% bullish,of 2 ratings,$23
GBIM,$2.1788,1440692492628,"18,421",50% bullish,of 2 ratings,N/A
GLRI,$0.9951,1440692492731,"7,099",100% bearish,of 1 rating,$4.25
GLUU,$4.3536,1440692492769,"1,151,482",92% bullish,of 26 ratings,$9
GLYC,$6.905,1440692492866,"2,820",50% bullish,of 2 ratings,$14
GOGO,$15.62,1440692492932,"264,155",80% bullish,of 5 ratings,$25
GLNG,$36.69,1440692493017,"237,452",83% bullish,of 6 ratings,$58
GLBS,$0.98,1440692493043,"13,000",67% bullish,of 3 ratings,N/A
GDEN,$9.0499,1440692493175,"1,500",50% bullish,of 2 ratings,N/A
GMLP,$17.66,1440692493200,"127,579",50% bullish,of 4 ratings,$32.50
GLDC,$4.15,1440692493232,5,50% bullish,of 2 ratings,N/A
GOGL,$2.77,1440692493391,"183,732",75% bullish,of 4 ratings,$5
GBDC,$16.8,1440692493433,"49,443",Not yet rated,NULL,$17.75
GOOG,$635,1440692493458,"664,274",89% bullish,of 70 ratings,$825
GTIM,$6.606,1440692493521,"10,108",Not yet rated,NULL,$11.50
GPRO,$48.81,1440692493618,"3,295,007",78% bullish,of 58 ratings,$72
GMAN,$3.7696,1440692493647,"40,956",60% bullish,of 5 ratings,$8.50
GOOGL,$665.6588,1440692493675,"666,875",88% bullish,of 1080 ratings,$749
GPIAU,NULL,1440692493817,0,Not yet rated,NULL,N/A
GPIAW,$0.975,1440692493898,"4,500",Not yet rated,NULL,N/A
GRVY,$3.1,1440692493979,"3,675",50% bullish,of 2 ratings,N/A
GPIA,NULL,1440692494009,0,Not yet rated,NULL,N/A
GBSNU,NULL,1440692494108,0,NULL,NULL,NULL
LOPE,$37.6499,1440692494136,"60,221",100% bearish,of 2 ratings,$50
GBSN,$0.391,1440692494172,"6,868,784",50% bullish,of 2 ratings,$8.25
GLDD,$5.34,1440692494342,"61,615",100% bearish,of 4 ratings,$7.75
GSBC,$40.08,1440692494386,"11,995",100% bullish,of 1 rating,$44
GNBC,$11.63,1440692494519,"4,288",100% bearish,of 1 rating,$16.50
GPP,$13.54,1440692494547,"29,616",Not yet rated,NULL,$20.50
GRBK,$12.0001,1440692494615,"72,143",77% bullish,of 13 ratings,N/A
GPRE,$19.42,1440692494686,"188,256",67% bullish,of 6 ratings,$28.50
GCBC,NULL,1440692494815,0,100% bullish,of 1 rating,N/A
GRIF,$29.89,1440692494846,888,100% bearish,of 1 rating,N/A
GLRE,$24.75,1440692494873,"69,562",50% bullish,of 2 ratings,$41
GRFS,$30.57,1440692494947,"175,754",50% bullish,of 2 ratings,$35
GRPN,$4.255,1440692495021,"2,770,037",61% bullish,of 71 ratings,$6.75
GGAL,$19.44,1440692495152,"74,091",80% bullish,of 5 ratings,$40
GSIG,$13.03,1440692495180,"13,232",100% bearish,of 2 ratings,N/A
GSIT,$4.67,1440692495211,"3,994",100% bearish,of 1 rating,N/A
OMAB,$40.31,1440692495286,"17,748",100% bullish,of 1 rating,$44
GSVC,$8.914,1440692495352,"36,482",50% bullish,of 2 ratings,$14.50
GTXI,$0.8,1440692495378,"9,812",100% bullish,of 5 ratings,$.75
GBNK,$15.48,1440692495430,"6,105",100% bearish,of 1 rating,$18
GULTU,$0.295,1440692495668,"164,834",100% bearish,of 1 rating,N/A
GFED,NULL,1440692495693,0,Not yet rated,NULL,$17
GUID,$7.08,1440692495746,"58,628",100% bearish,of 3 ratings,$10
GURE,$1.63,1440692495774,"8,185",88% bullish,of 8 ratings,N/A
GIFI,$11.57,1440692495796,"10,300",100% bearish,of 1 rating,$16
GWPH,$107.47,1440692495851,"70,303",78% bullish,of 9 ratings,$148.50
GWGH,NULL,1440692495946,0,100% bearish,of 1 rating,$15.05
GYRO,NULL,1440692496093,0,100% bearish,of 1 rating,N/A
GPOR,$35.73,1440692496161,"590,183",75% bullish,of 4 ratings,$55
HEES,$18.8,1440692496189,"279,529",67% bearish,of 3 ratings,$31
HNRG,$7.62,1440692496214,"66,869",100% bearish,of 1 rating,$10
HALO,$17.855,1440692496382,"323,875",67% bullish,of 3 ratings,$22.50
HBHC,$27.5,1440692496560,"122,455",50% bullish,of 2 ratings,$30
HLG,$8.0501,1440692496593,200,100% bearish,of 1 rating,N/A
HALL,$11.05,1440692496615,"3,745",Not yet rated,NULL,N/A
HMPR,$1.83,1440692496648,"9,970",100% bullish,of 1 rating,N/A
HBK,$13.8,1440692496673,200,50% bullish,of 2 ratings,N/A
HBHCL,$24.3439,1440692496704,"6,488",Not yet rated,NULL,N/A
HNH,$26.09,1440692496777,"6,707",100% bullish,of 1 rating,N/A
HAFC,$24.1,1440692496838,"52,896",100% bullish,of 2 ratings,$28.50
HNSN,$0.5126,1440692496908,"32,002",88% bullish,of 8 ratings,$.40
HQCL,$12.48,1440692496975,"25,515",67% bullish,of 3 ratings,$14
HDNG,$9.75,1440692497039,"7,767",50% bullish,of 4 ratings,N/A
HLIT,$5.76,1440692497078,"71,639",100% bearish,of 1 rating,$6.50
HRMN,NULL,1440692497287,0,Not yet rated,NULL,N/A
HRMNU,NULL,1440692497328,0,Not yet rated,NULL,N/A
HART,$0.92,1440692497369,"19,875",100% bearish,of 1 rating,N/A
HRMNW,NULL,1440692497398,0,Not yet rated,NULL,N/A
TINY,$2.4801,1440692497419,"17,593",50% bullish,of 2 ratings,$5.26
HBIO,$4.39,1440692497454,"16,274",Not yet rated,NULL,$10
HCAPL,NULL,1440692497554,0,Not yet rated,NULL,N/A
HAS,$74.91,1440692497636,"252,672",63% bullish,of 8 ratings,$84.50
HA,$22.1914,1440692497744,"350,546",67% bullish,of 9 ratings,$27
HCOM,$22,1440692497775,"4,352",100% bearish,of 1 rating,$28
HCAP,$12.0594,1440692497817,"10,787",50% bullish,of 2 ratings,$15
HWKN,$36.75,1440692497904,"7,402",Not yet rated,NULL,N/A
HWBK,$13.5,1440692497949,400,100% bearish,of 1 rating,N/A
HIIQ,$4.4,1440692498086,"13,020",50% bullish,of 2 ratings,$7
HAYN,$37.81,1440692498117,"14,136",100% bearish,of 1 rating,$59
HCSG,$33.48,1440692498187,"59,649",50% bullish,of 4 ratings,$35
HDS,$32.96,1440692498222,"656,905",100% bearish,of 2 ratings,$39.50
HQY,$29.32,1440692498243,"63,237",67% bullish,of 3 ratings,$31
HSTM,$24.92,1440692498322,"22,133",50% bullish,of 2 ratings,$33.75
HWAY,$12.05,1440692498376,"54,667",100% bearish,of 1 rating,$15
HTLD,$20.34,1440692498466,"89,992",Not yet rated,NULL,$22.50
HTLF,$36.245,1440692498508,"12,319",100% bullish,of 1 rating,$39.50
HTWR,$84.76,1440692498639,"59,540",50% bullish,of 2 ratings,$103
HTBX,$5.1601,1440692498707,"4,875",50% bullish,of 2 ratings,$15.50
HSII,$19.66,1440692498767,"18,114",100% bullish,of 3 ratings,$25
HNNA,$24.64,1440692498908,"1,831",Not yet rated,NULL,N/A
HMTV,$13.58,1440692498938,"14,314",100% bearish,of 1 rating,$16
HELE,$85.51,1440692498966,"46,948",67% bearish,of 3 ratings,$100
HMNY,NULL,1440692499038,0,100% bearish,of 1 rating,N/A
HCACU,NULL,1440692499165,0,Not yet rated,NULL,N/A
HSIC,$138.805,1440692499186,"111,531",83% bullish,of 6 ratings,$146
HTBK,$10.68,1440692499220,"16,681",Not yet rated,NULL,$12
HFWA,$17.65,1440692499241,"13,065",100% bullish,of 1 rating,$20
HERO,NULL,1440692499379,0,NULL,NULL,NULL
HEOP,$7.62,1440692499452,"5,118",Not yet rated,NULL,$8.50
HCCI,$11.1,1440692499530,"13,749",100% bearish,of 1 rating,$16.50
MLHR,$27.1,1440692499666,"107,476",50% bullish,of 2 ratings,$33.50
HRTX,$35.16,1440692499694,"121,189",67% bullish,of 6 ratings,$41
HFFC,$16,1440692499724,"3,038",Not yet rated,NULL,N/A
HSKA,$33.32,1440692499824,"16,222",100% bearish,of 1 rating,$38
HIBB,$38.51,1440692499853,"98,630",100% bearish,of 1 rating,$46.50
HIMX,$6.73,1440692499956,"335,795",86% bullish,of 21 ratings,$8.50
HIFS,$117.89,1440692500030,"1,386",Not yet rated,NULL,N/A
HPJ,$2.25,1440692500062,"32,784",75% bullish,of 4 ratings,$12.43
HIHO,$3.8016,1440692500096,"2,225",Not yet rated,NULL,N/A
HSGX,$5.91,1440692500163,700,100% bearish,of 1 rating,$17
HOLI,$17.655,1440692500195,"92,572",50% bullish,of 4 ratings,$27
HMNF,$10.994,1440692500223,450,Not yet rated,NULL,N/A
HMSY,$9.82,1440692500292,"345,769",67% bullish,of 3 ratings,$19.35
HOLX,$39.35,1440692500538,"392,378",67% bullish,of 3 ratings,$42
HBCP,$24.9799,1440692500571,200,Not yet rated,NULL,$29
HOMB,$38.05,1440692500643,"56,345",Not yet rated,NULL,$42
HFBL,$21.54,1440692500669,200,Not yet rated,NULL,N/A
HTBI,$18.25,1440692500694,"12,315",67% bullish,of 3 ratings,$18.625
AWAY,$28.425,1440692500750,"286,203",67% bullish,of 3 ratings,$36
HMST,$21.83,1440692500831,"76,009",100% bullish,of 2 ratings,$27
HMIN,$27.44,1440692500884,"143,578",100% bearish,of 2 ratings,$35
CETC,$0.7297,1440692501072,"52,019",86% bullish,of 7 ratings,N/A
HKTV,$4.48,1440692501105,"27,050",100% bearish,of 1 rating,N/A
HOFT,$23.42,1440692501135,"23,337",100% bearish,of 1 rating,N/A
HBNC,$23.38,1440692501161,"2,735",100% bullish,of 1 rating,$27
HFBC,$11.2,1440692501200,"2,220",Not yet rated,NULL,N/A
HZNP,$29.7511,1440692501227,"717,653",85% bullish,of 20 ratings,$40
ZINC,$7.45,1440692501456,"236,498",100% bearish,of 1 rating,$17
HRZN,$10.2499,1440692501486,"17,017",50% bullish,of 2 ratings,$14.25
HWCC,$7.32,1440692501598,"21,962",100% bearish,of 1 rating,$9
HMHC,$22.94,1440692501627,"173,840",Not yet rated,NULL,$27
HDP,$24.401,1440692501665,"132,237",67% bearish,of 3 ratings,$30.50
HOVNP,$4.5,1440692501730,"2,013",100% bearish,of 1 rating,N/A
HSNI,$62.68,1440692501877,"56,488",Not yet rated,NULL,$80
HTGM,$5.79,1440692501922,12,100% bearish,of 1 rating,$19.50
HUBG,$37.85,1440692501984,"76,166",100% bearish,of 1 rating,$43
HCBK,$9.42,1440692502024,"550,141",83% bullish,of 6 ratings,$8.61
HDSN,$3.05,1440692502049,"2,603",100% bullish,of 1 rating,$6.25
HSON,$2.6,1440692502075,"4,471",100% bearish,of 1 rating,$5
HBAN,$10.815,1440692502109,"2,594,828",76% bullish,of 17 ratings,$12.29
HBMD,$14,1440692502134,350,100% bearish,of 1 rating,N/A
HURC,$30.09,1440692502392,"5,680",100% bearish,of 1 rating,N/A
HBANP,$1350,1440692502447,40,100% bearish,of 1 rating,N/A
HBP,$3.12,1440692502594,492,100% bullish,of 1 rating,N/A
HDRAR,NULL,1440692502625,0,Not yet rated,NULL,N/A
HURN,$74,1440692502646,"61,727",50% bullish,of 2 ratings,$80
HTCH,$1.45,1440692502686,"44,126",100% bearish,of 1 rating,$3.50
HDRA,$9.69,1440692502713,"7,600",Not yet rated,NULL,N/A
HDRAU,NULL,1440692502744,0,Not yet rated,NULL,N/A
IDSY,$3.83,1440692502846,"2,050",100% bearish,of 1 rating,$7
HYGS,$8.62,1440692503002,"18,122",50% bullish,of 2 ratings,$13
HDRAW,NULL,1440692503029,0,Not yet rated,NULL,N/A
IACI,$71.34,1440692503160,"178,067",75% bullish,of 4 ratings,$90
IBKC,$60.25,1440692503186,"60,316",100% bullish,of 1 rating,$70
IEP,$72.25,1440692503230,"43,787",75% bullish,of 4 ratings,$99
IKGH,$1.8304,1440692503316,"118,399",75% bullish,of 4 ratings,N/A
ICAD,$3.7999,1440692503374,"59,717",50% bullish,of 2 ratings,$7.25
ICFI,$34.36,1440692503459,"15,204",50% bullish,of 2 ratings,$48.50
ICLR,$79.3,1440692503503,"189,656",100% bearish,of 3 ratings,$85
IPWR,$7.3,1440692503601,"1,710",100% bullish,of 1 rating,$15
IDRA,$2.87,1440692503701,"592,834",89% bullish,of 9 ratings,$6.50
INVE,$4.2,1440692503728,"23,319",75% bullish,of 4 ratings,$4
ICUI,$114.47,1440692503755,"25,343",Not yet rated,NULL,$122
ICON,$13.4,1440692503780,"232,922",50% bullish,of 2 ratings,$18.50
DSKY,$11.21,1440692503920,"96,707",67% bullish,of 6 ratings,$11.50
IROQ,$17,1440692503949,204,100% bullish,of 1 rating,N/A
IRG,$4.575,1440692504006,"5,459",100% bearish,of 1 rating,$4.25
IDXX,$72.99,1440692504033,"88,224",100% bearish,of 1 rating,$77
RXDX,$13.41,1440692504167,"74,196",100% bullish,of 1 rating,$20
IIVI,$16.96,1440692504192,"37,957",100% bearish,of 1 rating,$22
ISNS,$3.93,1440692504382,309,50% bullish,of 2 ratings,N/A
ILMN,$200.11,1440692504410,"439,902",80% bullish,of 5 ratings,$245
IKNX,NULL,1440692504435,0,100% bearish,of 1 rating,N/A
KANG,$15.46,1440692504465,"78,787",50% bullish,of 2 ratings,$22.55
IKAN,$2.73,1440692504599,"8,831",83% bullish,of 6 ratings,$5
ICCC,$7.525,1440692504624,"6,788",100% bullish,of 1 rating,N/A
IMMR,$11.85,1440692504652,"37,957",80% bullish,of 5 ratings,$15.50
IMNP,$1.3,1440692504788,"64,151",50% bullish,of 2 ratings,$6
IMGN,$14.13,1440692504889,"220,204",75% bullish,of 4 ratings,$17.50
IMDZ,$16.74,1440692504914,"40,863",100% bearish,of 1 rating,$33
IMMU,$1.9701,1440692504970,"240,430",86% bullish,of 7 ratings,$2
IMMY,$7.51,1440692505127,"7,395",100% bearish,of 1 rating,$11
IPXL,$44.45,1440692505165,"109,329",67% bullish,of 3 ratings,$46.50
INCR,$42.07,1440692505192,"102,397",50% bullish,of 2 ratings,$53
INCY,$112.865,1440692505327,"386,162",50% bullish,of 6 ratings,$125.50
IBTX,$40.31,1440692505390,"6,460",100% bullish,of 2 ratings,$47.25
SAAS,$7.49,1440692505427,"89,458",50% bullish,of 2 ratings,$15
IBCP,$14.23,1440692505456,"25,828",100% bullish,of 1 rating,$14.50
INDB,$44.68,1440692505559,"8,411",Not yet rated,NULL,$44
IDSA,$3.45,1440692505688,"1,548",Not yet rated,NULL,N/A
INFN,$22.2968,1440692505714,"730,947",71% bullish,of 7 ratings,$28
IPCC,$77.74,1440692505778,"7,320",Not yet rated,NULL,$77.50
INFI,$9.08,1440692505848,"98,129",50% bullish,of 4 ratings,$18
III,$3.975,1440692505883,"18,696",57% bullish,of 7 ratings,$6
IFON,$1.2198,1440692506000,"60,579",75% bullish,of 4 ratings,N/A
IMKTA,$51.1,1440692506030,"15,567",100% bearish,of 1 rating,N/A
INNL,$11.67,1440692506140,3,100% bearish,of 1 rating,$16.50
INWK,$7.02,1440692506193,"25,194",50% bullish,of 2 ratings,$10
INOD,$2.35,1440692506248,"18,235",100% bearish,of 1 rating,N/A
IPHS,$47.85,1440692506275,"23,120",100% bearish,of 1 rating,$60
IOSP,$48.11,1440692506301,"103,440",100% bearish,of 1 rating,N/A
ITEK,$12.29,1440692506434,"269,808",100% bearish,of 3 ratings,$20
ISSC,$2.806,1440692506460,452,67% bearish,of 3 ratings,N/A
INGN,$46.72,1440692506545,"39,968",100% bearish,of 1 rating,$50.50
INOV,$21.18,1440692506620,"417,183",100% bearish,of 1 rating,$33
ISIG,$2.58,1440692506645,"4,640",100% bearish,of 1 rating,N/A
INO,$6.9451,1440692506722,"382,078",89% bullish,of 18 ratings,$20
NSIT,$25.37,1440692506781,"40,716",50% bullish,of 2 ratings,N/A
INSM,$24.81,1440692506855,"73,288",71% bullish,of 7 ratings,$31.50
IIIN,$16.86,1440692506922,"10,639",100% bearish,of 2 ratings,N/A
INSY,$33,1440692507057,"170,399",75% bullish,of 4 ratings,$48
PODD,$29.66,1440692507088,"61,997",67% bearish,of 3 ratings,$35
IART,$60.55,1440692507117,"51,265",100% bearish,of 1 rating,$71.50
NTEC,$5.6299,1440692507143,"1,701",100% bearish,of 1 rating,N/A
IDTI,$19.23,1440692507216,"1,354,186",60% bullish,of 5 ratings,$25
IESC,$6.95,1440692507275,"11,381",100% bearish,of 1 rating,N/A
INTC,$27.625,1440692507359,"8,936,460",82% bullish,of 238 ratings,$36
IQNT,$18.76,1440692507444,"80,833",86% bullish,of 7 ratings,$20
ISSI,$21.835,1440692507473,"40,817",67% bullish,of 3 ratings,$19.75
IPAR,$25.81,1440692507572,"22,792",67% bullish,of 3 ratings,$38
IPCI,$2.19,1440692507674,"41,680",67% bullish,of 6 ratings,$8
ICPT,$187.93,1440692507742,"59,141",70% bullish,of 10 ratings,$359.50
IBKR,$39.75,1440692507772,"264,718",100% bullish,of 1 rating,N/A
ICLD,$1.8652,1440692507821,"112,224",75% bullish,of 4 ratings,N/A
ININ,$35.61,1440692507846,"31,707",67% bearish,of 3 ratings,$57
ICLDW,NULL,1440692507875,0,100% bearish,of 1 rating,N/A
TILE,$23.74,1440692507918,"193,161",100% bearish,of 3 ratings,$27
IDCC,$49.25,1440692508007,"88,343",80% bullish,of 5 ratings,$63
INAP,$7.93,1440692508139,"34,143",75% bullish,of 4 ratings,$11
IMI,$1.995,1440692508223,"86,682",67% bullish,of 3 ratings,$2.22
ISCA,$31.49,1440692508270,"16,315",100% bearish,of 1 rating,N/A
IBOC,$25.33,1440692508299,"22,212",100% bearish,of 1 rating,N/A
IGLD,$6.855,1440692508433,"3,200",50% bullish,of 2 ratings,N/A
IIJI,$9.22,1440692508478,30,50% bullish,of 2 ratings,$11.50
PTNT,$2.93,1440692508502,400,Not yet rated,NULL,N/A
INTX,$1.986,1440692508679,"16,636",67% bullish,of 3 ratings,N/A
INPH,$0.2801,1440692508704,"16,450",50% bullish,of 2 ratings,N/A
XENT,$25.94,1440692508737,"54,558",50% bullish,of 2 ratings,$36.50
INTL,$26.01,1440692508837,"20,339",67% bearish,of 3 ratings,N/A
IILG,$20.05,1440692508919,"26,738",100% bearish,of 1 rating,$29
INTLL,NULL,1440692508951,0,Not yet rated,NULL,N/A
IVAC,$4.695,1440692508972,"34,489",100% bearish,of 1 rating,$6.625
ISIL,$10.53,1440692509001,"292,087",50% bullish,of 6 ratings,$15
ITCI,$26.1175,1440692509189,"145,481",75% bearish,of 4 ratings,$40
IIN,$6.04,1440692509325,200,100% bearish,of 1 rating,$12
INVT,$0.2799,1440692509351,"9,797",67% bullish,of 3 ratings,N/A
ISRG,$512.91,1440692509399,"43,718",67% bullish,of 3 ratings,$600
INTU,$85.89,1440692509477,"654,931",86% bullish,of 7 ratings,$107.50
SNAK,$8.5501,1440692509530,"34,572",50% bullish,of 2 ratings,$14
ISTR,$15.61,1440692509558,104,100% bearish,of 1 rating,$18.50
ISBC,$11.795,1440692509583,"944,023",100% bullish,of 1 rating,$13.25
IVTY,$13.81,1440692509804,"5,798",Not yet rated,NULL,$18
IPAS,$1.08,1440692509831,"35,906",67% bullish,of 3 ratings,N/A
NVIV,$9.6,1440692509852,"86,846",50% bullish,of 4 ratings,$24.50
ITIC,NULL,1440692509886,0,100% bearish,of 2 ratings,N/A
DFVL,NULL,1440692509992,0,Not yet rated,NULL,N/A
IPGP,$84.835,1440692510018,"169,194",100% bearish,of 2 ratings,$109.50
DTUL,NULL,1440692510086,0,Not yet rated,NULL,N/A
IPCM,$79.05,1440692510216,"75,438",50% bullish,of 2 ratings,$80.125
IRMD,$25.47,1440692510286,"4,698",67% bearish,of 3 ratings,$25
IRIX,$6.78,1440692510360,"7,500",100% bearish,of 1 rating,N/A
IRDM,$7.02,1440692510387,"162,672",60% bullish,of 5 ratings,$11.50
IRBT,$28.67,1440692510467,"65,435",67% bullish,of 6 ratings,$37
IRCP,NULL,1440692510514,0,100% bullish,of 2 ratings,N/A
IRWD,$11.03,1440692510543,"241,080",100% bearish,of 1 rating,$13
IRDMB,$277.1,1440692510599,353,67% bearish,of 3 ratings,N/A
COMT,$32.4624,1440692510624,"6,935",100% bearish,of 1 rating,N/A
FCHI,NULL,1440692510675,0,NULL,NULL,NULL
IFAS,NULL,1440692510697,0,NULL,NULL,NULL
GNMA,$50.26,1440692510844,"1,983",Not yet rated,NULL,N/A
IFEU,$38.1844,1440692510994,"5,848",Not yet rated,NULL,N/A
IFGL,$28.82,1440692511020,"40,489",Not yet rated,NULL,N/A
IFNA,NULL,1440692511046,0,NULL,NULL,NULL
AXJS,NULL,1440692511144,0,NULL,NULL,NULL
ACWI,$56.185,1440692511257,"1,145,631",Not yet rated,NULL,N/A
EMDI,NULL,1440692511283,0,NULL,NULL,NULL
AAIT,NULL,1440692511308,0,NULL,NULL,NULL
ACWX,$41.07,1440692511339,"361,961",100% bearish,of 1 rating,N/A
EEME,NULL,1440692511357,0,NULL,NULL,NULL
AAXJ,$54.09,1440692511378,"540,443",Not yet rated,NULL,N/A
EEMA,$50.87,1440692511419,"11,706",Not yet rated,NULL,N/A
EMEY,NULL,1440692511443,0,NULL,NULL,NULL
EVAL,NULL,1440692511640,0,NULL,NULL,NULL
EEML,$28.2,1440692511727,"8,606",Not yet rated,NULL,N/A
EGRW,NULL,1440692511771,0,NULL,NULL,NULL
EUFN,$21.98,1440692511954,"20,308",100% bearish,of 1 rating,N/A
IEUS,$45.7699,1440692511986,"2,557",100% bearish,of 1 rating,N/A
QAT,$21.23,1440692512012,"8,524",Not yet rated,NULL,N/A
IBB,$349.29,1440692512041,"806,766",63% bullish,of 8 ratings,N/A
SOXX,$82.47,1440692512086,"406,843",50% bullish,of 2 ratings,N/A
UAE,$18.47,1440692512146,"14,120",Not yet rated,NULL,N/A
EMIF,$28.7101,1440692512230,"1,582",Not yet rated,NULL,N/A
ICLN,$9.652,1440692512360,"16,666",50% bullish,of 2 ratings,N/A
INDY,$27.88,1440692512421,"121,259",50% bullish,of 2 ratings,N/A
WOOD,$48.1699,1440692512442,"3,356",50% bullish,of 2 ratings,N/A
ISHG,$79.57,1440692512519,"6,380",100% bearish,of 1 rating,N/A
IGOV,$90.8601,1440692512547,"5,398",100% bearish,of 1 rating,N/A
ISIS,$51.2316,1440692512570,"471,467",53% bullish,of 15 ratings,$67
ISRL,$129.36,1440692512795,100,100% bearish,of 1 rating,N/A
ITRI,$29.58,1440692512825,"141,706",Not yet rated,NULL,$37
ISLE,$17.07,1440692512855,"105,541",50% bullish,of 4 ratings,$16
ITUS,$4.13,1440692512953,"7,134",Not yet rated,NULL,N/A
ITRN,$24.1,1440692512984,"16,137",50% bullish,of 2 ratings,N/A
JJSF,$114.48,1440692513088,"7,488",100% bearish,of 1 rating,N/A
XXIA,$15.17,1440692513117,"100,826",71% bullish,of 7 ratings,$14.625
IXYS,$10.85,1440692513194,"29,942",50% bullish,of 4 ratings,N/A
MAYS,NULL,1440692513243,0,Not yet rated,NULL,N/A
JBHT,$73.75,1440692513275,"253,675",50% bullish,of 4 ratings,$89.50
JKHY,$68.07,1440692513416,"161,306",50% bullish,of 2 ratings,$72
JASO,$7.925,1440692513465,"445,530",82% bullish,of 17 ratings,$10
JCOM,$68.735,1440692513514,"59,174",100% bullish,of 2 ratings,$77
JXSB,NULL,1440692513644,0,Not yet rated,NULL,N/A
JAXB,NULL,1440692513674,0,100% bullish,of 1 rating,N/A
JACK,$81.9175,1440692513720,"120,611",83% bullish,of 6 ratings,$105
JAGX,$4.4,1440692513745,"10,581",Not yet rated,NULL,N/A
JAKK,$9.41,1440692513774,"58,079",60% bearish,of 5 ratings,$11
JMBA,$13.82,1440692513800,"37,083",75% bullish,of 4 ratings,$18
ERW,NULL,1440692513964,0,Not yet rated,NULL,N/A
JASN,$4.96,1440692514143,"4,432",50% bullish,of 2 ratings,$9.50
JASNW,NULL,1440692514169,0,50% bullish,of 2 ratings,N/A
JD,$26.9102,1440692514195,"3,095,596",75% bullish,of 16 ratings,$36
JRVR,$26.47,1440692514247,"21,707",Not yet rated,NULL,$32
JAZZ,$170.54,1440692514328,"131,815",80% bullish,of 15 ratings,$206.50
JBLU,$21.941,1440692514378,"2,154,258",94% bullish,of 18 ratings,$27
JCTCF,$9.5,1440692514431,"1,800",100% bullish,of 1 rating,N/A
JTPY,$2.95,1440692514567,100,100% bearish,of 1 rating,N/A
JIVE,$4.26,1440692514589,"100,499",75% bullish,of 4 ratings,$5
DATE,$6.1601,1440692514621,"39,195",75% bullish,of 4 ratings,$9
WYIGU,NULL,1440692514648,0,Not yet rated,NULL,N/A
JST,$3.9,1440692514674,"28,235",75% bullish,of 4 ratings,N/A
JBSS,$53.69,1440692514805,"12,177",67% bearish,of 3 ratings,N/A
JOEZ,$0.1701,1440692514897,"86,415",92% bullish,of 12 ratings,N/A
JOUT,$23.195,1440692515031,"2,768",100% bearish,of 1 rating,$34
JUNO,$37.95,1440692515061,"485,049",73% bullish,of 11 ratings,$71.50
KTWO,$21.18,1440692515135,"18,184",100% bearish,of 1 rating,$28.50
JNP,$10.75,1440692515162,"27,134",100% bullish,of 3 ratings,$15
KALU,$81.72,1440692515309,"40,782",67% bearish,of 3 ratings,$91
KMDA,NULL,1440692515340,0,50% bullish,of 2 ratings,$8
KNDI,$6.6,1440692515445,"269,766",86% bullish,of 22 ratings,N/A
KBIO,$2.0207,1440692515478,"18,567",50% bullish,of 4 ratings,N/A
KPTI,$13.8195,1440692515508,"72,276",67% bearish,of 3 ratings,$39
KBSF,NULL,1440692515578,0,100% bullish,of 1 rating,N/A
KCLI,$46.07,1440692515605,"11,866",Not yet rated,NULL,N/A
KRNY,$11.33,1440692515862,"136,419",100% bearish,of 1 rating,$12
KCAP,$4.66,1440692515892,"36,408",75% bullish,of 4 ratings,$6
KELYA,$13.87,1440692515913,"71,823",67% bullish,of 6 ratings,$20
KELYB,NULL,1440692515944,0,50% bullish,of 2 ratings,N/A
KMPH,$20,1440692515992,"8,175",100% bearish,of 2 ratings,$22
KFFB,$8.6713,1440692516071,100,100% bearish,of 1 rating,N/A
KERX,$6.16,1440692516152,"258,573",82% bullish,of 11 ratings,$12
KEQU,$17.01,1440692516294,100,100% bullish,of 1 rating,N/A
GMCR,$53.52,1440692516316,"671,546",71% bullish,of 42 ratings,$64
