Symbol,Price,Date,Volume,Rating,RatingVoteCount,OneYearEstimate
TFSCW,$0.2,1440534002657,"4,000",100% bearish,of 1 rating,N/A
TFSCR,NULL,1440534002685,0,Not yet rated,NULL,N/A
TFSCU,$10.14,1440534002706,"1,007",Not yet rated,NULL,N/A
FLWS,$9.2132,1440534002739,"202,041",100% bullish,of 5 ratings,$15
PIH,$7.19,1440534002765,"1,509",100% bearish,of 1 rating,N/A
FCCY,$11.5,1440534002836,"1,169",100% bullish,of 1 rating,$13
TFSC,NULL,1440534002898,0,100% bearish,of 1 rating,N/A
FCTY,$7.87,1440534002923,"9,794",100% bullish,of 1 rating,$8.50
TWOU,$34.02,1440534003212,"230,966",50% bullish,of 2 ratings,$39
UGLD,$9.4,1440534003241,"230,372",100% bearish,of 1 rating,N/A
JOBS,$27.1662,1440534003307,"159,099",50% bullish,of 4 ratings,$36
USLV,$12.7,1440534003375,"297,775",86% bullish,of 7 ratings,N/A
DGLD,$79.75,1440534003586,"27,385",100% bullish,of 1 rating,N/A
VNET,$17.28,1440534003692,"439,316",60% bullish,of 5 ratings,$29.50
SRCE,$28.37,1440534003716,"22,910",100% bullish,of 3 ratings,$33
DSLV,$69.45,1440534003773,"12,407",100% bearish,of 1 rating,N/A
CAFD,$14.18,1440534003907,"1,318,056",Not yet rated,NULL,$25
SIXD,$3.44,1440534003936,"1,609,130",Not yet rated,NULL,N/A
EGHT,$7.64,1440534004039,"550,071",82% bullish,of 17 ratings,$11
SHLM,$32.51,1440534004099,"101,508",100% bearish,of 1 rating,$50
AVHI,$13.74,1440534004230,"42,998",100% bearish,of 1 rating,$19
AAON,$19.84,1440534004304,"119,434",100% bearish,of 1 rating,$24
ABGB,$4.87,1440534004363,"146,544",67% bullish,of 3 ratings,$5.50
ABY,$20.04,1440534004422,"1,052,257",100% bearish,of 2 ratings,$46
ABAX,$46.4,1440534004444,"117,089",100% bearish,of 1 rating,$60
ABEOW,$1.86,1440534004469,"13,984",100% bullish,of 1 rating,N/A
ABEO,$4.4,1440534004529,"98,004",50% bullish,of 4 ratings,$15.50
ABMD,$93.88,1440534004794,"459,090",75% bullish,of 4 ratings,$100.50
AXAS,$1.48,1440534005020,"749,434",78% bullish,of 9 ratings,$3.50
ACHC,$70.15,1440534005061,"807,613",50% bullish,of 2 ratings,$92
XLRN,$27,1440534005082,"115,491",50% bullish,of 2 ratings,$57
ACTG,$8.6676,1440534005104,"373,787",67% bullish,of 3 ratings,$18.50
AXDX,$18.5135,1440534005150,"156,281",100% bearish,of 1 rating,N/A
ACAD,$34.7694,1440534005180,"744,348",80% bullish,of 20 ratings,$48
ANCX,$17.96,1440534005201,"47,315",Not yet rated,NULL,$19
VXDN,$1.78,1440534005285,"279,913",100% bearish,of 1 rating,N/A
ACST,$0.36,1440534005555,"30,349",100% bullish,of 2 ratings,N/A
ACRX,$4.02,1440534005654,"304,758",67% bearish,of 6 ratings,$5.50
ACET,$22.16,1440534005702,"93,150",75% bullish,of 4 ratings,$30
AKAO,$6.27,1440534005727,"59,268",75% bullish,of 4 ratings,$15
ARAY,$6.5372,1440534005752,"906,834",100% bearish,of 1 rating,$10.50
VXUP,$1.68,1440534005802,"340,576",100% bearish,of 1 rating,N/A
ACHN,$7.1,1440534006018,"1,704,675",90% bullish,of 21 ratings,$16
ACTS,$1.57,1440534006162,"93,268",100% bearish,of 1 rating,N/A
ACPW,$1.82,1440534006189,"51,121",100% bullish,of 4 ratings,$3.50
ACIW,$20.72,1440534006247,"509,346",50% bullish,of 2 ratings,$24
ACOR,$31.37,1440534006405,"2,721,228",67% bearish,of 3 ratings,$38.50
ATVI,$26.18,1440534006433,"4,125,213",68% bullish,of 84 ratings,$31.50
ACNB,$19.9,1440534006458,"2,815",Not yet rated,NULL,N/A
ACUR,$0.521,1440534006593,"172,497",100% bullish,of 5 ratings,$1
ACTA,$12.94,1440534006618,"114,734",67% bearish,of 3 ratings,$25
ACXM,$19.68,1440534006751,"460,552",67% bullish,of 3 ratings,N/A
ADMP,$3.49,1440534006884,"38,975",50% bullish,of 2 ratings,$10
ADMS,$19.26,1440534006909,"69,597",100% bearish,of 2 ratings,$36
ADAP,$11.45,1440534006966,"107,418",67% bullish,of 3 ratings,$22
ADUS,$28.18,1440534006995,"33,721",100% bearish,of 1 rating,$31
AEY,$2.32,1440534007245,"17,011",100% bearish,of 2 ratings,N/A
ADRO,$17.92,1440534007299,"279,145",80% bullish,of 5 ratings,$45.50
ADEP,$6.72,1440534007355,"17,753",50% bullish,of 2 ratings,$10.75
ADBE,$74.57,1440534007391,"3,910,700",65% bullish,of 17 ratings,$90
ADTN,$14.83,1440534007416,"289,562",67% bullish,of 3 ratings,$17.125
ADMA,$9.1,1440534007461,"18,489",Not yet rated,NULL,$19
AEIS,$23.51,1440534007604,"136,026",50% bullish,of 2 ratings,$32.50
ADXS,$13.4478,1440534007628,"731,991",64% bullish,of 14 ratings,$27
AMD,$1.66,1440534007680,"7,732,003",83% bullish,of 103 ratings,$2
YPRO,$22.93,1440534007937,"5,259",100% bearish,of 1 rating,N/A
MULT,NULL,1440534007964,0,100% bearish,of 1 rating,N/A
AEGR,$17.02,1440534007989,"299,850",50% bullish,of 6 ratings,$26
ADXSW,$8.67,1440534008016,"3,981",100% bullish,of 1 rating,N/A
AEGN,$17.53,1440534008149,"161,487",100% bearish,of 2 ratings,$21
AEHR,$2.25,1440534008177,"10,035",50% bullish,of 2 ratings,N/A
AMTX,$2.59,1440534008277,"25,131",50% bullish,of 2 ratings,$26.11
AEPI,$53.53,1440534008407,"10,129",100% bearish,of 1 rating,N/A
AVAV,$22.9,1440534008455,"115,058",50% bullish,of 4 ratings,$31
AEZS,$0.085,1440534008894,"7,886,718",90% bullish,of 21 ratings,$1.50
AEMD,$7.07,1440534008948,"11,886",Not yet rated,NULL,$27.50
AFFX,$8.83,1440534008976,"366,880",80% bullish,of 5 ratings,$12
AERI,$15.52,1440534008996,"251,602",75% bullish,of 4 ratings,$31.50
AGEN,$6.7285,1440534009033,"693,072",85% bullish,of 13 ratings,$14
AFMD,$9.56,1440534009125,"124,804",50% bullish,of 4 ratings,$15
AGRX,$8.23,1440534009150,"17,274",100% bearish,of 1 rating,$17.50
AGYS,$9.41,1440534009341,"48,488",100% bearish,of 1 rating,N/A
AGFS,$9.76,1440534009473,"144,707",100% bearish,of 1 rating,N/A
AGFSW,$1.83,1440534009502,"5,943",100% bearish,of 2 ratings,N/A
AGIO,$84.0959,1440534009527,"325,720",88% bullish,of 8 ratings,$114
AIMT,$20.74,1440534009604,"90,952",Not yet rated,NULL,N/A
AIRM,$34.87,1440534009778,"237,712",80% bearish,of 5 ratings,$53
AMCN,$4.42,1440534009809,"580,018",83% bullish,of 6 ratings,N/A
AIRT,$21.43,1440534009830,"1,300",100% bullish,of 1 rating,N/A
ATSG,$8.53,1440534009912,"154,038",67% bullish,of 3 ratings,$13
AIXG,$5.65,1440534009960,"32,219",67% bearish,of 3 ratings,$5.25
AKAM,$65.63,1440534009986,"2,005,240",63% bullish,of 8 ratings,$77
AKER,$2.46,1440534010149,"9,025",Not yet rated,NULL,N/A
AKBA,$6.2657,1440534010327,"247,400",100% bearish,of 1 rating,$18
AKRX,$38.55,1440534010499,"639,489",78% bullish,of 9 ratings,$56
ALSK,$2.02,1440534010603,"128,460",78% bullish,of 18 ratings,$2
ALRM,$15.93,1440534010663,"179,759",100% bearish,of 1 rating,$22
AMRI,$19.23,1440534010689,"242,456",75% bearish,of 4 ratings,$24
ABDC,$11.76,1440534010709,"41,446",Not yet rated,NULL,$15
ADHD,$7.86,1440534010947,"151,136",50% bullish,of 4 ratings,$18
ALDR,$37.5775,1440534010971,"589,408",67% bearish,of 3 ratings,$62
ALXN,$165.44,1440534011022,"1,574,786",88% bullish,of 8 ratings,$223
ALDX,$6.76,1440534011049,"22,661",100% bearish,of 1 rating,$14.50
ALXA,$1.12,1440534011218,"15,464",83% bullish,of 6 ratings,$2.125
ALGN,$54.23,1440534011244,"429,569",100% bearish,of 2 ratings,$73
ALIM,$3.07,1440534011270,"70,010",80% bullish,of 5 ratings,$10
ALCO,$40.93,1440534011291,"11,203",50% bullish,of 2 ratings,N/A
ALKS,$57.53,1440534011467,"563,571",67% bullish,of 3 ratings,$75
ALLB,$22.1,1440534011679,600,Not yet rated,NULL,N/A
ALGT,$212.24,1440534011708,"100,026",100% bearish,of 2 ratings,$235
AFOP,$17.98,1440534011743,"239,653",75% bullish,of 8 ratings,$21
AHPI,$1.49,1440534011805,615,50% bullish,of 2 ratings,N/A
ARLP,$24.02,1440534011840,"129,035",67% bearish,of 3 ratings,$32
AIQ,$13.3,1440534011867,"11,809",67% bullish,of 3 ratings,N/A
AHGP,$35,1440534011906,"37,004",67% bullish,of 3 ratings,N/A
AMOT,$17.77,1440534012117,"93,234",100% bearish,of 1 rating,N/A
ALLT,$4.89,1440534012143,"127,587",75% bullish,of 4 ratings,$6.25
ALQA,$4.16,1440534012316,"34,396",75% bullish,of 4 ratings,$8.50
MDRX,$13.02,1440534012341,"1,670,013",60% bullish,of 5 ratings,$16
ALNY,$95.72,1440534012422,"434,005",67% bullish,of 3 ratings,$148.50
AFAM,$43.78,1440534012499,"35,943",50% bullish,of 2 ratings,$44
AOSL,$7.23,1440534012553,"105,880",67% bullish,of 3 ratings,$9
SMCP,$22.24,1440534012627,"2,984",Not yet rated,NULL,N/A
ATEC,$0.55,1440534012811,"97,435",100% bullish,of 1 rating,$2
ALTR,$46.54,1440534012882,"2,813,941",80% bearish,of 5 ratings,$54
ASPS,$25.4107,1440534012909,"303,477",67% bullish,of 3 ratings,$46.50
AMRN,$1.94,1440534013080,"2,805,178",85% bullish,of 39 ratings,$8
AMAG,$58.96,1440534013118,"422,798",100% bullish,of 2 ratings,$77.50
AIMC,$24.04,1440534013146,"84,077",100% bearish,of 2 ratings,$28.50
AMRK,$10.37,1440534013245,"2,503",50% bullish,of 2 ratings,$14
AYA,$19.86,1440534013351,"45,862",100% bearish,of 1 rating,$40
AMZN,$466.37,1440534013405,"3,206,818",81% bullish,of 263 ratings,$646
AMBC,$15.1882,1440534013604,"236,110",100% bearish,of 1 rating,$16.50
AMBA,$87,1440534013630,"1,855,674",83% bullish,of 12 ratings,$102.50
AMBCW,$7.25,1440534013760,"8,676",100% bearish,of 1 rating,N/A
AMCX,$69.26,1440534013792,"1,086,864",67% bullish,of 3 ratings,$87.50
EPAX,$2.66,1440534013856,"40,425",100% bearish,of 1 rating,N/A
AMDA,$0.435,1440534013928,"961,265",90% bullish,of 10 ratings,$1
DOX,$55.4,1440534013953,"451,849",50% bullish,of 2 ratings,$60
AMED,$37.55,1440534014107,"192,324",100% bearish,of 1 rating,$42
UHAL,$361.16,1440534014238,"29,048",100% bullish,of 2 ratings,$393.50
AAL,$37.5,1440534014430,"8,306,195",93% bullish,of 88 ratings,$57
AMOV,$17.46,1440534014478,"20,657",100% bearish,of 1 rating,N/A
ASBI,$21.98,1440534014611,300,Not yet rated,NULL,N/A
AGNC,$19.08,1440534014635,"2,754,638",71% bullish,of 28 ratings,$22
ATAX,$5.08,1440534014667,"253,794",100% bullish,of 1 rating,$6.50
AGNCB,$24.16,1440534014767,"7,595",Not yet rated,NULL,N/A
AGNCP,$25.11,1440534014826,"12,724",Not yet rated,NULL,N/A
MTGE,$15.2,1440534014995,"382,477",75% bullish,of 4 ratings,$19.50
MTGEP,$24.5,1440534015180,"10,940",Not yet rated,NULL,N/A
ACSF,$11.94,1440534015205,"52,307",100% bearish,of 1 rating,$15
ACAS,$13.3053,1440534015233,"915,407",60% bullish,of 5 ratings,$16.75
ANCI,$1.43,1440534015258,500,100% bearish,of 1 rating,N/A
AMIC,NULL,1440534015655,0,Not yet rated,NULL,N/A
AETI,$3.75,1440534015716,"1,800",67% bearish,of 3 ratings,N/A
ARII,$37.6516,1440534015794,"213,748",67% bearish,of 3 ratings,$45
ANAT,$97.12,1440534015823,"50,552",100% bullish,of 1 rating,N/A
APEI,$20.95,1440534015850,"92,505",100% bearish,of 1 rating,$25.50
AMNB,$22.52,1440534015929,"9,498",Not yet rated,NULL,$25.50
AMRB,$10.05,1440534015979,"6,900",Not yet rated,NULL,$11
ASEI,$36.61,1440534016006,"51,999",100% bearish,of 1 rating,$52.50
AMSWA,$8.46,1440534016228,"36,539",100% bearish,of 2 ratings,$10.75
AMSC,$4.02,1440534016470,"177,716",50% bullish,of 4 ratings,N/A
CRMT,$36.42,1440534016522,"59,420",100% bearish,of 1 rating,$39
AMWD,$63.11,1440534016551,"158,225",50% bullish,of 2 ratings,$70
AMSF,$46.52,1440534016654,"52,180",Not yet rated,NULL,$57.50
ASRV,$3.29,1440534016787,"1,001",100% bullish,of 2 ratings,N/A
ABCB,$26.13,1440534016813,"110,862",Not yet rated,NULL,$31
ASRVP,$27.24,1440534016834,398,Not yet rated,NULL,N/A
ATLO,$23.03,1440534016863,"8,137",Not yet rated,NULL,N/A
AMKR,$4.62,1440534017152,"2,095,659",100% bearish,of 2 ratings,$5
FOLD,$13.585,1440534017180,"1,203,735",56% bullish,of 9 ratings,$21
AMGN,$145.3,1440534017311,"4,601,782",89% bullish,of 19 ratings,$185
AMPH,$12.9848,1440534017383,"143,177",50% bullish,of 2 ratings,$20
AMSG,$78.97,1440534017669,"313,907",100% bearish,of 1 rating,$85.50
ASYS,$4.91,1440534018151,"21,513",67% bullish,of 3 ratings,$12
AMSGP,$151.51,1440534018175,"25,022",Not yet rated,NULL,N/A
AMRS,$1.58,1440534018317,"42,290",70% bullish,of 10 ratings,N/A
AFSI,$58.6371,1440534018841,"428,743",60% bullish,of 5 ratings,$72
ANAC,$125.64,1440534018869,"641,538",80% bullish,of 5 ratings,$180.50
ANAD,$0.3,1440534018973,"198,045",100% bullish,of 2 ratings,$.50
ADI,$50.61,1440534019073,"2,348,743",67% bullish,of 3 ratings,$69
ALOG,$77.71,1440534019657,"65,689",100% bearish,of 2 ratings,$100.50
ANCB,$22.15,1440534019734,100,Not yet rated,NULL,$23
ABCW,$39.19,1440534019758,"10,803",67% bullish,of 3 ratings,N/A
AMCF,$0.244,1440534020044,"12,610",100% bullish,of 7 ratings,N/A
ANGI,$4.71,1440534020069,"486,517",64% bullish,of 11 ratings,$5.50
ANGO,$14.37,1440534020211,"54,311",67% bullish,of 3 ratings,$19
ATRS,$1.7425,1440534020494,"771,819",92% bullish,of 12 ratings,$4.50
ANSS,$85.75,1440534020524,"585,174",100% bearish,of 1 rating,$100
ANTH,$7.01,1440534020549,"506,225",80% bullish,of 10 ratings,$13
ANIK,$32.79,1440534020569,"59,827",60% bullish,of 5 ratings,$51.25
ANIP,$47.97,1440534020594,"97,166",89% bullish,of 19 ratings,$66
ATNY,$2.32,1440534020730,"4,508",50% bullish,of 2 ratings,$3.75
ABAC,$0.696,1440534020803,"28,893",100% bearish,of 1 rating,N/A
APOL,$10.4,1440534020995,"980,560",87% bearish,of 68 ratings,$14
APIC,$6.04,1440534021058,"193,029",100% bearish,of 1 rating,$19
APOG,$50.44,1440534021084,"205,273",100% bullish,of 1 rating,$67
AINV,$6.32,1440534021374,"1,046,886",50% bullish,of 4 ratings,$8
AAPL,$103.497,1440534021445,"66,701,053",86% bullish,of 2345 ratings,$150
APPF,$15.78,1440534021473,"19,426",50% bullish,of 2 ratings,$22
ARCI,$1.13,1440534021577,"4,204",Not yet rated,NULL,N/A
APDN,$3.21,1440534021654,"50,326",Not yet rated,NULL,$9
APDNW,$1.1,1440534021712,"16,036",Not yet rated,NULL,N/A
AMCC,$5.3581,1440534021736,"625,541",80% bullish,of 5 ratings,$8
AGTC,$14.96,1440534021874,"97,253",50% bullish,of 2 ratings,$33
AMAT,$14.84,1440534021931,"16,598,236",82% bullish,of 11 ratings,$23
AREX,$1.71,1440534022266,"843,580",100% bearish,of 1 rating,$3
AAOI,$19.4977,1440534022298,"257,234",50% bullish,of 4 ratings,$26
APRI,$1.25,1440534022399,"164,403",83% bullish,of 6 ratings,$4.86
APTO,$4.55,1440534022542,"1,220",Not yet rated,NULL,$17
AQXP,$18.79,1440534023155,"1,382,625",50% bullish,of 2 ratings,$2
AUMA,NULL,1440534023194,0,Not yet rated,NULL,N/A
PETX,$17.43,1440534023287,"368,858",100% bearish,of 2 ratings,$26
ARDM,$6.92,1440534023313,604,100% bullish,of 1 rating,$26
AUMAU,$9.98,1440534023345,"6,600",Not yet rated,NULL,N/A
AQMS,$5,1440534023370,"41,677",Not yet rated,NULL,N/A
ABUS,$6.9284,1440534023446,"588,029",86% bullish,of 14 ratings,$23
AUMAW,NULL,1440534023493,0,Not yet rated,NULL,N/A
ABIO,$0.865,1440534023851,"78,361",50% bullish,of 2 ratings,$3.75
RKDA,$5.76,1440534023986,"23,783",100% bearish,of 2 ratings,$10
ACGL,$66.73,1440534024060,"307,834",50% bullish,of 2 ratings,$72
ARCW,$3.27,1440534024089,"9,613",100% bearish,of 2 ratings,$10.50
ACAT,$25.02,1440534024188,"91,508",100% bearish,of 3 ratings,$33
ARCB,$27,1440534024217,"241,249",67% bearish,of 3 ratings,$39.50
ARDX,$17.13,1440534024318,"78,614",50% bullish,of 2 ratings,$24.50
ARNA,$2.7061,1440534024940,"2,389,036",90% bullish,of 77 ratings,$5.50
AGIIL,$25.21,1440534025184,"8,475",Not yet rated,NULL,N/A
ARIA,$6.46,1440534025315,"2,219,676",87% bullish,of 46 ratings,$9
ARGS,$6.11,1440534025342,"33,023",50% bullish,of 2 ratings,$19.50
ARCC,$15.0464,1440534025363,"1,985,251",67% bearish,of 3 ratings,$17.875
ARIS,$3.31,1440534025397,"23,235",Not yet rated,NULL,$4.50
ARKR,$24.5,1440534025422,"1,597",50% bullish,of 2 ratings,N/A
AGII,$55.3691,1440534025501,"146,771",Not yet rated,NULL,$59.50
ARMH,$39.93,1440534025603,"2,321,548",54% bearish,of 13 ratings,$61
ARWA,NULL,1440534025953,0,Not yet rated,NULL,N/A
ARTX,$1.41,1440534025979,"121,994",88% bullish,of 16 ratings,$4.50
ARWAU,$10.105,1440534026004,300,100% bullish,of 1 rating,N/A
ARWAR,$0.27,1440534026264,"1,200",Not yet rated,NULL,N/A
ARQL,$1.66,1440534026320,"88,749",75% bullish,of 4 ratings,$5
ARWAW,NULL,1440534026465,0,Not yet rated,NULL,N/A
DWAT,$9.66,1440534026604,"4,354",100% bearish,of 1 rating,N/A
ARRY,$5.43,1440534026641,"1,395,427",100% bullish,of 7 ratings,$10
ARRS,$24.99,1440534026668,"1,153,971",50% bullish,of 2 ratings,$38
AROW,$26.66,1440534026742,"15,437",Not yet rated,NULL,N/A
ARWR,$5.2529,1440534026802,"636,963",75% bullish,of 4 ratings,$10.50
ARTW,$4.37,1440534026874,500,75% bearish,of 4 ratings,N/A
ARTNA,$22.04,1440534027127,"22,464",100% bearish,of 1 rating,$29
ASBB,$24.25,1440534027260,"3,000",Not yet rated,NULL,N/A
ASND,$19.61,1440534027391,"43,509",100% bullish,of 1 rating,$30
ASCMA,$26.533,1440534027464,"99,386",100% bearish,of 1 rating,$45
ASNA,$10.73,1440534027491,"1,977,212",50% bullish,of 2 ratings,$18
ASTI,$0.102,1440534027546,"1,794,687",83% bullish,of 6 ratings,$3
ASML,$87.01,1440534027624,"876,023",50% bullish,of 4 ratings,$127
APWC,$1.9,1440534027859,100,100% bearish,of 1 rating,N/A
ASMI,NULL,1440534027883,0,NULL,NULL,NULL
AZPN,$36.45,1440534028057,"713,614",50% bullish,of 2 ratings,$42
ASFI,$8.88,1440534028082,"8,210",100% bullish,of 1 rating,N/A
ASMB,$12.29,1440534028117,"40,748",67% bullish,of 3 ratings,N/A
ALOT,$13.305,1440534028340,700,100% bearish,of 1 rating,N/A
ASTE,$35.22,1440534028364,"63,715",100% bearish,of 1 rating,$48
ATRO,$50.27,1440534028532,"133,911",100% bearish,of 2 ratings,$80
ASTC,$1.74,1440534028660,"59,003",100% bullish,of 5 ratings,N/A
ATAI,$2.4,1440534028696,"8,645",100% bearish,of 1 rating,N/A
ATRA,$40.02,1440534028762,"168,285",50% bullish,of 2 ratings,$68
ASUR,$5.55,1440534028789,"3,189",50% bullish,of 2 ratings,$8
AFCB,$27.6,1440534028997,800,Not yet rated,NULL,N/A
ATHN,$128.31,1440534029081,"234,451",67% bearish,of 3 ratings,$153
ATHX,$1.07,1440534029141,"197,666",89% bullish,of 9 ratings,$5
ACFC,$6.1,1440534029360,"37,536",Not yet rated,NULL,$6.50
AAME,$3.53,1440534029491,200,Not yet rated,NULL,N/A
AAPC,$10.4,1440534029515,"7,266",Not yet rated,NULL,N/A
ATML,$7.41,1440534029684,"8,033,069",78% bullish,of 9 ratings,$9.50
ATLC,$3.69,1440534029712,"9,631",67% bullish,of 3 ratings,N/A
ATNI,$69.66,1440534029738,"52,684",100% bearish,of 1 rating,$69.50
AAWW,$39.21,1440534029811,"226,947",50% bullish,of 2 ratings,$65
AFH,$16.39,1440534029914,"42,927",Not yet rated,NULL,$21.50
ATOS,$0.799,1440534029983,"124,935",100% bullish,of 7 ratings,$7
ATRC,$24.86,1440534030296,"145,266",100% bullish,of 1 rating,$30
ATRM,$2.82,1440534031030,"3,669",50% bullish,of 2 ratings,N/A
ATTU,$12.77,1440534031059,"52,652",100% bearish,of 1 rating,$20.50
ATRI,$367.9,1440534031133,"3,564",Not yet rated,NULL,N/A
AUDC,$3.03,1440534031163,"30,879",80% bullish,of 5 ratings,$5
AUBN,$26.49,1440534031191,300,Not yet rated,NULL,N/A
ADAT,$0.36,1440534031216,"2,861,911",100% bullish,of 2 ratings,N/A
AUPH,$3.02,1440534031267,"25,158",100% bearish,of 1 rating,$8
LIFE,$13.73,1440534031293,"73,472",86% bullish,of 7 ratings,$43
ADSK,$48.17,1440534032180,"2,705,034",67% bullish,of 6 ratings,$69.50
ABTL,$16.53,1440534032563,"184,556",100% bullish,of 4 ratings,$20.25
AVGO,$108.51,1440534032697,"2,784,590",88% bullish,of 8 ratings,$165
AAVL,$10.08,1440534032827,"305,471",100% bearish,of 1 rating,$20
EARS,$4.55,1440534032852,"6,957",100% bearish,of 2 ratings,$11.50
AVNU,$12.18,1440534032877,"6,383",Not yet rated,NULL,$14
ADP,$73.52,1440534032901,"2,453,049",100% bearish,of 1 rating,$88
AVNW,$1.15,1440534033104,"104,715",50% bullish,of 2 ratings,$2.20
AVEO,$1.28,1440534033235,"480,501",75% bullish,of 8 ratings,$3
AVID,$8.0032,1440534033486,"528,194",100% bearish,of 1 rating,$20
AVGR,$14.33,1440534033534,"16,034",100% bearish,of 1 rating,$20
AWRE,$3.14,1440534033633,"43,962",67% bullish,of 3 ratings,N/A
CAR,$40.18,1440534033661,"1,852,001",80% bullish,of 5 ratings,$60
ACLS,$3.01,1440534033688,"429,697",67% bullish,of 6 ratings,$4.75
AXPW,$1.05,1440534033709,"46,010",83% bullish,of 6 ratings,N/A
AXPWW,$1.02,1440534033857,"1,094",Not yet rated,NULL,N/A
BCOM,$19.95,1440534034147,181,100% bearish,of 1 rating,N/A
AXTI,$2.16,1440534034335,"65,500",50% bullish,of 2 ratings,$2.75
RILY,$9.97,1440534034363,300,Not yet rated,NULL,N/A
AXGN,$3.75,1440534034390,"35,051",Not yet rated,NULL,$5
BIDU,$136.61,1440534034414,"5,073,971",81% bullish,of 88 ratings,$210
BOSC,$2.1,1440534034443,"11,316",50% bullish,of 2 ratings,N/A
BEAV,$46.39,1440534034614,"892,852",67% bearish,of 3 ratings,$59
BCPC,$55.19,1440534034645,"153,226",100% bearish,of 1 rating,$75
BLDP,$1.175,1440534035443,"348,878",91% bullish,of 22 ratings,$2.50
BWINB,$22.66,1440534035875,"19,803",Not yet rated,NULL,N/A
BWINA,$23.29,1440534035901,400,Not yet rated,NULL,N/A
BANF,$58,1440534036067,"13,429",Not yet rated,NULL,$68
BANFP,NULL,1440534036254,0,Not yet rated,NULL,N/A
BOCH,$5.74,1440534036334,"9,537",Not yet rated,NULL,$6.50
BKSC,$15.37,1440534036363,"4,699",Not yet rated,NULL,N/A
BKMU,$6.81,1440534036384,"60,002",Not yet rated,NULL,$8
BMRC,$47.75,1440534036464,"7,414",Not yet rated,NULL,$52
BOTJ,$10.9001,1440534036592,"1,500",Not yet rated,NULL,N/A
BFIN,$11.8,1440534036626,"31,487",Not yet rated,NULL,$13
BANR,$42.5,1440534036800,"72,115",100% bullish,of 3 ratings,$50
OZRK,$39.56,1440534036828,"557,884",67% bullish,of 3 ratings,$49.50
BWFG,$17.9712,1440534036893,"2,253",100% bearish,of 1 rating,N/A
BZUN,$4.66,1440534036956,"540,874",50% bullish,of 2 ratings,$12.60
TAPR,$31.2,1440534037147,"2,000",100% bearish,of 1 rating,N/A
BHACR,NULL,1440534037302,0,Not yet rated,NULL,N/A
BHACW,NULL,1440534037329,0,Not yet rated,NULL,N/A
BHAC,$9.78,1440534037363,"1,200",Not yet rated,NULL,N/A
BHACU,NULL,1440534037458,0,Not yet rated,NULL,N/A
BBSI,$33.7282,1440534037544,"36,027",67% bearish,of 3 ratings,$62.50
BSET,$28.11,1440534037574,"52,779",100% bearish,of 1 rating,$35
BYBK,$4.92,1440534037675,"1,400",100% bearish,of 1 rating,N/A
BYLK,$12.63,1440534038011,"5,767",Not yet rated,NULL,$14
BV,$5.0785,1440534038333,"336,333",67% bullish,of 6 ratings,$9
BCBP,$11.6,1440534038527,"7,180",Not yet rated,NULL,N/A
BBCN,$13.85,1440534038659,"352,521",100% bearish,of 1 rating,$16
BDCV,$4.91,1440534038791,"8,597",100% bearish,of 1 rating,$10.19
BECN,$33.92,1440534038839,"437,155",50% bullish,of 2 ratings,$40
BSF,$8.26,1440534039211,"16,098",Not yet rated,NULL,N/A
BBBY,$60.07,1440534039271,"2,626,719",71% bullish,of 7 ratings,$75
BELFA,$15.21,1440534039342,855,100% bearish,of 1 rating,N/A
BEBE,$1.7725,1440534039368,"123,954",75% bullish,of 4 ratings,$3.075
BLPH,$5.02,1440534039397,"25,213",100% bearish,of 1 rating,$12.50
BBGI,$4.24,1440534039423,"2,557",100% bearish,of 1 rating,N/A
BELFB,$17.38,1440534039444,"20,121",100% bearish,of 1 rating,N/A
BLCM,$16.7495,1440534039465,"189,646",50% bullish,of 4 ratings,$40
BNCL,$12.2076,1440534039897,"374,622",100% bullish,of 3 ratings,$12.50
BGMD,$0.7604,1440534039927,"124,967",100% bullish,of 10 ratings,N/A
BGCP,$8.38,1440534039948,"826,515",88% bullish,of 8 ratings,$14
BNFT,$34.91,1440534040038,"154,485",67% bullish,of 3 ratings,$46
BNTC,$8,1440534040078,"30,288",100% bullish,of 1 rating,N/A
BGFV,$10.35,1440534040505,"81,576",57% bullish,of 7 ratings,$12
BASI,$1.5,1440534040699,"5,418",Not yet rated,NULL,N/A
BCDA,NULL,1440534040727,0,Not yet rated,NULL,N/A
BIND,$4.25,1440534040760,"31,259",75% bullish,of 4 ratings,$13.50
BIOC,$1.9,1440534040788,"280,629",83% bullish,of 6 ratings,$3.85
BCRX,$11.0738,1440534040857,"789,311",63% bullish,of 8 ratings,$18
ORPN,$5.275,1440534040887,"8,063",100% bullish,of 1 rating,$28.50
BIOD,$0.66,1440534040990,"95,275",80% bullish,of 5 ratings,$4
BDSI,$6.3509,1440534041324,"864,089",88% bullish,of 8 ratings,$17
BIOL,$1.37,1440534041405,"25,191",Not yet rated,NULL,N/A
BIIB,$281.745,1440534041430,"2,213,695",88% bullish,of 16 ratings,$400
BLRX,$1.26,1440534041564,"159,051",100% bullish,of 12 ratings,$5
BVXVW,$0.76,1440534041692,"5,700",100% bearish,of 1 rating,N/A
BVXV,$3.36,1440534041747,"5,092",Not yet rated,NULL,N/A
BLFS,$2,1440534041788,"50,922",100% bearish,of 1 rating,$4.75
BRLI,NULL,1440534042096,0,NULL,NULL,NULL
BPTH,$1.06,1440534042117,"38,558",100% bullish,of 2 ratings,$5
BIOS,$2.3,1440534042151,"1,436,002",71% bullish,of 7 ratings,$4
BMRN,$121.14,1440534042177,"1,006,344",80% bullish,of 5 ratings,$160
BSTC,$45.89,1440534042212,"36,358",100% bearish,of 1 rating,$76
BBC,$29.21,1440534042307,"16,510",Not yet rated,NULL,N/A
BSPM,$0.65,1440534042333,"40,395",50% bullish,of 2 ratings,N/A
BBP,$30.51,1440534042461,"39,982",Not yet rated,NULL,N/A
BOTA,$2.01,1440534042802,"46,004",88% bullish,of 8 ratings,N/A
TECH,$93.26,1440534042908,"174,953",100% bullish,of 1 rating,$117
BEAT,$14.23,1440534042933,"494,627",67% bearish,of 3 ratings,$15
BITI,$16.59,1440534042959,"50,529",100% bullish,of 1 rating,$28
BJRI,$43.54,1440534043088,"193,739",50% bullish,of 2 ratings,$55
BLKB,$57.46,1440534043114,"183,439",100% bearish,of 2 ratings,$66
BDMS,$13.13,1440534043135,400,100% bearish,of 1 rating,N/A
BBOX,$14.68,1440534043165,"65,779",100% bearish,of 1 rating,N/A
BKCC,$9,1440534043391,"263,540",100% bullish,of 2 ratings,$10
ADRA,$25.92,1440534043419,"3,532",100% bearish,of 1 rating,N/A
BDE,$7.02,1440534043446,"84,834",50% bullish,of 2 ratings,$9
ADRD,$21.44,1440534043578,"5,931",100% bearish,of 1 rating,N/A
HAWK,$40.2118,1440534043605,"383,769",91% bullish,of 11 ratings,$49
BBRY,$6.75,1440534043649,"4,033,437",61% bullish,of 330 ratings,$9
ADRE,$28.58,1440534043963,"10,882",100% bearish,of 1 rating,N/A
BCOR,$13.2,1440534044034,"180,890",57% bullish,of 7 ratings,$15
BUFF,$26,1440534044070,"322,107",83% bullish,of 12 ratings,$31.50
BHBK,$13.71,1440534044112,"79,258",100% bullish,of 1 rating,$14.50
ADRU,$21.06,1440534044166,"4,476",100% bearish,of 1 rating,N/A
BBLU,$0.83,1440534044193,"118,474",100% bullish,of 2 ratings,$4.43
BLMN,$18.82,1440534044220,"1,302,695",83% bullish,of 6 ratings,$27.50
BLBD,$11.96,1440534044350,"7,984",Not yet rated,NULL,N/A
NILE,$32.28,1440534044445,"102,247",50% bullish,of 2 ratings,$34
BLUE,$125.07,1440534044636,"477,340",71% bullish,of 7 ratings,$217.50
BKEP,$5.81,1440534044694,"110,245",100% bearish,of 1 rating,$8.50
BPMC,$26.9498,1440534044764,"88,001",50% bullish,of 2 ratings,$47.50
BKEPP,$6.96,1440534044789,"17,690",100% bearish,of 1 rating,N/A
BOFI,$119.71,1440534045008,"177,641",100% bullish,of 6 ratings,$144
BNCN,$19.97,1440534045044,"97,590",Not yet rated,NULL,$23
BOBE,$42.51,1440534045072,"184,539",75% bullish,of 4 ratings,$57
WIFI,$7.5,1440534045175,"286,079",50% bullish,of 2 ratings,$13.50
BOJA,$20.3,1440534045496,"191,870",100% bullish,of 1 rating,$30
BOKF,$57.09,1440534045595,"285,075",100% bearish,of 1 rating,$70.50
BNSO,$1.317,1440534045678,"1,900",100% bearish,of 1 rating,N/A
BPFH,$11.39,1440534045753,"422,946",100% bearish,of 1 rating,$14
BAMM,$3.19,1440534045850,"14,359",60% bullish,of 5 ratings,N/A
BONA,$11.52,1440534045878,"234,796",75% bullish,of 4 ratings,$8.50
BPFHW,NULL,1440534045904,0,100% bearish,of 1 rating,N/A
BPFHP,$25.64,1440534045924,908,100% bearish,of 1 rating,N/A
BCLI,$2.84,1440534046295,"47,119",80% bullish,of 5 ratings,$12
EPAY,$24.58,1440534046329,"116,104",100% bearish,of 2 ratings,$30
BBRG,$12,1440534046398,"100,989",67% bullish,of 3 ratings,$14.50
BDGE,$26.5,1440534046428,"18,384",Not yet rated,NULL,$31.75
BBEP,$2.31,1440534046450,"1,527,866",69% bullish,of 13 ratings,$5.625
BDBD,$7.92,1440534046482,"775,530",60% bullish,of 5 ratings,$10
BBEPP,$12.47,1440534046508,"69,249",100% bearish,of 1 rating,N/A
BLIN,$1.3,1440534046557,"1,000",50% bullish,of 2 ratings,$2.20
BRCM,$47.19,1440534046867,"3,835,490",75% bullish,of 12 ratings,$56
BSFT,$29.61,1440534046896,"135,404",57% bullish,of 7 ratings,$40.50
BRID,NULL,1440534046971,0,100% bearish,of 1 rating,N/A
BCOV,$5.05,1440534046997,"77,728",67% bullish,of 3 ratings,$10.20
BYFC,$1.39,1440534047021,"3,776",50% bullish,of 2 ratings,N/A
BWEN,$3.17,1440534047075,"43,240",100% bullish,of 3 ratings,$8
BVSN,$5.65,1440534047203,"1,066",60% bearish,of 5 ratings,N/A
BRCD,$10.05,1440534047299,"4,040,167",92% bullish,of 13 ratings,$11.50
BRKS,$9.94,1440534047439,"100,203",67% bullish,of 3 ratings,$15.25
BRKL,$10.28,1440534047466,"286,976",100% bearish,of 1 rating,$10.75
BRKR,$18.15,1440534047533,"397,383",100% bearish,of 2 ratings,$22
BSQR,$5.79,1440534047612,"87,151",67% bullish,of 3 ratings,N/A
BWLD,$186.14,1440534047850,"257,088",82% bullish,of 11 ratings,$205
BLDR,$13.9881,1440534047910,"870,996",50% bullish,of 2 ratings,$22
CFFI,$36.01,1440534048103,"6,269",100% bearish,of 1 rating,N/A
CHRW,$64.14,1440534048315,"1,488,757",Not yet rated,NULL,$72
BUR,$1.78,1440534048403,"22,097",100% bearish,of 1 rating,$8
CA,$25.57,1440534048474,"3,954,116",50% bullish,of 4 ratings,$33
CCMP,$41.73,1440534048499,"114,897",50% bullish,of 2 ratings,$59
CDNS,$18.75,1440534048561,"1,463,170",75% bullish,of 4 ratings,$22.50
BMTC,$28,1440534048941,"48,867",Not yet rated,NULL,$34
BLMT,$20.73,1440534049027,"14,609",Not yet rated,NULL,N/A
CACQ,$7.02,1440534049239,"66,708",100% bearish,of 1 rating,$12.25
CZR,$8.47,1440534049305,"1,173,984",60% bearish,of 5 ratings,$10.50
CSTE,$42.613,1440534049332,"426,864",100% bearish,of 1 rating,$65
CLBS,$1.28,1440534049360,"93,707",79% bullish,of 14 ratings,$4
CDZI,$7.48,1440534049381,"29,464",100% bearish,of 1 rating,N/A
PRSS,$4.32,1440534049409,"13,397",80% bullish,of 5 ratings,$4.50
CHI,$10.32,1440534049819,"364,719",100% bearish,of 1 rating,N/A
CHY,$10.85,1440534049847,"260,874",Not yet rated,NULL,N/A
CFGE,$10.31,1440534049873,581,Not yet rated,NULL,N/A
CCD,$17.955,1440534050010,"122,232",Not yet rated,NULL,N/A
CGO,$11.54,1440534050190,"78,093",100% bearish,of 1 rating,N/A
CAMP,$15.51,1440534050326,"212,202",88% bullish,of 8 ratings,$25
CFNB,NULL,1440534050366,0,100% bearish,of 1 rating,N/A
CALA,$4.42,1440534050407,"283,348",100% bullish,of 3 ratings,$19.50
CVGW,$55.57,1440534050470,"117,788",50% bullish,of 2 ratings,$58.50
CALD,$14.65,1440534050659,"262,226",100% bearish,of 1 rating,$20.50
CLMS,$10.1,1440534050684,"110,988",Not yet rated,NULL,$10.50
CLMT,$25.69,1440534050851,"284,641",75% bullish,of 8 ratings,$31
ABCD,$4.85,1440534050898,"78,064",83% bullish,of 6 ratings,N/A
CAMB,$10.05,1440534051139,600,Not yet rated,NULL,N/A
CHW,$7.27,1440534051170,"264,304",100% bearish,of 1 rating,N/A
CAMBW,NULL,1440534051200,0,Not yet rated,NULL,N/A
CAMBU,NULL,1440534051237,0,100% bearish,of 1 rating,N/A
CALM,$47.76,1440534051265,"639,832",80% bullish,of 5 ratings,$65
CSQ,$9.41,1440534051297,"427,466",Not yet rated,NULL,N/A
CSIQ,$17.11,1440534051452,"3,207,475",86% bullish,of 28 ratings,$45
CAC,$39.5,1440534051776,"7,424",Not yet rated,NULL,N/A
CBNJ,$10.69,1440534051830,"29,732",100% bullish,of 1 rating,N/A
CPHC,$10.36,1440534051918,570,100% bearish,of 1 rating,N/A
CAMT,$2.66,1440534051943,"43,136",73% bullish,of 11 ratings,$4
CPLA,$47.15,1440534052075,"113,959",67% bearish,of 3 ratings,$65
CBF,$28.6835,1440534052100,"90,781",Not yet rated,NULL,$32
CCBG,$14.69,1440534052235,"8,748",Not yet rated,NULL,$17.25
CSWC,$44.28,1440534052263,"23,056",Not yet rated,NULL,N/A
CPLP,$6.54,1440534052291,"400,934",71% bullish,of 7 ratings,$11
CPTA,$13.21,1440534052391,"70,897",100% bearish,of 1 rating,$18.50
CAPN,$1.82,1440534052447,"97,411",100% bullish,of 1 rating,$10.85
CGIX,$8.78,1440534052518,"18,060",67% bullish,of 3 ratings,$14.375
CAPNW,$0.6499,1440534052545,800,Not yet rated,NULL,N/A
CFFN,$11.61,1440534052606,"699,588",Not yet rated,NULL,$12.75
CAPR,$4.02,1440534052710,"13,330",Not yet rated,NULL,$12
CPST,$0.3624,1440534052795,"522,075",95% bullish,of 22 ratings,$1.25
CARA,$19.03,1440534052933,"275,492",50% bullish,of 4 ratings,$25
CARB,$11.02,1440534053068,"262,508",75% bullish,of 4 ratings,$12
CRME,$8.58,1440534053136,"37,082",89% bullish,of 9 ratings,$11.25
CRDC,$0.383,1440534053208,"221,680",100% bullish,of 1 rating,$1.25
CBYL,$5.02,1440534053237,"31,721",100% bearish,of 1 rating,$20
CFNL,$21.14,1440534053258,"69,185",Not yet rated,NULL,$24
CSII,$23.2026,1440534053389,"206,780",100% bearish,of 2 ratings,$42.125
CATM,$33.4,1440534053433,"266,882",100% bearish,of 1 rating,$44
CDNA,$6.37,1440534053565,"7,311",100% bearish,of 1 rating,$9
CECO,$3.4,1440534053596,"506,031",67% bearish,of 3 ratings,$6
CTRE,$11.64,1440534053671,"1,050,695",50% bullish,of 2 ratings,N/A
CKEC,$22.1764,1440534053696,"184,004",50% bullish,of 2 ratings,$35.915
CLBH,$12.5,1440534053827,"4,039",Not yet rated,NULL,$16.50
TAST,$11.74,1440534054009,"238,639",Not yet rated,NULL,$14.25
CART,$5.35,1440534054037,"1,477",100% bearish,of 1 rating,N/A
CARO,$15.42,1440534054063,"4,875",100% bearish,of 1 rating,$19
CRZO,$27.99,1440534054092,"1,058,332",67% bearish,of 3 ratings,$57
CRTN,$2.59,1440534054193,"12,818",100% bearish,of 1 rating,N/A
CARV,$7.27,1440534054234,"32,523",50% bullish,of 2 ratings,N/A
CACB,$5.24,1440534054294,"50,282",Not yet rated,NULL,$5.50
CASM,$1.14,1440534054366,"6,782",100% bullish,of 1 rating,$3.50
CSCD,$14.77,1440534054621,"59,471",100% bullish,of 2 ratings,$17
CWST,$5.9,1440534054648,"81,771",50% bullish,of 2 ratings,$7.25
CASY,$102.12,1440534054713,"180,951",50% bullish,of 2 ratings,$99.50
CASI,$1.44,1440534054798,"7,145",100% bullish,of 1 rating,$3.50
CATB,$11.05,1440534054858,"6,597",100% bearish,of 1 rating,$28
CASS,$45.34,1440534054884,"31,840",100% bearish,of 1 rating,N/A
CATY,$27.73,1440534055018,"521,964",100% bearish,of 1 rating,$33.50
CPRX,$3.22,1440534055046,"589,046",71% bullish,of 7 ratings,$7
CATYW,$8.26,1440534055316,"1,600",100% bearish,of 1 rating,N/A
CAVM,$63.95,1440534055373,"591,249",67% bearish,of 3 ratings,$72
CBFV,$20.88,1440534055409,"3,132",Not yet rated,NULL,N/A
CNLM,NULL,1440534055446,0,Not yet rated,NULL,N/A
CVCO,$70.7101,1440534055472,"34,068",100% bearish,of 1 rating,N/A
CNLMU,$10.37,1440534055603,447,100% bullish,of 1 rating,N/A
CNLMR,NULL,1440534055627,0,Not yet rated,NULL,N/A
CNLMW,NULL,1440534055786,0,Not yet rated,NULL,N/A
CDW,$37.55,1440534055916,"727,499",75% bullish,of 4 ratings,$44
CBOE,$60.52,1440534055965,"496,645",Not yet rated,NULL,$60
CDK,$44.79,1440534055990,"769,508",67% bearish,of 3 ratings,$50
CECE,$9.1,1440534056146,"92,252",50% bullish,of 2 ratings,$16
CPXX,$2.05,1440534056174,"189,571",100% bullish,of 2 ratings,$7
CELG,$112.7,1440534056213,"5,091,272",92% bullish,of 13 ratings,$155.50
CELGZ,$1.56,1440534056251,"36,522",80% bullish,of 5 ratings,N/A
CLDX,$14.2133,1440534056407,"2,532,474",89% bullish,of 9 ratings,$36
CLDN,$1.05,1440534056434,"203,689",71% bullish,of 7 ratings,$3
CLRB,$3.11,1440534056645,"2,800",100% bearish,of 1 rating,N/A
CLLS,$28.69,1440534056670,"59,457",75% bullish,of 4 ratings,$51.50
CLSN,$1.88,1440534056746,"87,595",80% bullish,of 10 ratings,$7.50
CYAD,$51.44,1440534056854,"1,441",100% bullish,of 1 rating,$87.50
CLTX,$2.61,1440534056893,"543,316",100% bullish,of 2 ratings,N/A
CBMG,$22,1440534056991,"34,932",50% bullish,of 2 ratings,N/A
CEMP,$34.3063,1440534057035,"456,949",71% bullish,of 7 ratings,$52
CETX,$2.26,1440534057089,"14,674",Not yet rated,NULL,$5.60
CSFL,$13.55,1440534057249,"116,732",Not yet rated,NULL,$15
CENT,$11.74,1440534057377,"35,582",Not yet rated,NULL,$10
CETV,$2.02,1440534057413,"93,193",67% bullish,of 3 ratings,$2.80
CLRBW,$0.92,1440534057463,400,Not yet rated,NULL,N/A
CFBK,$1.37,1440534057508,"1,800",Not yet rated,NULL,N/A
CENTA,$12.35,1440534057560,"275,115",Not yet rated,NULL,N/A
CVCY,$11.08,1440534057644,506,Not yet rated,NULL,$12
CENX,$4.65,1440534057775,"1,259,246",67% bullish,of 6 ratings,$9
CNBKA,$41.36,1440534057834,"1,684",50% bullish,of 2 ratings,N/A
CNTY,$5.93,1440534057908,"13,271",80% bullish,of 5 ratings,$7.75
CERE,$1.17,1440534058044,"373,339",88% bullish,of 8 ratings,N/A
CRNT,$1.33,1440534058068,"324,202",50% bullish,of 2 ratings,$2
CERU,$3.34,1440534058265,"50,879",75% bullish,of 4 ratings,$15
CERS,$4.5235,1440534058298,"663,656",75% bullish,of 4 ratings,$7
KOOL,$0.6179,1440534058398,"11,554",100% bullish,of 5 ratings,$7
CERN,$60.24,1440534058422,"2,136,371",67% bullish,of 3 ratings,$79
CPHD,$46.6,1440534058447,"541,325",50% bullish,of 2 ratings,$66.50
CEVA,$17.24,1440534058651,"76,813",100% bearish,of 1 rating,$25
HOTR,$1.43,1440534058680,"231,789",100% bullish,of 2 ratings,$5
HOTRW,NULL,1440534058783,0,Not yet rated,NULL,N/A
CTHR,$1.24,1440534058813,"1,724",50% bullish,of 2 ratings,$2.50
GTLS,$21.56,1440534058915,"224,563",50% bullish,of 4 ratings,$40
CYOU,$20.2,1440534058963,"181,552",50% bullish,of 6 ratings,$24
CHTR,$171.29,1440534059144,"1,224,060",100% bearish,of 2 ratings,$196
CHFN,$12.08,1440534059169,"31,164",Not yet rated,NULL,$14
CHKP,$77.61,1440534059305,"1,746,190",50% bullish,of 4 ratings,$92
CHEKW,NULL,1440534059407,0,Not yet rated,NULL,N/A
CHEK,$2.66,1440534059464,"9,770",Not yet rated,NULL,$7.75
CEMI,$3.95,1440534059560,"7,623",50% bullish,of 2 ratings,$7.50
CHFC,$30.5106,1440534059594,"121,124",100% bearish,of 1 rating,$36
CCXI,$6.5493,1440534059694,"67,952",67% bullish,of 3 ratings,$14
CHMG,$26.2,1440534059770,"3,100",Not yet rated,NULL,$30
CHKE,$25.16,1440534059911,"18,436",100% bearish,of 1 rating,$32.50
CHMA,$23.32,1440534059965,"79,272",Not yet rated,NULL,$40
CBNK,$16.22,1440534060094,559,100% bearish,of 1 rating,N/A
CHEV,$14.48,1440534060119,"1,400",Not yet rated,NULL,N/A
PLCE,$58.2,1440534060146,"683,152",100% bearish,of 1 rating,$71
CMRX,$46.4543,1440534060199,"299,669",50% bullish,of 2 ratings,$57
CADC,$3.01,1440534060330,500,78% bullish,of 9 ratings,N/A
CALI,$0.97,1440534060390,"8,658",67% bullish,of 3 ratings,N/A
CAAS,$5.865,1440534060595,"32,378",93% bullish,of 14 ratings,$11.50
CBPO,$94.56,1440534060622,"176,941",75% bullish,of 8 ratings,$140.50
CBAK,$1.69,1440534060642,"62,604",67% bullish,of 9 ratings,N/A
CCCL,$0.76,1440534060674,"9,945",100% bullish,of 6 ratings,N/A
JRJC,$2.99,1440534060809,"240,703",82% bullish,of 11 ratings,N/A
CCCR,$0.82,1440534060880,"19,300",67% bearish,of 3 ratings,N/A
CHOP,$1.14,1440534060962,"4,134",50% bullish,of 2 ratings,N/A
HGSH,$1.67,1440534060987,"18,885",67% bullish,of 3 ratings,N/A
CNIT,$1.38,1440534061122,"77,565",67% bullish,of 6 ratings,N/A
CHLN,$2.17,1440534061195,"28,558",67% bullish,of 3 ratings,N/A
HTHT,$24.18,1440534061398,"88,915",50% bullish,of 2 ratings,$28.40
CJJD,$1.73,1440534061426,"92,271",100% bullish,of 1 rating,N/A
CHNR,$1.68,1440534061451,"7,344",100% bearish,of 1 rating,N/A
CREG,$0.6997,1440534061629,"33,618",100% bullish,of 3 ratings,N/A
CNTF,$0.8,1440534061865,"43,778",Not yet rated,NULL,N/A
CSUN,$1.35,1440534061915,"18,370",80% bullish,of 5 ratings,N/A
CNYD,$2.99,1440534061945,"12,500",67% bullish,of 3 ratings,N/A
CPGI,$6.98,1440534061965,406,Not yet rated,NULL,N/A
CXDC,$5.88,1440534061998,"21,308",67% bullish,of 3 ratings,N/A
CNET,$0.81,1440534062100,"25,123",50% bullish,of 2 ratings,N/A
CCIH,$6.4156,1440534062156,"291,159",67% bullish,of 6 ratings,$12.65
CHSCL,$26.89,1440534062420,"21,216",Not yet rated,NULL,N/A
IMOS,$16.4653,1440534062452,"201,300",60% bullish,of 5 ratings,$21.50
CHSCM,$25.74,1440534062584,"27,069",Not yet rated,NULL,N/A
CHSCN,$26.57,1440534062671,"11,790",Not yet rated,NULL,N/A
CHDN,$130.14,1440534062877,"39,825",Not yet rated,NULL,$165
CHSCP,$30.39,1440534062903,"4,616",Not yet rated,NULL,N/A
CHSCO,$27.98,1440534062950,"7,301",Not yet rated,NULL,N/A
CHUY,$29.9,1440534062977,"185,540",50% bullish,of 2 ratings,$34
CDTX,$14.05,1440534062998,"15,689",Not yet rated,NULL,$22
CMCT,$15.65,1440534063037,868,100% bearish,of 1 rating,N/A
CMPR,$67.8633,1440534063139,"323,196",50% bullish,of 2 ratings,$72.50
CIFC,$6.93,1440534063165,"2,599",100% bearish,of 1 rating,N/A
CIDM,$0.6,1440534063367,"124,448",50% bullish,of 2 ratings,$2.10
CINF,$50.91,1440534063392,"918,699",50% bullish,of 4 ratings,$50.50
CTAS,$81.23,1440534063523,"626,536",100% bearish,of 1 rating,$91
CPHR,$5.76,1440534063547,"10,479",100% bearish,of 1 rating,$17
CZNC,$19.5,1440534063715,"33,629",Not yet rated,NULL,N/A
CSCO,$24.62,1440534063742,"25,376,766",84% bullish,of 208 ratings,$32
CTRN,$27.2019,1440534063770,"111,176",100% bearish,of 1 rating,$31.50
CRUS,$27.03,1440534063872,"714,015",75% bullish,of 12 ratings,$44.50
CZFC,NULL,1440534064006,0,Not yet rated,NULL,N/A
CZWI,$8.89,1440534064031,602,Not yet rated,NULL,N/A
CIZN,$19.94,1440534064081,"1,130",Not yet rated,NULL,N/A
CTXS,$66.2,1440534064210,"1,743,457",86% bullish,of 7 ratings,$80
CHCO,$45.56,1440534064252,"45,057",Not yet rated,NULL,$46
CIVB,$10.02,1440534064285,"3,295",Not yet rated,NULL,$11
CDTI,$1.45,1440534064355,"133,637",75% bullish,of 4 ratings,$3.20
CIVBP,$31.79,1440534064446,"1,353",Not yet rated,NULL,N/A
CLNT,$1.42,1440534064770,"60,341",75% bullish,of 8 ratings,N/A
CLNE,$4.09,1440534064800,"982,637",80% bullish,of 15 ratings,$9
CLFD,$16.45,1440534064827,"35,390",67% bullish,of 3 ratings,$18
CLRO,$11.6,1440534064851,"7,175",50% bullish,of 2 ratings,$14.25
CLIR,$4.67,1440534064903,"11,276",100% bullish,of 3 ratings,N/A
CBLI,$3.71,1440534065000,"30,653",60% bullish,of 5 ratings,N/A
CSBK,$13.62,1440534065027,"115,491",Not yet rated,NULL,N/A
CLVS,$69.5,1440534065131,"641,571",60% bullish,of 5 ratings,$101.50
CCNE,$16.44,1440534065256,"14,933",50% bullish,of 2 ratings,$21.50
CMFN,$11.05,1440534065288,"25,450",100% bearish,of 1 rating,$15.50
CME,$89.1,1440534065309,"1,670,426",67% bullish,of 3 ratings,$102
CISG,$7.26,1440534065388,"136,575",100% bullish,of 5 ratings,$10
CNV,$4.43,1440534065477,"16,642",50% bullish,of 2 ratings,$7.15
CWAY,$11.4,1440534065583,900,Not yet rated,NULL,N/A
COBZ,$12.5,1440534065611,"122,238",100% bullish,of 1 rating,$14
COKE,$160.55,1440534065686,"24,098",79% bullish,of 19 ratings,N/A
CDRB,$10.95,1440534065779,"11,925",67% bullish,of 3 ratings,N/A
CDXS,$3.4,1440534065825,"46,229",64% bullish,of 11 ratings,$6
CVLY,$20.25,1440534065911,"3,602",Not yet rated,NULL,N/A
JVA,$4.38,1440534065968,"15,937",83% bullish,of 6 ratings,$7
CCOI,$27.6506,1440534065999,"335,771",50% bullish,of 4 ratings,$35
CGNX,$33.49,1440534066102,"1,141,698",50% bullish,of 2 ratings,$47
CGNT,$1.56,1440534066129,"35,270",100% bullish,of 2 ratings,$2
CTSH,$58.98,1440534066287,"3,977,566",90% bullish,of 10 ratings,$75
COHR,$54.64,1440534066338,"127,403",50% bullish,of 2 ratings,$72
COHU,$9.37,1440534066369,"106,506",100% bearish,of 1 rating,$14.25
CHRS,$27.9308,1440534066396,"153,774",67% bearish,of 3 ratings,$37
CLRX,$0.545,1440534066467,"43,893",50% bullish,of 2 ratings,N/A
COLL,$14.51,1440534066595,"47,599",100% bearish,of 1 rating,$26
CLCT,$18.41,1440534066643,"18,132",100% bearish,of 1 rating,N/A
CBAN,$8.89,1440534066802,"1,100",Not yet rated,NULL,N/A
CIGI,$41.44,1440534066882,"14,476",100% bearish,of 1 rating,$52
CLCD,$6.27,1440534066931,"75,282",100% bearish,of 1 rating,$20.50
COLM,$59.6061,1440534067063,"90,181",100% bearish,of 1 rating,$71
COLB,$28.74,1440534067102,"173,153",Not yet rated,NULL,$36
CBMX,$1.1,1440534067133,"42,388",83% bullish,of 6 ratings,$3.15
CMCO,$17.6,1440534067153,"41,503",60% bullish,of 5 ratings,$28
CMCSA,$53.85,1440534067243,"10,776,015",66% bullish,of 35 ratings,$69.50
CMCSK,$54.92,1440534067375,"2,631,355",Not yet rated,NULL,$84
CBSH,$42.49,1440534067418,"362,342",50% bullish,of 2 ratings,$46
CBSHP,$25.25,1440534067517,"2,692",100% bearish,of 1 rating,N/A
CVGI,$4.45,1440534067549,"74,415",50% bullish,of 2 ratings,$6
COMM,$28.17,1440534067585,"812,579",67% bearish,of 3 ratings,$35
CUBN,$13.55,1440534067608,405,Not yet rated,NULL,N/A
CSAL,$19.76,1440534067830,"513,586",75% bullish,of 4 ratings,$30
JCS,$8.5,1440534067856,"7,326",67% bullish,of 3 ratings,N/A
CYHHZ,$0.011,1440534067986,"536,167",100% bullish,of 1 rating,N/A
ESXB,$5.01,1440534068012,"73,363",Not yet rated,NULL,N/A
CTBI,$33.72,1440534068143,"51,397",Not yet rated,NULL,$36
CWBC,$6.76,1440534068167,600,Not yet rated,NULL,N/A
CVLT,$34.49,1440534068193,"401,314",75% bullish,of 4 ratings,$44.50
COB,$10.33,1440534068321,"17,711",100% bullish,of 1 rating,$11.75
CIZ,$32.75,1440534068369,"6,089",100% bearish,of 1 rating,N/A
CIL,$33.3,1440534068418,300,Not yet rated,NULL,N/A
CSA,$32.64,1440534068549,800,Not yet rated,NULL,N/A
CID,$33.19,1440534068577,300,Not yet rated,NULL,N/A
CSF,$35.93,1440534068679,"3,475",100% bearish,of 1 rating,N/A
CDC,$33.25,1440534068707,"46,420",Not yet rated,NULL,N/A
CFO,$34.45,1440534068767,"35,721",100% bearish,of 1 rating,N/A
CFA,$34.47,1440534068813,"1,335",100% bearish,of 1 rating,N/A
CDL,NULL,1440534068946,0,Not yet rated,NULL,N/A
CSB,$32.18,1440534068971,650,Not yet rated,NULL,N/A
CGEN,$4.86,1440534069102,"184,745",50% bullish,of 2 ratings,$11
CPSI,$45,1440534069136,"92,995",100% bearish,of 1 rating,$45.50
CHCI,$0.64,1440534069231,"7,654",50% bullish,of 2 ratings,N/A
CTG,$6.3,1440534069258,"23,501",100% bearish,of 1 rating,$8.50
SCOR,$53.97,1440534069290,"391,506",100% bearish,of 1 rating,$66
CMTL,$25.47,1440534069390,"40,070",100% bearish,of 2 ratings,$37
CNSI,$18.39,1440534069415,"113,168",100% bearish,of 2 ratings,$29
CNAT,$3.5,1440534069607,"54,960",83% bullish,of 6 ratings,$13
CCUR,$5.09,1440534069639,"20,826",75% bullish,of 4 ratings,N/A
CNCE,$15.2192,1440534069671,"173,980",75% bullish,of 4 ratings,$22
CDORO,$17.17,1440534069801,210,100% bearish,of 1 rating,N/A
CXRX,$67.95,1440534069861,999,100% bearish,of 1 rating,$90
CDORP,$6.3,1440534069888,"2,416",100% bearish,of 1 rating,N/A
CDOR,$1.25,1440534069912,"7,382",100% bullish,of 1 rating,N/A
CNFR,$10.25,1440534070059,"43,415",Not yet rated,NULL,N/A
CNMD,$52.3,1440534070087,"102,974",Not yet rated,NULL,$59
CTWS,$34.27,1440534070111,"26,253",100% bearish,of 1 rating,$44
CFMS,$19.51,1440534070218,"188,084",Not yet rated,NULL,$27
CNOB,$18.85,1440534070306,"74,578",100% bullish,of 1 rating,$23.50
CONN,$29.8834,1440534070446,"232,952",67% bullish,of 3 ratings,$48.50
CNXR,$6.47,1440534070473,"37,640",100% bearish,of 1 rating,$12
CNSL,$18.89,1440534070603,"205,381",100% bearish,of 1 rating,$23
CWCO,$9.97,1440534070634,"69,753",67% bullish,of 3 ratings,$14.50
CTCT,$23.79,1440534070659,"317,128",67% bullish,of 3 ratings,$37
CPSS,$5.38,1440534070680,"77,808",100% bullish,of 1 rating,$10
CFRX,$5.05,1440534070735,"19,477",Not yet rated,NULL,$14
CFRXW,$1.9,1440534070940,"6,366",100% bearish,of 1 rating,N/A
CFRXZ,$0.53,1440534071010,575,Not yet rated,NULL,N/A
CTRV,$3.8,1440534071073,"7,966",Not yet rated,NULL,$6.40
CTRL,$7.62,1440534071097,"116,547",50% bullish,of 2 ratings,$11
CRBP,$1.9,1440534071202,"458,031",100% bullish,of 2 ratings,$6.25
CPRT,$33.57,1440534071230,"378,946",67% bearish,of 3 ratings,$40
CORT,$4.51,1440534071334,"222,414",67% bullish,of 3 ratings,$12
BVA,$3.68,1440534071577,200,50% bullish,of 2 ratings,N/A
CORE,$60.3475,1440534071607,"89,303",100% bearish,of 1 rating,$72
CSOD,$34.07,1440534071637,"547,321",50% bullish,of 2 ratings,$42
CRVL,$30.46,1440534071657,"43,929",100% bearish,of 1 rating,N/A
CORI,$10.14,1440534071677,"59,675",100% bearish,of 1 rating,$18
COSI,$1.05,1440534071735,"150,841",100% bullish,of 1 rating,N/A
CSGP,$170.74,1440534071805,"117,207",50% bullish,of 2 ratings,$235
COST,$132.71,1440534071972,"2,821,786",79% bullish,of 24 ratings,$154.50
CVTI,$21.55,1440534072122,"125,874",67% bearish,of 3 ratings,$39
ICBK,$17.74,1440534072147,987,Not yet rated,NULL,$21
CPAH,$0.43,1440534072188,"2,400",50% bullish,of 2 ratings,N/A
COVS,$2.57,1440534072212,"67,427",67% bullish,of 3 ratings,N/A
COWN,$5.01,1440534072281,"1,208,105",75% bullish,of 4 ratings,$7
COWNL,$27.75,1440534072461,"2,230",Not yet rated,NULL,N/A
CRAI,$21.09,1440534072528,"24,389",100% bearish,of 1 rating,$36
CPSH,$2.25,1440534072633,"6,000",Not yet rated,NULL,N/A
CBRL,$138.5,1440534072660,"343,012",50% bullish,of 2 ratings,$155
BREW,$7.11,1440534072811,"97,500",67% bullish,of 6 ratings,$15
CACC,$190.635,1440534072979,"116,090",50% bullish,of 2 ratings,$158.50
CRAY,$19.9743,1440534073007,"211,052",83% bullish,of 6 ratings,$38.50
GLDI,$11.05,1440534073068,"15,891",100% bearish,of 1 rating,N/A
SLVO,$10.04,1440534073108,"8,496",100% bearish,of 1 rating,N/A
CREE,$25.44,1440534073255,"1,236,659",65% bullish,of 17 ratings,$29.50
CRESY,$9.47,1440534073310,"34,828",100% bearish,of 1 rating,$19
CRTO,$41.62,1440534073441,"263,611",67% bullish,of 6 ratings,$64
CROX,$13.24,1440534073481,"579,995",63% bullish,of 8 ratings,$16.50
CCRN,$13.46,1440534073655,"238,621",100% bearish,of 1 rating,$14.25
CRWS,$7.88,1440534073680,"18,820",Not yet rated,NULL,$10
CRDS,$1.02,1440534073725,"77,996",50% bullish,of 4 ratings,$4.50
CRWN,$4.48,1440534073817,"105,605",75% bullish,of 4 ratings,N/A
CYRXW,$0.85,1440534073986,"3,100",Not yet rated,NULL,N/A
CYRX,$2.79,1440534074014,"20,430",Not yet rated,NULL,$9
CSGS,$29.99,1440534074070,"139,769",Not yet rated,NULL,$40
CCLP,$13.46,1440534074163,"143,544",67% bearish,of 3 ratings,$20
CSPI,$5.81,1440534074228,"1,157",67% bullish,of 3 ratings,N/A
CTIC,$1.6,1440534074298,"760,422",84% bullish,of 76 ratings,$5.75
CTCM,$1.7,1440534074397,"252,731",80% bearish,of 5 ratings,$3.90
CTIB,$3.55,1440534074452,600,100% bearish,of 1 rating,N/A
CUNB,$20.91,1440534074587,"15,937",Not yet rated,NULL,$24.50
CTRP,$63.7,1440534074719,"2,332,950",75% bullish,of 8 ratings,$92
CPIX,$5.85,1440534074746,"5,933",Not yet rated,NULL,N/A
CUI,$4.93,1440534074778,"80,970",50% bullish,of 2 ratings,$10
CRIS,$2.43,1440534074910,"339,323",100% bullish,of 8 ratings,$6
CMLS,$1.32,1440534074940,"615,369",50% bullish,of 4 ratings,$6
CVBF,$15.32,1440534074961,"458,709",Not yet rated,NULL,$18
CUTR,$14.11,1440534074989,"48,946",67% bearish,of 3 ratings,$18
CVV,$10.57,1440534075136,"12,596",100% bullish,of 5 ratings,N/A
CYBR,$46.5,1440534075210,"1,396,557",86% bullish,of 7 ratings,$66
CYAN,$7.19,1440534075281,400,100% bearish,of 1 rating,N/A
CYCC,$0.52,1440534075366,"63,391",73% bullish,of 11 ratings,N/A
CYBX,$64.72,1440534075422,"219,499",50% bullish,of 4 ratings,$71.50
CYBE,$5.8,1440534075510,"6,306",100% bearish,of 1 rating,N/A
CYCCP,NULL,1440534075538,0,100% bearish,of 1 rating,N/A
CBAY,$2.55,1440534075679,"85,795",100% bullish,of 1 rating,$4
CYNA,$16.27,1440534075707,"14,556",100% bullish,of 1 rating,$31.50
CYRN,$1.65,1440534075835,"76,570",67% bullish,of 3 ratings,$4
CYNO,$31.27,1440534075862,"134,690",67% bearish,of 3 ratings,$45.50
CY,$8.92,1440534075890,"5,396,508",80% bullish,of 10 ratings,$15.50
CONE,$31.1528,1440534076024,"354,726",67% bearish,of 3 ratings,$35
CYTK,$6.56,1440534076152,"146,915",71% bullish,of 14 ratings,$13.50
CYTX,$0.353,1440534076183,"659,396",83% bullish,of 12 ratings,$5.50
CTSO,$6.3,1440534076281,"73,520",Not yet rated,NULL,$15.625
CYTR,$2.03,1440534076305,"742,579",67% bullish,of 6 ratings,$10
TVIX,$14.1,1440534076471,"20,272,068",81% bullish,of 16 ratings,N/A
TVIZ,$18.81,1440534076502,"11,440",100% bearish,of 1 rating,N/A
DAEG,$0.355,1440534076528,"6,641",100% bearish,of 1 rating,N/A
ZIV,$40.77,1440534076599,"141,312",Not yet rated,NULL,N/A
DAKT,$8.81,1440534076673,"775,581",50% bullish,of 2 ratings,$14
XIV,$26.5,1440534076728,"27,650,000",75% bearish,of 4 ratings,N/A
DARA,$0.85,1440534076820,"86,031",83% bullish,of 6 ratings,$1.50
DJCO,$194.5,1440534076872,158,Not yet rated,NULL,N/A
DAIO,$2.57,1440534076896,"10,412",Not yet rated,NULL,N/A
DTLK,$5.34,1440534077071,"63,118",100% bearish,of 1 rating,$9
DRAM,$1.16,1440534077143,"42,304",78% bullish,of 9 ratings,N/A
DWCH,$4.81,1440534077243,"12,132",75% bullish,of 4 ratings,$8.25
DTEA,$13.08,1440534077276,"66,514",100% bearish,of 2 ratings,$24
PLAY,$32.8035,1440534077304,"195,548",100% bullish,of 5 ratings,$42
DWSN,$4.25,1440534077351,"17,867",67% bullish,of 3 ratings,$6
DBVT,$37.9088,1440534077407,"79,848",100% bearish,of 1 rating,$53
DHRM,$1.43,1440534077490,"36,550",Not yet rated,NULL,N/A
TRAK,$62.81,1440534077550,"776,099",50% bullish,of 2 ratings,$62.50
DFRG,$14.16,1440534077731,"252,624",100% bearish,of 1 rating,$20
TACO,$12.7476,1440534077760,"235,089",75% bullish,of 4 ratings,$20
DCTH,$0.4388,1440534077789,"96,260",78% bullish,of 9 ratings,N/A
TACOW,$3.9,1440534077810,"6,625",100% bullish,of 1 rating,N/A
DGAS,$20.25,1440534077897,"24,038",67% bearish,of 3 ratings,N/A
DELT,$2.35,1440534078030,"1,237",Not yet rated,NULL,N/A
DELTW,NULL,1440534078055,0,Not yet rated,NULL,N/A
XRAY,$51.06,1440534078233,"636,545",100% bullish,of 1 rating,$58
DEPO,$27.4,1440534078264,"921,783",60% bullish,of 5 ratings,$29
DENN,$11.24,1440534078284,"329,980",100% bullish,of 3 ratings,$15
DSCI,$5.97,1440534078418,"29,270",50% bullish,of 2 ratings,$16
DERM,$23.5,1440534078442,"95,073",100% bearish,of 1 rating,$33.50
DEST,$10.95,1440534078630,"54,127",50% bullish,of 2 ratings,N/A
DXLG,$4.41,1440534078662,"91,526",100% bearish,of 1 rating,$8
DSWL,$1.75,1440534078683,"1,100",100% bullish,of 1 rating,N/A
DXM,$0.3,1440534078714,"97,449",50% bullish,of 2 ratings,N/A
DXCM,$89.57,1440534078816,"896,762",57% bullish,of 7 ratings,$98
DHXM,NULL,1440534078894,0,Not yet rated,NULL,N/A
DMND,$28.03,1440534079075,"242,362",75% bullish,of 12 ratings,$32
DHIL,$187.64,1440534079146,"3,342",Not yet rated,NULL,N/A
FANG,$62.3947,1440534079247,"702,286",50% bullish,of 2 ratings,$86.50
DCIX,$1.61,1440534079301,"44,006",50% bullish,of 4 ratings,$3.50
DMRC,$33.45,1440534079464,"123,961",100% bearish,of 1 rating,$44
DRNA,$10.3994,1440534079515,"65,899",67% bearish,of 3 ratings,$25
DGII,$9.51,1440534079541,"35,296",100% bearish,of 1 rating,$10
DRAD,$3.68,1440534079569,"45,692",100% bullish,of 1 rating,$5.25
APPS,$2.21,1440534079669,"98,180",100% bearish,of 1 rating,$10.25
DGLY,$7.58,1440534079711,"346,447",50% bullish,of 6 ratings,$20
DIOD,$18.96,1440534079817,"170,143",75% bearish,of 4 ratings,$24
DCOM,$16.14,1440534079842,"87,435",100% bearish,of 2 ratings,$16.50
DPRX,$12.275,1440534079975,"15,270",100% bullish,of 2 ratings,$27.75
DISCA,$25.82,1440534080035,"4,477,015",67% bullish,of 3 ratings,$34
DISCB,$26,1440534080059,200,100% bearish,of 1 rating,$35
DISCK,$24.21,1440534080200,"2,381,821",100% bearish,of 1 rating,$32
DVCR,$10.4,1440534080305,"10,764",100% bullish,of 1 rating,N/A
DSCO,$0.39,1440534080334,"175,078",83% bullish,of 6 ratings,$2.75
DISH,$57.83,1440534080366,"869,951",69% bullish,of 13 ratings,$73
BAGR,$2.76,1440534080463,"27,004",100% bearish,of 1 rating,$6
DLHC,$2.4,1440534080553,"4,080",100% bearish,of 1 rating,N/A
DNBF,$26.12,1440534080593,"2,749",Not yet rated,NULL,$27.50
DGICA,$13.92,1440534080619,"12,887",100% bearish,of 1 rating,$17
DLTR,$73.16,1440534080639,"1,588,929",82% bullish,of 11 ratings,$88
DGICB,NULL,1440534080827,0,100% bearish,of 1 rating,N/A
HILL,$9.66,1440534080906,"1,409,616",60% bearish,of 5 ratings,$9.75
DMLP,$13.6,1440534080934,"25,329",100% bearish,of 1 rating,N/A
DORM,$49.34,1440534080963,"181,557",100% bearish,of 1 rating,$56
DRWI,$0.23,1440534081041,"291,161",60% bullish,of 5 ratings,$.45
DWA,$19.26,1440534081096,"1,094,024",63% bullish,of 8 ratings,$26
DRWIW,$0.06,1440534081174,124,Not yet rated,NULL,N/A
DRYS,$0.36,1440534081350,"3,904,629",77% bullish,of 31 ratings,$.60
CADT,NULL,1440534081379,0,Not yet rated,NULL,N/A
CADTR,NULL,1440534081420,0,Not yet rated,NULL,N/A
DSPG,$8.27,1440534081449,"136,865",100% bearish,of 1 rating,$13.50
DSKX,$2.78,1440534081478,"207,834",100% bullish,of 1 rating,N/A
CADTU,NULL,1440534081549,0,Not yet rated,NULL,N/A
DTSI,$25.52,1440534081640,"153,491",100% bearish,of 2 ratings,$39.50
CADTW,NULL,1440534081690,0,Not yet rated,NULL,N/A
DNKN,$49.88,1440534081872,"1,076,377",67% bullish,of 15 ratings,$56.50
DXPE,$27.57,1440534082011,"132,312",50% bullish,of 2 ratings,N/A
DRRX,$1.91,1440534082064,"202,365",50% bullish,of 6 ratings,$3
BOOM,$9.38,1440534082093,"46,078",67% bullish,of 3 ratings,$12
DYAX,$21.8294,1440534082200,"671,406",89% bullish,of 9 ratings,$30
DYSL,$1.5,1440534082256,"23,300",100% bullish,of 2 ratings,N/A
ETFC,$24.14,1440534082306,"2,977,694",57% bullish,of 14 ratings,$33
EBMT,$11.21,1440534082334,"13,131",Not yet rated,NULL,$13.50
DYNT,$2.89,1440534082360,"8,209",75% bullish,of 4 ratings,N/A
EGBN,$40.51,1440534082535,"114,146",Not yet rated,NULL,$48
DVAX,$26.0746,1440534082601,"313,155",70% bullish,of 10 ratings,$40
EGLE,$6.19,1440534082628,"36,638",60% bullish,of 5 ratings,N/A
EGRX,$69.9461,1440534082700,"364,968",67% bullish,of 3 ratings,$97
EROC,$1.14,1440534082875,"366,926",50% bullish,of 2 ratings,$3
ELNK,$8.0734,1440534082942,"627,076",60% bullish,of 5 ratings,$9.50
EWBC,$37.5,1440534083050,"1,397,667",100% bearish,of 1 rating,$50
EML,$16.54,1440534083077,"7,540",Not yet rated,NULL,N/A
EACQU,$10.2,1440534083107,"4,900",Not yet rated,NULL,N/A
EBAY,$25.23,1440534083135,"13,984,782",81% bullish,of 117 ratings,$48
EVBS,$6.52,1440534083213,"8,873",Not yet rated,NULL,$7
EBIX,$26.01,1440534083264,"290,253",69% bullish,of 13 ratings,$40
ECHO,$22.93,1440534083432,"350,969",67% bearish,of 3 ratings,$35.50
ELON,$0.525,1440534083503,"82,803",50% bullish,of 2 ratings,N/A
ECTE,$1.3,1440534083528,"54,757",75% bullish,of 4 ratings,N/A
SATS,$42.02,1440534083572,"129,652",50% bullish,of 2 ratings,$60
ECACU,NULL,1440534083706,0,Not yet rated,NULL,N/A
EEI,$10.78,1440534083733,"8,938",67% bearish,of 3 ratings,N/A
ESES,$3.04,1440534083866,"28,133",100% bearish,of 1 rating,$7
EDGW,$6.74,1440534083898,"5,695",100% bearish,of 1 rating,N/A
EDAP,$3.32,1440534083970,"54,456",60% bullish,of 5 ratings,$4.50
EGAN,$3.24,1440534083999,"42,302",50% bullish,of 2 ratings,$6.25
EDUC,$4.94,1440534084022,"11,469",100% bearish,of 1 rating,N/A
EFUT,$3.923,1440534084050,"1,650",Not yet rated,NULL,N/A
EGLT,$11,1440534084247,"62,984",50% bullish,of 2 ratings,$21
LOCO,$12.0827,1440534084391,"1,159,584",69% bullish,of 13 ratings,$20
EHTH,$13.15,1440534084421,"74,399",50% bullish,of 4 ratings,$16.50
ESLT,$76.52,1440534084446,"10,938",67% bullish,of 3 ratings,N/A
EMITF,$1.25,1440534084523,"14,318",75% bullish,of 4 ratings,N/A
ERI,$9.09,1440534084657,"57,779",100% bearish,of 1 rating,$10
EA,$63.54,1440534084711,"3,720,614",77% bullish,of 35 ratings,$80
ELRC,$10.36,1440534084736,"44,369",100% bearish,of 1 rating,N/A
ESIO,$4.35,1440534084873,"81,022",50% bullish,of 2 ratings,$10
ELSE,$4,1440534084900,"2,500",60% bullish,of 5 ratings,N/A
EFII,$42.95,1440534084930,"269,575",80% bullish,of 5 ratings,$55
ELECU,$9.98,1440534084977,"2,000",Not yet rated,NULL,N/A
ELECW,NULL,1440534085135,0,Not yet rated,NULL,N/A
EBIO,$3.33,1440534085163,"98,484",100% bearish,of 2 ratings,$8.35
RDEN,$9.88,1440534085206,"80,793",100% bearish,of 4 ratings,$15
ELEC,NULL,1440534085266,0,Not yet rated,NULL,N/A
CAPX,$21.29,1440534085542,"1,600",Not yet rated,NULL,N/A
ESBK,$19.83,1440534085578,800,Not yet rated,NULL,N/A
ELTK,$1.06,1440534085638,"1,430",67% bearish,of 3 ratings,N/A
EMKR,$6.82,1440534085668,"104,670",75% bullish,of 4 ratings,$8.50
EMMSP,NULL,1440534085699,0,100% bearish,of 1 rating,N/A
EMCF,NULL,1440534085719,0,100% bearish,of 1 rating,N/A
EMCI,$22.15,1440534085748,"12,767",Not yet rated,NULL,N/A
LONG,$16.25,1440534085769,"205,934",67% bullish,of 3 ratings,$15.75
EMMS,$1.12,1440534085992,"28,812",67% bullish,of 6 ratings,N/A
NYNY,$3.94,1440534086046,"42,956",50% bullish,of 2 ratings,N/A
ERS,$2.77,1440534086082,"4,255",Not yet rated,NULL,N/A
ENTA,$39.2,1440534086172,"149,425",50% bullish,of 2 ratings,$42
ECPG,$37.97,1440534086274,"199,485",100% bullish,of 2 ratings,$52
WIRE,$30.45,1440534086418,"120,588",100% bearish,of 1 rating,$37
ENDP,$73.09,1440534086445,"1,626,428",50% bullish,of 6 ratings,$104
EIGI,$15.348,1440534086465,"872,372",67% bearish,of 3 ratings,$22.50
ECYT,$4.83,1440534086503,"274,081",83% bullish,of 6 ratings,$12
WATT,$5.9,1440534086593,"243,351",50% bullish,of 2 ratings,$13
ELGX,$12.5001,1440534086620,"560,141",75% bullish,of 4 ratings,$17
EFOI,$16.75,1440534086641,"478,784",50% bullish,of 2 ratings,$20.50
EXXI,$1.35,1440534086833,"1,313,315",86% bullish,of 7 ratings,$3.50
ENG,$0.96,1440534086861,"53,786",100% bullish,of 3 ratings,N/A
ERII,$2.74,1440534086936,"92,215",80% bullish,of 5 ratings,$2.50
ENOC,$8.19,1440534086960,"240,916",75% bullish,of 4 ratings,$18
ENPH,$4.858,1440534087202,"867,916",75% bullish,of 4 ratings,$11
ENFC,$17.99,1440534087232,"4,732",Not yet rated,NULL,N/A
ENTG,$13.2793,1440534087265,"460,674",100% bearish,of 1 rating,$18
ESGR,$145.96,1440534087305,"32,960",100% bearish,of 1 rating,$185
EGT,$1.92,1440534087359,"4,517",100% bullish,of 1 rating,N/A
ENTL,$21.41,1440534087384,"31,689",Not yet rated,NULL,$28
EBTC,$20.99,1440534087412,"3,255",Not yet rated,NULL,N/A
ETRM,$0.251,1440534087570,"2,522,513",69% bearish,of 35 ratings,$1.625
EFSC,$23.31,1440534087793,"59,966",Not yet rated,NULL,$27
ENVI,$1.76,1440534087830,"10,153",67% bullish,of 3 ratings,N/A
ENZY,$9.1,1440534087854,"10,170",67% bullish,of 3 ratings,$9.50
ENZN,$0.95,1440534087899,"594,360",100% bullish,of 9 ratings,N/A
EPIQ,$12.69,1440534087998,"50,338",100% bearish,of 1 rating,$18
EPRS,$4.76,1440534088025,"39,078",82% bullish,of 11 ratings,$15
EPZM,$17.5819,1440534088098,"363,854",60% bullish,of 5 ratings,$34
PLUS,$73.15,1440534088158,"86,576",50% bullish,of 2 ratings,$88
EAC,$3.2,1440534088315,"20,418",100% bearish,of 1 rating,$8
EQIX,$251.11,1440534088346,"739,681",75% bullish,of 4 ratings,$312.50
EQFN,NULL,1440534088372,0,100% bearish,of 1 rating,N/A
ERIE,$80.29,1440534088441,"43,087",Not yet rated,NULL,$73
ESCR,$0.18,1440534088576,"37,163",50% bullish,of 2 ratings,N/A
ESCA,$16.78,1440534088605,"9,890",100% bearish,of 1 rating,$22
ERIC,$9.43,1440534088625,"1,916,470",63% bullish,of 8 ratings,$12.20
ESPR,$50.26,1440534088816,"666,961",70% bearish,of 10 ratings,$123
ESCRP,$1.45,1440534088843,600,100% bearish,of 1 rating,N/A
ESMC,$1.31,1440534088868,100,Not yet rated,NULL,N/A
ESSA,$12.65,1440534088919,"11,284",100% bearish,of 1 rating,N/A
ETSY,$12.87,1440534089139,"412,843",80% bullish,of 5 ratings,$16
ESND,$33.07,1440534089477,"117,260",100% bearish,of 2 ratings,$40
EEFT,$62.54,1440534089527,"206,659",100% bearish,of 1 rating,$67.50
ESEA,$5.75,1440534089554,"2,782",100% bullish,of 1 rating,$15
CLWT,$2.5,1440534089574,459,100% bearish,of 1 rating,N/A
ESSX,$0.43,1440534089608,"88,581",50% bullish,of 2 ratings,N/A
EVK,NULL,1440534089634,0,75% bearish,of 4 ratings,N/A
EPIX,NULL,1440534089654,0,Not yet rated,NULL,N/A
EVEP,$7.055,1440534089677,"267,808",50% bullish,of 2 ratings,$15
EVOL,$5.98,1440534090138,"18,001",75% bullish,of 4 ratings,$10
EVLV,$1.96,1440534090171,"292,116",60% bullish,of 5 ratings,$6.50
EVOK,$3.7,1440534090223,"51,794",100% bearish,of 1 rating,$13.375
EXA,$10.71,1440534090271,"5,394",100% bearish,of 1 rating,$13
EXEL,$5.23,1440534090295,"3,868,167",81% bullish,of 16 ratings,$6
EXAC,$17.79,1440534090324,"37,241",100% bearish,of 1 rating,$22.50
EXAS,$20.3352,1440534090349,"909,373",78% bullish,of 9 ratings,$31
EXPE,$108.42,1440534090428,"1,148,557",64% bullish,of 11 ratings,$130
EXFO,$2.6,1440534090576,"35,952",67% bearish,of 3 ratings,$3.95
EXLS,$34.79,1440534090606,"124,468",50% bullish,of 2 ratings,$41
ESRX,$80.92,1440534090636,"3,931,298",67% bearish,of 6 ratings,$101
EXTR,$2.68,1440534090767,"442,552",80% bullish,of 5 ratings,$3
EXPD,$47.49,1440534090793,"1,946,108",80% bullish,of 5 ratings,$51.50
EXPO,$41.08,1440534090813,"71,915",100% bearish,of 1 rating,$45.50
EYEG,$3.93,1440534090960,"22,750",Not yet rated,NULL,N/A
EXLP,$18.02,1440534091109,"188,849",100% bearish,of 1 rating,$25
EYEGW,NULL,1440534091260,0,Not yet rated,NULL,N/A
EZCH,$20.74,1440534091312,"49,389",75% bullish,of 8 ratings,$19.50
FRP,$15.1,1440534091337,"108,391",100% bearish,of 1 rating,$18
FCS,$12.66,1440534091366,"532,280",67% bearish,of 3 ratings,$17
FB,$83.02,1440534091393,"33,012,847",73% bullish,of 1066 ratings,$111
EZPW,$5.65,1440534091417,"455,886",50% bullish,of 4 ratings,$7.50
FFIV,$117.47,1440534091469,"811,770",63% bullish,of 8 ratings,$132
DAVE,$13.95,1440534091615,"12,883",100% bearish,of 1 rating,$15.50
FWM,$2.37,1440534091754,"292,241",100% bearish,of 2 ratings,$3.20
FARM,$21.02,1440534091786,"27,976",100% bearish,of 1 rating,$35
FARO,$37.15,1440534091808,"142,442",50% bullish,of 2 ratings,$48
FALC,$1.51,1440534091839,"30,779",63% bearish,of 8 ratings,N/A
FFKT,$25.34,1440534091860,"14,763",Not yet rated,NULL,$29
FMNB,$8,1440534091890,"11,529",Not yet rated,NULL,N/A
FATE,$6.13,1440534092205,"42,011",50% bullish,of 2 ratings,$11
FAST,$37,1440534092263,"4,385,751",80% bullish,of 5 ratings,$45.50
FBSS,$15.92,1440534092312,"2,365",Not yet rated,NULL,N/A
FNHC,$21.36,1440534092340,"57,530",100% bearish,of 1 rating,$35
FBRC,$21.23,1440534092392,"14,598",100% bearish,of 1 rating,$29
FEIC,$72.7,1440534092445,"248,806",50% bullish,of 2 ratings,$95.50
FDML,$8.46,1440534092485,"180,698",50% bullish,of 4 ratings,$14
FENX,$9.41,1440534092575,"70,665",100% bullish,of 1 rating,$14.25
FCSC,$5.48,1440534092713,"189,048",100% bearish,of 1 rating,$8.125
FGEN,$22.7068,1440534092772,"247,287",100% bearish,of 1 rating,$39
FHCO,$1.36,1440534092841,"53,508",50% bullish,of 4 ratings,N/A
ONEQ,$178.35,1440534092900,"63,468",100% bullish,of 1 rating,N/A
FDUS,$13.65,1440534092924,"43,143",50% bullish,of 2 ratings,$18
LION,$18.4076,1440534093090,"120,214",100% bullish,of 1 rating,$20
FRGI,$51.3181,1440534093137,"148,404",50% bullish,of 2 ratings,$70
FSAM,$8.58,1440534093438,"13,814",100% bearish,of 1 rating,$11
FSFR,$8.75,1440534093484,"157,722",100% bearish,of 1 rating,$11.50
FSC,$6.14,1440534093510,"920,217",75% bullish,of 4 ratings,$8
FITB,$18.23,1440534093540,"7,241,502",54% bullish,of 13 ratings,$22
FSCFL,$24.85,1440534093639,"3,432",Not yet rated,NULL,N/A
FITBI,$27.07,1440534093733,"21,001",Not yet rated,NULL,N/A
FISI,$24.4,1440534093766,"55,754",100% bullish,of 2 ratings,$24.50
FNGN,$31.01,1440534093895,"309,945",67% bullish,of 3 ratings,$47
FNSR,$14.69,1440534093920,"650,961",71% bullish,of 7 ratings,$24.50
FNJN,$1.59,1440534094084,"27,483",100% bearish,of 1 rating,$5
FNTCU,$10.42,1440534094148,274,Not yet rated,NULL,N/A
FNTC,NULL,1440534094271,0,Not yet rated,NULL,N/A
FNTCW,$0.3111,1440534094375,514,Not yet rated,NULL,N/A
FNLC,$18.08,1440534094543,"13,172",100% bullish,of 1 rating,N/A
FBNC,$16.4,1440534094569,"30,364",100% bullish,of 1 rating,$20
FEYE,$37,1440534094589,"3,308,989",87% bullish,of 15 ratings,$55.50
BUSE,$6.22,1440534094723,"351,165",Not yet rated,NULL,$6.875
FRBA,$5.97,1440534094783,"2,004",Not yet rated,NULL,$8
FBIZ,$43.26,1440534094854,"7,772",100% bearish,of 2 ratings,$52
FCAP,$26.5,1440534094915,"1,025",Not yet rated,NULL,N/A
FCVA,$4.6,1440534094939,"3,450",Not yet rated,NULL,N/A
FCNCA,$227.8061,1440534095079,"12,171",Not yet rated,NULL,N/A
FCFS,$38.14,1440534095131,"202,144",100% bearish,of 3 ratings,$48
FCLF,$9.35,1440534095155,"1,534",Not yet rated,NULL,N/A
FCBC,$16.95,1440534095179,"17,276",Not yet rated,NULL,$18
FCCO,$11.89,1440534095335,"2,388",Not yet rated,NULL,$13.25
FDEF,$36.43,1440534095497,"31,945",Not yet rated,NULL,$38
FBNK,$16.47,1440534095522,"29,793",100% bearish,of 1 rating,$17.50
FCFP,$6.9,1440534095545,"2,500",Not yet rated,NULL,N/A
FFNM,$6.37,1440534095573,"1,751",Not yet rated,NULL,N/A
FFBCW,$6.3,1440534095754,100,100% bearish,of 1 rating,N/A
FFIN,$29.23,1440534095781,"306,408",50% bullish,of 2 ratings,$31.75
FFBC,$17.66,1440534095806,"143,943",67% bearish,of 3 ratings,$20.25
INBK,$29,1440534096026,"15,225",50% bullish,of 2 ratings,$37
FFWM,$20.59,1440534096188,"8,000",Not yet rated,NULL,$24
FFNW,$11.91,1440534096247,"44,905",Not yet rated,NULL,$14
THFF,$32.62,1440534096272,"18,127",Not yet rated,NULL,$35
FIBK,$25.68,1440534096293,"97,718",Not yet rated,NULL,$32
FMBH,$22,1440534096424,752,Not yet rated,NULL,N/A
FRME,$24.99,1440534096475,"130,572",Not yet rated,NULL,$26.50
FNBC,$32.86,1440534096527,"58,458",Not yet rated,NULL,$41.50
FMBI,$16.73,1440534096617,"332,002",Not yet rated,NULL,$20
FNWB,$11.8,1440534096748,"6,594",Not yet rated,NULL,N/A
FNFG,$8.57,1440534096779,"2,090,131",80% bullish,of 5 ratings,$9
FSFG,$29.8,1440534096806,"2,100",Not yet rated,NULL,N/A
FSLR,$44.38,1440534096881,"1,752,102",74% bullish,of 39 ratings,$65
FSGI,$2.48,1440534096907,"4,374",Not yet rated,NULL,N/A
BICK,$19.18,1440534097041,620,100% bullish,of 1 rating,N/A
FSBK,$7.44,1440534097171,"4,244",100% bullish,of 1 rating,N/A
FBZ,$10.06,1440534097195,880,Not yet rated,NULL,N/A
FCAN,$22.88,1440534097326,"24,885",Not yet rated,NULL,N/A
FTCS,$35,1440534097350,"56,084",100% bearish,of 1 rating,N/A
FV,$22.2,1440534097495,"3,350,010",100% bearish,of 1 rating,N/A
FCA,$19.35,1440534097549,"1,725",Not yet rated,NULL,N/A
IFV,$17.28,1440534097574,"905,561",100% bearish,of 1 rating,N/A
FTSM,$59.87,1440534097656,"20,899",100% bearish,of 1 rating,N/A
FEMB,NULL,1440534097707,0,Not yet rated,NULL,N/A
TDIV,$23.25,1440534097855,"226,462",100% bearish,of 1 rating,N/A
FEUZ,$30.92,1440534097880,208,Not yet rated,NULL,N/A
FGM,$34.97,1440534097915,"30,324",Not yet rated,NULL,N/A
MDIV,$18.64,1440534097943,"261,215",Not yet rated,NULL,N/A
FTGC,$21.76,1440534098046,"189,059",Not yet rated,NULL,N/A
FTHI,$19.1644,1440534098096,"2,698",Not yet rated,NULL,N/A
HYLS,$48.79,1440534098124,"35,152",100% bearish,of 1 rating,N/A
FHK,$32.09,1440534098465,"70,167",Not yet rated,NULL,N/A
FPXI,$26.8,1440534098513,"1,367",Not yet rated,NULL,N/A
SKYY,$27.32,1440534098568,"94,619",100% bullish,of 1 rating,N/A
CU,$12.41,1440534098604,"9,325",100% bearish,of 1 rating,N/A
YDIV,$16.3,1440534098629,"7,442",Not yet rated,NULL,N/A
FJP,$45.13,1440534098659,"17,589",Not yet rated,NULL,N/A
PLTM,$6.18,1440534098758,"5,061",100% bearish,of 1 rating,N/A
FTLB,$19.16,1440534098814,"1,532",100% bearish,of 1 rating,N/A
LMBS,$50.07,1440534098945,"3,037",Not yet rated,NULL,N/A
FMB,$51.26,1440534099082,"4,949",Not yet rated,NULL,N/A
FONE,$33.683,1440534099110,250,Not yet rated,NULL,N/A
CIBR,$17.43,1440534099190,"87,209",Not yet rated,NULL,N/A
QABA,$36.45,1440534099253,"23,330",100% bearish,of 1 rating,N/A
QCLN,$14,1440534099320,"24,714",Not yet rated,NULL,N/A
GRID,NULL,1440534099355,0,100% bearish,of 1 rating,N/A
RDVY,$20.5,1440534099489,"6,810",Not yet rated,NULL,N/A
QQEW,$39.48,1440534099594,"404,811",Not yet rated,NULL,N/A
CARZ,$33.38,1440534099622,"36,688",100% bearish,of 1 rating,N/A
QTEC,$37.44,1440534099649,"78,686",Not yet rated,NULL,N/A
QQXT,$38.43,1440534099669,"53,234",Not yet rated,NULL,N/A
QINC,$19.96,1440534099800,"1,004",Not yet rated,NULL,N/A
AIRR,$15.71,1440534099934,"9,980",100% bearish,of 1 rating,N/A
FKO,$22,1440534100039,"1,230",Not yet rated,NULL,N/A
FTSL,$48.57,1440534100087,"95,070",100% bearish,of 1 rating,N/A
FDIV,$46.75,1440534100218,"3,511",100% bearish,of 1 rating,N/A
FTW,$30.03,1440534100246,"3,000",Not yet rated,NULL,N/A
FSZ,$38.91,1440534100277,"47,839",Not yet rated,NULL,N/A
FUNC,$8.16,1440534100374,"4,623",Not yet rated,NULL,N/A
FKU,$41.09,1440534100401,"28,032",Not yet rated,NULL,N/A
TUSA,$23.8926,1440534100428,385,Not yet rated,NULL,N/A
SVVC,$9.4,1440534100592,"19,072",50% bullish,of 2 ratings,$26
FMER,$16.98,1440534100742,"1,479,493",50% bullish,of 2 ratings,$20
FSV,$31.04,1440534100769,"12,592",Not yet rated,NULL,$33.60
FISV,$80.07,1440534100797,"1,358,965",100% bearish,of 3 ratings,$90
FIVE,$35.6378,1440534100832,"597,028",75% bearish,of 4 ratings,$44
FPRX,$18.8165,1440534100899,"259,486",50% bullish,of 2 ratings,$35
FIVN,$4.15,1440534101060,"136,006",100% bullish,of 1 rating,$8.50
FLML,$21.5713,1440534101087,"283,388",50% bullish,of 2 ratings,$30
MBSD,$24.96,1440534101263,800,Not yet rated,NULL,N/A
FLKS,$12.73,1440534101295,"46,103",50% bullish,of 2 ratings,$27
SKOR,NULL,1440534101360,0,Not yet rated,NULL,N/A
FLXN,$23.1313,1440534101390,"53,909",100% bearish,of 1 rating,$40
FLXS,$31.24,1440534101418,"27,913",100% bearish,of 2 ratings,N/A
FLIR,$27.06,1440534101662,"836,005",100% bearish,of 1 rating,$38.50
FLEX,$10.1885,1440534101725,"2,990,370",63% bullish,of 8 ratings,$12
FOMX,$9.6339,1440534101825,"125,071",50% bullish,of 2 ratings,$23.50
FLDM,$11.9362,1440534101855,"396,957",67% bearish,of 3 ratings,$21.50
FOGO,$17.9,1440534101881,"127,143",50% bullish,of 2 ratings,$25.50
FFIC,$19.34,1440534101929,"83,590",Not yet rated,NULL,$21
FONR,$9.22,1440534101956,"12,066",100% bullish,of 1 rating,N/A
FES,$0.89,1440534102198,"16,587",50% bullish,of 2 ratings,$1
FORM,$5.95,1440534102270,"216,313",67% bullish,of 3 ratings,$10.50
FORTY,$31.46,1440534102438,151,100% bearish,of 1 rating,N/A
FTNT,$40.64,1440534102570,"1,161,409",80% bullish,of 10 ratings,$52
FORR,$31.5,1440534102596,"30,190",Not yet rated,NULL,N/A
FBIO,$2.49,1440534102616,"178,543",83% bullish,of 6 ratings,N/A
FWRD,$44.63,1440534102749,"204,209",100% bearish,of 1 rating,$50
FORD,$1.3,1440534102877,"6,511,594",67% bullish,of 3 ratings,N/A
FOSL,$57.82,1440534102905,"946,557",50% bullish,of 4 ratings,$80
FWP,$24.76,1440534102931,"44,562",100% bearish,of 1 rating,$45
FMI,$20.5421,1440534102978,"204,762",100% bearish,of 2 ratings,$27.50
FXCB,$17.04,1440534103125,"16,350",Not yet rated,NULL,$19
FRAN,$10.37,1440534103229,"345,969",50% bullish,of 4 ratings,$15
FOXF,$15.26,1440534103337,"76,198",100% bearish,of 1 rating,$19
FRED,$12.79,1440534103394,"160,019",50% bullish,of 2 ratings,$16.50
FELE,$27.64,1440534103482,"129,718",50% bullish,of 4 ratings,$33
FREE,$0.34,1440534103511,"472,488",92% bullish,of 12 ratings,N/A
RAIL,$18.89,1440534103614,"107,057",100% bearish,of 1 rating,$24.50
FRPT,$12.55,1440534103752,"324,408",67% bearish,of 3 ratings,$23.50
FTR,$4.92,1440534103843,"12,168,444",78% bullish,of 27 ratings,$6.25
FTRPR,$99,1440534103882,"125,312",100% bearish,of 1 rating,N/A
FEIM,$10.75,1440534103949,"4,138",100% bearish,of 1 rating,N/A
FSBW,$22.76,1440534104075,"3,528",Not yet rated,NULL,N/A
FRPH,$29.55,1440534104158,"3,975",100% bearish,of 1 rating,N/A
FSYS,$5.96,1440534104262,"35,700",67% bullish,of 3 ratings,$10
FTD,$28.23,1440534104401,"112,797",100% bearish,of 1 rating,$40
FTEK,$1.96,1440534104537,"32,697",75% bullish,of 4 ratings,N/A
FCEL,$0.7376,1440534104597,"1,504,173",88% bullish,of 40 ratings,$2.65
FULL,$3.06,1440534104695,"56,410",67% bearish,of 3 ratings,$4.25
FLL,$1.5,1440534104723,"12,469",75% bullish,of 4 ratings,$3.50
FULLL,$24.95,1440534104753,"5,422",Not yet rated,NULL,N/A
FULT,$11.61,1440534104782,"820,738",100% bearish,of 1 rating,$13
FSNN,$2.35,1440534104852,"6,800",67% bullish,of 3 ratings,$6
FFHL,NULL,1440534104881,0,50% bullish,of 4 ratings,N/A
FXEN,$0.7988,1440534105013,"63,519",75% bullish,of 4 ratings,$1.10
GK,$66.29,1440534105178,"97,747",Not yet rated,NULL,$78
WILC,$4.85,1440534105222,"2,123",100% bullish,of 2 ratings,N/A
FXENP,$15.56,1440534105283,"1,130",100% bearish,of 1 rating,N/A
GLPG,$62.92,1440534105439,"19,683",100% bullish,of 1 rating,$75
GALTU,NULL,1440534105470,0,100% bearish,of 1 rating,N/A
GALT,$1.85,1440534105496,"71,711",80% bullish,of 5 ratings,N/A
GAIA,$5.85,1440534105517,"18,684",50% bullish,of 2 ratings,$8.50
GALE,$1.6,1440534105582,"1,493,747",89% bullish,of 47 ratings,$4
GALTW,NULL,1440534105714,0,100% bullish,of 1 rating,N/A
GLMD,$7.35,1440534105743,"32,087",67% bullish,of 3 ratings,$20.50
GRMN,$36.7,1440534105849,"1,262,376",50% bullish,of 6 ratings,$48
GPIC,$10.27,1440534105882,"1,900",100% bearish,of 1 rating,N/A
GGAC,$9.82,1440534105908,"4,200",100% bearish,of 1 rating,N/A
GLPI,$30.87,1440534105958,"430,836",100% bearish,of 1 rating,$37.50
GGACR,NULL,1440534105986,0,100% bullish,of 1 rating,N/A
GGACU,NULL,1440534106087,0,Not yet rated,NULL,N/A
GARS,$13.97,1440534106267,"31,264",Not yet rated,NULL,$16
GGACW,$0.1068,1440534106350,"2,100",Not yet rated,NULL,N/A
GENC,$9.25,1440534106410,"3,350",100% bearish,of 1 rating,N/A
GFNCP,$89.01,1440534106438,306,Not yet rated,NULL,N/A
GNCMA,$16.31,1440534106480,"141,845",100% bearish,of 1 rating,$12
GFN,$3.47,1440534106507,"77,386",100% bearish,of 2 ratings,$8
GENE,$2.07,1440534106541,"96,237",100% bullish,of 12 ratings,N/A
GFNSL,$25.59,1440534106580,"3,050",Not yet rated,NULL,N/A
GNCA,$12.342,1440534106854,"102,333",100% bearish,of 1 rating,$20
GNMK,$9.132,1440534106983,"246,274",67% bullish,of 6 ratings,$14
GNTX,$14.76,1440534107111,"1,736,367",Not yet rated,NULL,$20
GHDX,$24.4197,1440534107178,"149,586",50% bullish,of 2 ratings,$30
THRM,$42.18,1440534107209,"156,606",75% bearish,of 4 ratings,$55.50
GNVC,$2.26,1440534107626,"35,628",90% bullish,of 10 ratings,$8.50
GEOS,$14.2,1440534107683,"131,406",100% bearish,of 3 ratings,$21
GABC,$28.72,1440534107732,"18,260",Not yet rated,NULL,$31.50
GTWN,$18.54,1440534107780,"1,735",Not yet rated,NULL,N/A
GERN,$3.0456,1440534107811,"1,526,277",88% bullish,of 16 ratings,$5.25
GEVO,$2.44,1440534107836,"937,610",75% bullish,of 12 ratings,$5
ROCK,$16.1,1440534107911,"104,877",80% bullish,of 5 ratings,$24
GIGM,$0.5704,1440534107982,"81,125",100% bullish,of 2 ratings,N/A
GIGA,$1.46,1440534108139,"211,139",100% bearish,of 1 rating,N/A
GIII,$63.5,1440534108234,"178,247",67% bullish,of 3 ratings,$75
GILT,$4.27,1440534108266,"16,313",50% bullish,of 2 ratings,N/A
GILD,$103.01,1440534108291,"12,827,068",91% bullish,of 87 ratings,$129
GBCI,$24.33,1440534108317,"286,167",50% bullish,of 2 ratings,$31
GLAD,$8.02,1440534108450,"102,986",50% bullish,of 2 ratings,$8.75
GLADO,$25.22,1440534108474,"2,951",Not yet rated,NULL,N/A
GOOD,$14,1440534108651,"148,297",Not yet rated,NULL,$19
GOODO,$25.1,1440534108748,650,Not yet rated,NULL,N/A
GOODN,$25.3,1440534108779,"1,200",Not yet rated,NULL,N/A
GAIN,$7.25,1440534108805,"205,092",100% bullish,of 2 ratings,$8.25
GOODP,$25.01,1440534108833,900,Not yet rated,NULL,N/A
GAINN,$25.19,1440534108858,"81,855",Not yet rated,NULL,N/A
GAINO,$25.11,1440534108884,"3,103",Not yet rated,NULL,N/A
GAINP,$25.89,1440534109077,"3,170",Not yet rated,NULL,N/A
GBT,$42.87,1440534109569,"81,473",100% bearish,of 1 rating,N/A
LAND,$9.2,1440534109597,"21,140",50% bullish,of 2 ratings,$13.75
GLBZ,NULL,1440534109699,0,Not yet rated,NULL,N/A
GDEF,NULL,1440534109756,0,Not yet rated,NULL,N/A
GBLI,$26.68,1440534109888,"12,540",Not yet rated,NULL,N/A
GPACU,$10.1,1440534109918,27,Not yet rated,NULL,N/A
ENT,$10.983,1440534109948,"308,292",100% bearish,of 1 rating,$18
GSOL,$8.19,1440534110022,"41,820",100% bearish,of 1 rating,N/A
ACTX,$12.75,1440534110278,"1,102",100% bullish,of 1 rating,N/A
QQQC,$18.44,1440534110305,"5,125",100% bearish,of 1 rating,N/A
SOCL,$16.63,1440534110337,"72,865",100% bullish,of 2 ratings,N/A
YLCO,$11.8,1440534110433,570,Not yet rated,NULL,N/A
ALTY,NULL,1440534110462,0,Not yet rated,NULL,N/A
SRET,$13.01,1440534110486,"2,654",Not yet rated,NULL,N/A
GAI,$5.8,1440534110510,"9,496",50% bullish,of 2 ratings,N/A
GBIM,$2.11,1440534111031,"9,380",50% bullish,of 2 ratings,N/A
GLBS,$1.08,1440534111081,108,67% bullish,of 3 ratings,N/A
GLRI,$1.02,1440534111130,"9,854",100% bearish,of 1 rating,$4.25
GLYC,$7.01,1440534111199,"22,769",50% bullish,of 2 ratings,$14
GOGO,$15.01,1440534111228,"935,133",80% bullish,of 5 ratings,$25
GSM,$12.16,1440534111254,"308,698",50% bullish,of 2 ratings,$23
GLNG,$33.17,1440534111281,"635,947",83% bullish,of 6 ratings,$58
GLUU,$4.24,1440534111305,"1,526,602",92% bullish,of 26 ratings,$9
GMLP,$17.46,1440534111539,"266,052",50% bullish,of 4 ratings,$32.50
GDEN,$8.99,1440534111643,"7,183",50% bullish,of 2 ratings,N/A
GLDC,$4.0999,1440534111679,"1,000",50% bullish,of 2 ratings,N/A
GTIM,$6.5,1440534111819,"58,583",Not yet rated,NULL,$11.50
GOGL,$2.57,1440534111852,"307,800",75% bullish,of 4 ratings,$5
GBDC,$16.27,1440534111904,"316,613",Not yet rated,NULL,$17.75
GOOGL,$612.47,1440534111950,"1,875,090",88% bullish,of 1080 ratings,$749
GOOG,$582.06,1440534111974,"1,921,832",89% bullish,of 70 ratings,$825
GMAN,$4.2,1440534112249,"33,741",60% bullish,of 5 ratings,$8.50
GPRO,$46.99,1440534112274,"5,901,589",78% bullish,of 58 ratings,$72
GPIAU,$9.94,1440534112313,"4,900",Not yet rated,NULL,N/A
GPIAW,NULL,1440534112349,0,Not yet rated,NULL,N/A
LOPE,$35.9,1440534112413,"203,916",100% bearish,of 2 ratings,$50
GPIA,NULL,1440534112439,0,Not yet rated,NULL,N/A
GRVY,$3.17,1440534112479,"3,202",50% bullish,of 2 ratings,N/A
GBSN,$0.55,1440534112796,"4,497,777",100% bearish,of 1 rating,$8.25
GBSNU,NULL,1440534112820,0,NULL,NULL,NULL
GLDD,$5.1,1440534112900,"224,802",100% bearish,of 4 ratings,$7.75
GSBC,$37.95,1440534112948,"33,911",100% bullish,of 1 rating,$44
GNBC,$11.16,1440534113003,"49,153",100% bearish,of 1 rating,$17
GPP,$13.32,1440534113041,"86,425",Not yet rated,NULL,$20.50
GRBK,$12.2023,1440534113065,"182,916",77% bullish,of 13 ratings,N/A
GPRE,$17.59,1440534113093,"579,102",67% bullish,of 6 ratings,$28.50
GRFS,$30.72,1440534113374,"192,961",50% bullish,of 2 ratings,$35
GCBC,NULL,1440534113478,0,100% bullish,of 1 rating,N/A
GRIF,NULL,1440534113577,0,100% bearish,of 1 rating,N/A
GRPN,$4.005,1440534113629,"5,098,017",61% bullish,of 71 ratings,$6.75
GLRE,$23.77,1440534113655,"113,722",50% bullish,of 2 ratings,$41
OMAB,$38.96,1440534113680,"30,864",100% bullish,of 1 rating,$44
GGAL,$17.4,1440534114043,"205,021",80% bullish,of 5 ratings,$40
GSIG,$12.16,1440534114068,"115,004",100% bearish,of 2 ratings,N/A
GSVC,$8.2,1440534114199,"64,368",50% bullish,of 2 ratings,$14.50
GSIT,$4.75,1440534114224,"48,541",100% bearish,of 1 rating,N/A
GBNK,$15.36,1440534114249,"38,002",100% bearish,of 1 rating,$18
GTXI,$0.784,1440534114273,"60,269",100% bullish,of 5 ratings,$.75
GFED,$14.61,1440534114586,709,Not yet rated,NULL,$17
GIFI,$11.15,1440534114653,"43,455",100% bearish,of 1 rating,$16
GUID,$6.8,1440534114723,"94,751",100% bearish,of 3 ratings,$10
GULTU,$0.275,1440534114757,"44,327",100% bearish,of 1 rating,N/A
GWPH,$100.27,1440534114820,"103,343",78% bullish,of 9 ratings,$148.50
GWGH,$7.28,1440534114850,200,100% bearish,of 1 rating,$15.05
GURE,$1.64,1440534114877,"69,591",88% bullish,of 8 ratings,N/A
GPOR,$32.78,1440534114923,"1,191,778",75% bullish,of 4 ratings,$55
GYRO,$2.89,1440534115088,"18,650",100% bearish,of 1 rating,N/A
HEES,$16.2687,1440534115344,"231,497",67% bearish,of 3 ratings,$31
HALL,$11.01,1440534115447,"22,091",Not yet rated,NULL,N/A
HLG,$8.45,1440534115474,"4,900",100% bearish,of 1 rating,N/A
HNRG,$7.26,1440534115531,"82,442",100% bearish,of 1 rating,$10
HBK,$13.53,1440534115735,435,50% bullish,of 2 ratings,N/A
HALO,$16.88,1440534115796,"1,211,490",67% bullish,of 3 ratings,$22.50
HMPR,$1.8,1440534115827,"31,835",100% bullish,of 1 rating,N/A
HBHC,$25.33,1440534115861,"721,764",50% bullish,of 2 ratings,$30
HAFC,$23.21,1440534115927,"172,416",100% bullish,of 2 ratings,$28.50
HBHCL,$24.15,1440534115957,"23,628",Not yet rated,NULL,N/A
HNH,$25.86,1440534116060,"9,330",100% bullish,of 1 rating,N/A
HNSN,$0.5,1440534116130,"81,723",88% bullish,of 8 ratings,$.40
HQCL,$11.005,1440534116191,"135,813",67% bullish,of 3 ratings,$14
HLIT,$5.49,1440534116335,"443,100",100% bearish,of 1 rating,$6.50
HDNG,$9.62,1440534116360,"8,469",50% bullish,of 4 ratings,N/A
HRMN,NULL,1440534116418,0,Not yet rated,NULL,N/A
HRMNW,NULL,1440534116599,0,Not yet rated,NULL,N/A
TINY,$2.45,1440534116726,"44,141",50% bullish,of 2 ratings,$5.26
HART,$0.8148,1440534116754,"96,501",100% bearish,of 1 rating,N/A
HCAPL,$25.42,1440534116801,"1,800",Not yet rated,NULL,N/A
HRMNU,NULL,1440534116830,0,Not yet rated,NULL,N/A
HCAP,$12.1,1440534116850,"2,326",50% bullish,of 2 ratings,$15
HBIO,$4.36,1440534116884,"63,381",Not yet rated,NULL,$10
HAS,$71.53,1440534116998,"1,605,106",63% bullish,of 8 ratings,$84.50
HWKN,$35.18,1440534117227,"13,396",Not yet rated,NULL,N/A
HCOM,$22.1,1440534117286,"18,156",100% bearish,of 1 rating,$28
HWBK,$13.14,1440534117328,600,100% bearish,of 1 rating,N/A
HA,$22.11,1440534117352,"542,964",67% bullish,of 9 ratings,$27
HDS,$30.88,1440534117858,"1,729,846",100% bearish,of 2 ratings,$39.50
HIIQ,$4.24,1440534117886,"55,404",50% bullish,of 2 ratings,$7
HQY,$28.24,1440534117912,"112,938",67% bullish,of 3 ratings,$31
HAYN,$35.38,1440534117941,"33,832",100% bearish,of 1 rating,$59
HCSG,$32.59,1440534117986,"230,934",50% bullish,of 4 ratings,$35
HTLF,$34.87,1440534118045,"24,697",100% bullish,of 1 rating,$39.50
HWAY,$11.77,1440534118182,"333,037",100% bearish,of 1 rating,$15
HSTM,$24.14,1440534118231,"69,235",50% bullish,of 2 ratings,$33.75
HTBX,$4.9,1440534118504,"12,824",50% bullish,of 2 ratings,$15.50
HTLD,$19.67,1440534118530,"414,003",Not yet rated,NULL,$22.50
HTWR,$81.2699,1440534118550,"251,754",50% bullish,of 2 ratings,$103
HSII,$20.01,1440534118720,"86,157",100% bullish,of 3 ratings,$25
HMTV,$13.15,1440534118794,"51,584",100% bearish,of 1 rating,$16
HMNY,$2.59,1440534118862,656,100% bearish,of 1 rating,N/A
HELE,$83.53,1440534118889,"202,144",67% bearish,of 3 ratings,$100
HNNA,$24.45,1440534118920,"7,801",Not yet rated,NULL,N/A
HCACU,$9.92,1440534118946,"5,400",Not yet rated,NULL,N/A
HSIC,$132.23,1440534119019,"457,740",83% bullish,of 6 ratings,$146
HERO,NULL,1440534119083,0,NULL,NULL,NULL
HTBK,$10.5,1440534119155,"38,881",Not yet rated,NULL,$12
HCCI,$10.49,1440534119350,"16,126",100% bearish,of 1 rating,$16.50
HFWA,$17.3,1440534119387,"71,929",100% bullish,of 1 rating,$20
HEOP,$7.53,1440534119481,"24,257",Not yet rated,NULL,$8.50
MLHR,$26.75,1440534119575,"544,437",50% bullish,of 2 ratings,$33.50
HRTX,$33.8156,1440534119707,"436,925",67% bullish,of 6 ratings,$41
HSKA,$32.34,1440534119781,"52,691",100% bearish,of 1 rating,$38
HIHO,$3.77,1440534119839,"7,704",Not yet rated,NULL,N/A
HFFC,$15.9,1440534119902,"3,841",Not yet rated,NULL,N/A
HIBB,$37.51,1440534119926,"315,461",100% bearish,of 1 rating,$48.50
HPJ,$2.19,1440534119970,"29,294",75% bullish,of 4 ratings,$12.43
HSGX,$5.65,1440534120115,"3,500",100% bearish,of 1 rating,$17
HIMX,$6.36,1440534120139,"654,637",86% bullish,of 21 ratings,$8.50
HIFS,$114.69,1440534120167,"2,842",Not yet rated,NULL,N/A
HMNF,$11.13,1440534120345,"14,908",Not yet rated,NULL,N/A
HOLI,$16.93,1440534120510,"317,896",50% bullish,of 4 ratings,$27
HMSY,$9.72,1440534120535,"2,546,183",67% bullish,of 3 ratings,$19.35
HBCP,$24.44,1440534120813,"1,250",Not yet rated,NULL,$29
HOMB,$36.21,1440534120877,"157,420",Not yet rated,NULL,$41
AWAY,$27.18,1440534120904,"1,061,291",67% bullish,of 3 ratings,$36
HFBL,$22,1440534120934,600,Not yet rated,NULL,N/A
HOLX,$38.19,1440534120977,"2,628,112",67% bullish,of 3 ratings,$42
HMIN,$26.93,1440534121037,"171,467",100% bearish,of 2 ratings,$35
HTBI,$17.78,1440534121061,"45,855",67% bullish,of 3 ratings,$18.625
HMST,$21.43,1440534121086,"169,238",100% bullish,of 2 ratings,$27
HKTV,$4.4,1440534121312,"75,704",100% bearish,of 1 rating,N/A
CETC,$0.6808,1440534121583,"37,149",86% bullish,of 7 ratings,N/A
HOFT,$23.09,1440534121712,"59,262",100% bearish,of 1 rating,N/A
HBNC,$22.6,1440534121843,"22,078",100% bullish,of 1 rating,$27
HFBC,$11.27,1440534121901,"6,513",Not yet rated,NULL,N/A
HZNP,$27.83,1440534122155,"1,798,957",85% bullish,of 20 ratings,$40
HOVNP,$4.76,1440534122287,800,100% bearish,of 1 rating,N/A
ZINC,$6.8768,1440534122359,"758,188",100% bearish,of 1 rating,$17
HDP,$23.18,1440534122419,"253,125",67% bearish,of 3 ratings,$30.50
HMHC,$22.5452,1440534122450,"729,815",Not yet rated,NULL,$27
HWCC,$7.25,1440534122547,"48,563",100% bearish,of 1 rating,$9
HRZN,$10.06,1440534122584,"215,172",100% bearish,of 1 rating,$14.25
HSNI,$60.2,1440534122634,"359,679",Not yet rated,NULL,$80
HBMD,$13.58,1440534122790,953,100% bearish,of 1 rating,N/A
HUBG,$36.6,1440534122817,"130,903",100% bearish,of 1 rating,$43
HTGM,$5.77,1440534123032,"12,930",100% bearish,of 1 rating,$19.50
HCBK,$8.88,1440534123056,"2,543,036",83% bullish,of 6 ratings,$8.61
HSON,$2.51,1440534123312,"41,130",100% bearish,of 1 rating,$5
HBANP,$1325,1440534123338,137,100% bearish,of 1 rating,N/A
HDSN,$3.03,1440534123403,"48,794",100% bullish,of 1 rating,$6.25
HBAN,$10.21,1440534123429,"7,877,722",76% bullish,of 17 ratings,$12.29
HTCH,$1.36,1440534123465,"165,571",100% bearish,of 1 rating,$3.50
HURN,$72.01,1440534123565,"148,507",50% bullish,of 2 ratings,$80
HURC,$28.69,1440534123642,"13,660",100% bearish,of 1 rating,N/A
HBP,$3.1,1440534124294,"16,189",100% bullish,of 1 rating,N/A
HDRA,$9.67,1440534124338,"4,902",Not yet rated,NULL,N/A
HDRAW,$0.264,1440534124368,"12,974",Not yet rated,NULL,N/A
HDRAU,NULL,1440534124388,0,Not yet rated,NULL,N/A
HDRAR,NULL,1440534124408,0,Not yet rated,NULL,N/A
HYGS,$7.53,1440534124440,"20,173",50% bullish,of 2 ratings,$13
IDSY,$3.86,1440534124460,"9,346",100% bearish,of 1 rating,$7
IACI,$67.24,1440534124769,"841,830",75% bullish,of 4 ratings,$90
ICFI,$33.54,1440534124848,"48,041",50% bullish,of 2 ratings,$48.50
IBKC,$56.72,1440534124872,"155,163",100% bullish,of 1 rating,$70
IKGH,$1.59,1440534124896,"26,728",75% bullish,of 4 ratings,N/A
ICLR,$77.3683,1440534124921,"417,878",100% bearish,of 3 ratings,$85
IEP,$68.25,1440534124947,"166,631",75% bullish,of 4 ratings,$99
ICAD,$3.37,1440534125132,"50,992",50% bullish,of 2 ratings,$7.25
INVE,$4.39,1440534125551,"61,319",75% bullish,of 4 ratings,$4
IDRA,$2.6462,1440534125642,"1,203,243",89% bullish,of 9 ratings,$6.50
ICUI,$109.93,1440534125685,"80,406",Not yet rated,NULL,$122
IPWR,$7.02,1440534125744,"13,043",100% bullish,of 1 rating,$15
ICON,$12.41,1440534125770,"877,506",50% bullish,of 2 ratings,$18.50
IDXX,$69.94,1440534125795,"541,843",100% bearish,of 1 rating,$77
DSKY,$11.0633,1440534126018,"733,730",67% bullish,of 6 ratings,$11.50
IROQ,$16.73,1440534126067,"2,670",100% bullish,of 1 rating,N/A
RXDX,$12.4,1440534126425,"206,766",100% bullish,of 1 rating,$20
IRG,$4.77,1440534126521,"11,666",100% bearish,of 1 rating,$4.50
ILMN,$189.64,1440534126569,"753,473",80% bullish,of 5 ratings,$240
IIVI,$16.62,1440534126598,"126,726",100% bearish,of 1 rating,$22
IKAN,$2.72,1440534126623,"130,659",83% bullish,of 6 ratings,$5
KANG,$15,1440534126647,"565,968",50% bullish,of 2 ratings,$22.55
IKNX,$12.81,1440534126866,260,100% bearish,of 1 rating,N/A
ISNS,$4,1440534126890,"38,045",50% bullish,of 2 ratings,N/A
IMMR,$11.466,1440534126926,"122,748",80% bullish,of 5 ratings,$15.50
IMDZ,$13.89,1440534127061,"51,069",100% bearish,of 1 rating,$33
IMNP,$1.21,1440534127138,"122,253",50% bullish,of 2 ratings,$6
ICCC,$7.67,1440534127192,"4,370",100% bullish,of 1 rating,N/A
IMGN,$13.0586,1440534127218,"990,697",75% bullish,of 4 ratings,$17.50
IMMU,$1.88,1440534127290,"654,365",86% bullish,of 7 ratings,$2
IMMY,$7.29,1440534127622,"43,038",100% bearish,of 1 rating,$11
INCY,$101.65,1440534127752,"887,476",50% bullish,of 6 ratings,$125.50
IPXL,$41.03,1440534127843,"537,125",67% bullish,of 3 ratings,$46.50
INCR,$40.8,1440534127902,"500,559",50% bullish,of 2 ratings,$53
INDB,$43.05,1440534127975,"100,723",Not yet rated,NULL,$44
IBCP,$13.97,1440534128029,"96,939",100% bullish,of 1 rating,$14.50
SAAS,$7.1714,1440534128053,"536,186",50% bullish,of 2 ratings,$15
IBTX,$38.36,1440534128264,"73,099",100% bullish,of 2 ratings,$47.25
INFI,$8.6027,1440534128495,"490,475",50% bullish,of 4 ratings,$18
IPCC,$77.29,1440534128527,"27,260",Not yet rated,NULL,$77.50
INFN,$20.41,1440534128551,"1,292,767",71% bullish,of 7 ratings,$28
IDSA,$3.45,1440534128624,"5,055",Not yet rated,NULL,N/A
IFON,$1.2,1440534128651,"57,610",75% bullish,of 4 ratings,N/A
III,$3.97,1440534128678,"68,169",57% bullish,of 7 ratings,$6
IMKTA,$50.2434,1440534128929,"88,061",100% bearish,of 1 rating,N/A
INNL,$13.31,1440534129020,"3,350",100% bearish,of 1 rating,$16.50
IPHS,$45.14,1440534129123,"94,371",100% bearish,of 1 rating,$60
IOSP,$46.45,1440534129154,"173,267",100% bearish,of 1 rating,N/A
INWK,$6.75,1440534129182,"94,306",50% bullish,of 2 ratings,$10
INOD,$2.37,1440534129257,"15,495",100% bearish,of 1 rating,N/A
INGN,$45.85,1440534129286,"137,809",100% bearish,of 1 rating,$50.50
ISSC,$2.78,1440534129325,"5,900",67% bearish,of 3 ratings,N/A
ITEK,$12.6019,1440534129411,"590,683",100% bearish,of 3 ratings,$20
INO,$6.7135,1440534129545,"1,035,598",89% bullish,of 18 ratings,$20
NSIT,$24.57,1440534129694,"107,738",50% bullish,of 2 ratings,N/A
ISIG,$2.54,1440534129719,"6,427",100% bearish,of 1 rating,N/A
INSM,$22.735,1440534129745,"418,127",71% bullish,of 7 ratings,$31.50
INOV,$20.98,1440534129801,"401,505",100% bearish,of 1 rating,$33
PODD,$28.3952,1440534129877,"435,907",67% bearish,of 3 ratings,$35
IIIN,$16.27,1440534129902,"26,083",100% bearish,of 2 ratings,N/A
INSY,$32.8602,1440534130033,"735,595",75% bullish,of 4 ratings,$48
IART,$59.25,1440534130265,"240,792",100% bearish,of 1 rating,$71.50
IESC,$7.39,1440534130298,"2,000",100% bearish,of 1 rating,N/A
INTC,$25.87,1440534130327,"37,536,215",82% bullish,of 238 ratings,$36
IDTI,$17.055,1440534130368,"1,256,005",60% bullish,of 5 ratings,$25
NTEC,$5.79,1440534130392,"15,747",100% bearish,of 1 rating,N/A
ISSI,$22.01,1440534130419,"96,843",67% bullish,of 3 ratings,$19.75
IQNT,$17.9104,1440534130454,"263,728",86% bullish,of 7 ratings,$20
IPCI,$2.07,1440534130651,"66,659",67% bullish,of 6 ratings,$8
IPAR,$24.4,1440534130791,"89,209",67% bullish,of 3 ratings,$38
ININ,$35.03,1440534130841,"69,368",67% bearish,of 3 ratings,$57
IBKR,$36.47,1440534130925,"680,293",100% bullish,of 1 rating,N/A
ICLD,$1.8,1440534130952,"101,058",75% bullish,of 4 ratings,N/A
ICPT,$176.44,1440534130977,"226,127",70% bullish,of 10 ratings,$359.50
ICLDW,NULL,1440534131107,0,100% bearish,of 1 rating,N/A
IDCC,$47.71,1440534131179,"428,854",80% bullish,of 5 ratings,$63
TILE,$23.7,1440534131453,"603,510",67% bearish,of 3 ratings,$27
IMI,$2.02,1440534131479,"25,288",67% bullish,of 3 ratings,$2.22
INAP,$7.49,1440534131508,"220,393",75% bullish,of 4 ratings,$11
ISCA,$30.48,1440534131536,"96,670",100% bearish,of 1 rating,N/A
IBOC,$24.09,1440534131640,"182,194",100% bearish,of 1 rating,N/A
IGLD,$6.49,1440534131672,"7,715",50% bullish,of 2 ratings,N/A
IIJI,$8.82,1440534131803,"2,400",50% bullish,of 2 ratings,$11.50
PTNT,$3.05,1440534132090,"1,600",Not yet rated,NULL,N/A
INPH,$0.3001,1440534132173,"11,857",50% bullish,of 2 ratings,N/A
INTX,$2.16,1440534132224,"5,437",67% bullish,of 3 ratings,N/A
XENT,$25.58,1440534132251,"240,398",50% bullish,of 2 ratings,$36.50
ISIL,$9.96,1440534132306,"674,980",50% bullish,of 6 ratings,$15
IVAC,$4.63,1440534132380,"22,129",100% bearish,of 1 rating,$6.625
IILG,$19.29,1440534132409,"99,633",100% bearish,of 1 rating,$29
INTLL,$26.12,1440534132511,"3,500",Not yet rated,NULL,N/A
INTL,$25.6,1440534132550,"99,068",67% bearish,of 3 ratings,N/A
ITCI,$25.63,1440534132787,"438,576",75% bearish,of 4 ratings,$40
INTU,$79.87,1440534132994,"2,879,738",86% bullish,of 7 ratings,$107.50
IIN,$6.07,1440534133099,"2,438",100% bearish,of 1 rating,$12
ISRG,$494.46,1440534133159,"293,479",67% bullish,of 3 ratings,$600
INVT,$0.266,1440534133288,"32,651",67% bullish,of 3 ratings,N/A
ISTR,$15.75,1440534133339,"5,759",100% bearish,of 1 rating,$18.50
ISBC,$11.3,1440534133422,"2,063,429",100% bullish,of 1 rating,$13.25
SNAK,$8.19,1440534133447,"139,640",50% bullish,of 2 ratings,$14
ITIC,$71.5,1440534133500,200,100% bearish,of 2 ratings,N/A
NVIV,$9.92,1440534133640,"216,731",50% bullish,of 4 ratings,$24.50
IVTY,$12.17,1440534133704,"10,850",Not yet rated,NULL,$18
IPAS,$1.05,1440534133770,"13,090",67% bullish,of 3 ratings,N/A
DTUL,NULL,1440534133853,0,Not yet rated,NULL,N/A
DFVL,NULL,1440534134084,0,Not yet rated,NULL,N/A
IPCM,$79.04,1440534134108,"480,462",50% bullish,of 2 ratings,$80.125
IRMD,$24.56,1440534134262,"19,446",67% bearish,of 3 ratings,$25
IPGP,$81.6,1440534134287,"263,778",100% bearish,of 2 ratings,$109.50
IRDMB,$269.7,1440534134564,"1,169",67% bearish,of 3 ratings,N/A
IRIX,$6.81,1440534134596,"4,500",100% bearish,of 1 rating,N/A
IRDM,$6.75,1440534134634,"739,575",60% bullish,of 5 ratings,$11.50
IRBT,$27.91,1440534134766,"236,587",67% bullish,of 6 ratings,$37
IRWD,$10.837,1440534134791,"1,156,888",100% bearish,of 1 rating,$13
COMT,$31.36,1440534134839,"30,324",100% bearish,of 1 rating,N/A
IRCP,$26,1440534134922,600,100% bullish,of 2 ratings,N/A
FCHI,NULL,1440534135079,0,NULL,NULL,NULL
GNMA,$50.36,1440534135103,"2,373",Not yet rated,NULL,N/A
IFAS,NULL,1440534135193,0,NULL,NULL,NULL
IFEU,$38,1440534135297,"11,945",Not yet rated,NULL,N/A
IFNA,NULL,1440534135320,0,NULL,NULL,NULL
IFGL,$27.91,1440534135451,"114,582",Not yet rated,NULL,N/A
ACWI,$53.69,1440534135582,"3,969,088",Not yet rated,NULL,N/A
ACWX,$39.4,1440534135606,"548,375",100% bearish,of 1 rating,N/A
AXJS,NULL,1440534135627,0,NULL,NULL,NULL
AAIT,NULL,1440534135653,0,NULL,NULL,NULL
EMDI,NULL,1440534135823,0,NULL,NULL,NULL
AAXJ,$50.81,1440534135850,"1,550,225",Not yet rated,NULL,N/A
EEME,NULL,1440534136047,0,NULL,NULL,NULL
EEMA,$47.54,1440534136105,"19,526",Not yet rated,NULL,N/A
EMEY,NULL,1440534136130,0,NULL,NULL,NULL
EGRW,NULL,1440534136229,0,NULL,NULL,NULL
EEML,$26.74,1440534136371,"2,705",Not yet rated,NULL,N/A
EVAL,NULL,1440534136473,0,NULL,NULL,NULL
IEUS,$44.99,1440534136567,"3,453",100% bearish,of 1 rating,N/A
QAT,NULL,1440534136638,0,Not yet rated,NULL,N/A
EUFN,$21.49,1440534136698,"107,901",100% bearish,of 1 rating,N/A
IBB,$325,1440534136902,"1,578,776",63% bullish,of 8 ratings,N/A
UAE,$17.29,1440534136929,"42,147",Not yet rated,NULL,N/A
SOXX,$76.12,1440534137130,"497,791",50% bullish,of 2 ratings,N/A
WOOD,$46.82,1440534137263,"127,768",50% bullish,of 2 ratings,N/A
ICLN,$9.03,1440534137290,"22,013",50% bullish,of 2 ratings,N/A
EMIF,$27.25,1440534137315,"101,116",Not yet rated,NULL,N/A
INDY,$26.62,1440534137420,"294,016",50% bullish,of 2 ratings,N/A
ISHG,$81,1440534137551,"22,615",100% bearish,of 1 rating,N/A
ISIS,$46.45,1440534137676,"1,567,198",53% bullish,of 15 ratings,$67
IGOV,$92.75,1440534137778,"39,854",100% bearish,of 1 rating,N/A
ISLE,$16.794,1440534138107,"245,355",50% bullish,of 4 ratings,$16
ITRI,$29.95,1440534138129,"209,695",Not yet rated,NULL,$37
ISRL,$125.89,1440534138154,454,100% bearish,of 1 rating,N/A
ITRN,$23.83,1440534138295,"2,289",50% bullish,of 2 ratings,N/A
ITUS,$3.96,1440534138321,"2,901",Not yet rated,NULL,N/A
JJSF,$109.69,1440534138661,"41,275",100% bearish,of 1 rating,N/A
XXIA,$14.66,1440534138698,"360,595",71% bullish,of 7 ratings,$14.625
MAYS,NULL,1440534138759,0,Not yet rated,NULL,N/A
IXYS,$10.29,1440534138862,"165,414",50% bullish,of 4 ratings,N/A
JCOM,$66.04,1440534138886,"204,198",100% bullish,of 2 ratings,$77
JBHT,$72.34,1440534138931,"1,203,454",50% bullish,of 4 ratings,$89.50
JASO,$7.28,1440534138967,"928,817",82% bullish,of 17 ratings,$10
JACK,$78.72,1440534139098,"432,902",83% bullish,of 6 ratings,$105
JKHY,$65.88,1440534139267,"263,150",50% bullish,of 2 ratings,$72
JAXB,$13.33,1440534139435,200,100% bullish,of 1 rating,N/A
JXSB,$23.72,1440534139459,536,Not yet rated,NULL,N/A
JAGX,$2.98,1440534139485,"1,356",Not yet rated,NULL,N/A
JAKK,$9.3318,1440534139511,"227,532",60% bearish,of 5 ratings,$11
JMBA,$13.0803,1440534139663,"88,531",75% bullish,of 4 ratings,$18
JRVR,$26.11,1440534139890,"36,440",Not yet rated,NULL,$32
ERW,NULL,1440534140178,0,Not yet rated,NULL,N/A
JD,$25.06,1440534140307,"7,480,512",75% bullish,of 16 ratings,$36
JAZZ,$160.62,1440534140375,"315,692",80% bullish,of 15 ratings,$206.50
JASNW,NULL,1440534140401,0,50% bullish,of 2 ratings,N/A
JASN,$4.7,1440534140466,"14,858",50% bullish,of 2 ratings,$9.50
JBLU,$21.57,1440534140494,"5,751,692",94% bullish,of 18 ratings,$27
JTPY,$2.93,1440534140647,"1,466",100% bearish,of 1 rating,N/A
JCTCF,NULL,1440534140838,0,100% bullish,of 1 rating,N/A
DATE,$5.76,1440534140898,"314,761",75% bullish,of 4 ratings,$9
JST,$3.86,1440534140937,"20,103",75% bullish,of 4 ratings,N/A
JIVE,$4.16,1440534141102,"479,114",75% bullish,of 4 ratings,$5
JOEZ,$0.18,1440534141128,"180,220",92% bullish,of 12 ratings,N/A
WYIGU,$10,1440534141258,"5,000",Not yet rated,NULL,N/A
JBSS,$50.24,1440534141318,"56,124",67% bearish,of 3 ratings,N/A
JUNO,$35.81,1440534141511,"852,901",73% bullish,of 11 ratings,$71.50
JOUT,$22.63,1440534141643,"19,885",100% bearish,of 1 rating,$34
