Symbol,Price,Date,Volume,Rating,RatingVoteCount,OneYearEstimate
FCCY,NULL,1440688802599,0,100% bullish,of 1 rating,$13
TFSCU,NULL,1440688802641,0,Not yet rated,NULL,N/A
TFSC,NULL,1440688802693,0,100% bearish,of 1 rating,N/A
FCTY,NULL,1440688802740,0,100% bullish,of 1 rating,$8.50
PIH,$7.38,1440688802770,"3,000",100% bearish,of 1 rating,N/A
TFSCW,NULL,1440688802869,0,100% bearish,of 1 rating,N/A
TFSCR,NULL,1440688802934,0,Not yet rated,NULL,N/A
SRCE,$29.37,1440688802963,"6,434",100% bullish,of 3 ratings,$33
VNET,$17.73,1440688803068,"440,757",60% bullish,of 5 ratings,$29.50
DGLD,$83.53,1440688803097,"9,816",100% bullish,of 1 rating,N/A
TWOU,$35.105,1440688803139,"59,352",50% bullish,of 2 ratings,$39
JOBS,$27.55,1440688803236,"23,147",50% bullish,of 4 ratings,$36
FLWS,$8.475,1440688803377,"441,706",80% bullish,of 5 ratings,$15
DSLV,$72.592,1440688803481,"7,084",100% bearish,of 1 rating,N/A
USLV,$12.15,1440688803505,"156,349",86% bullish,of 7 ratings,N/A
UGLD,$9.0595,1440688803571,"736,042",100% bearish,of 1 rating,N/A
CAFD,$14.74,1440688803739,"88,054",Not yet rated,NULL,$25
EGHT,$7.8688,1440688803873,"75,184",82% bullish,of 17 ratings,$11
AVHI,$13.925,1440688803903,"24,182",100% bearish,of 1 rating,$19
AAON,$20.37,1440688804008,"21,683",100% bearish,of 1 rating,$24
SIXD,$2.9,1440688804040,"101,064",Not yet rated,NULL,N/A
ABAX,$47.07,1440688804072,"39,612",100% bearish,of 1 rating,$60
ABY,$21.42,1440688804148,"110,332",100% bearish,of 2 ratings,$46
ABEO,$4.8,1440688804178,"23,463",50% bullish,of 4 ratings,$15.50
SHLM,$34.19,1440688804206,"20,779",100% bearish,of 1 rating,$47
ABGB,$6.1537,1440688804246,"161,036",67% bullish,of 3 ratings,$5.50
ABEOW,$1.73,1440688804491,561,100% bullish,of 1 rating,N/A
AXAS,$1.795,1440688804599,"306,286",78% bullish,of 9 ratings,$3.50
ABMD,$97.65,1440688804630,"130,235",75% bullish,of 4 ratings,$100.50
ACAD,$38.32,1440688804676,"294,237",80% bullish,of 20 ratings,$48
ACTG,$9.15,1440688804812,"48,257",67% bullish,of 3 ratings,$18.50
AXDX,$18.1821,1440688804865,"45,267",100% bearish,of 1 rating,N/A
ACHC,$73.342,1440688804893,"142,911",50% bullish,of 2 ratings,$92
ACST,$0.3351,1440688804922,"36,540",100% bullish,of 2 ratings,N/A
ANCX,$19.73,1440688805020,"6,373",Not yet rated,NULL,$20
XLRN,$28.335,1440688805050,"44,607",50% bullish,of 2 ratings,$57
VXDN,$2.041,1440688805109,"35,875",100% bearish,of 1 rating,N/A
ARAY,$6.4001,1440688805151,"160,479",100% bearish,of 1 rating,$10.50
ACRX,$4.34,1440688805280,"79,532",67% bearish,of 6 ratings,$5.50
VXUP,$1.5,1440688805306,"21,010",100% bearish,of 1 rating,N/A
ACET,$22.69,1440688805384,"18,302",75% bullish,of 4 ratings,$30
AKAO,$6.72,1440688805437,"19,811",75% bullish,of 4 ratings,$15
ACHN,$7.56,1440688805569,"346,368",90% bullish,of 21 ratings,$16
ACNB,$20.324,1440688805706,626,Not yet rated,NULL,N/A
ACOR,$31.5,1440688805739,"162,039",67% bearish,of 3 ratings,$38.50
ATVI,$27.95,1440688805837,"1,322,974",68% bullish,of 84 ratings,$31.50
ACIW,$20.95,1440688805869,"129,420",67% bearish,of 3 ratings,$24
ACTS,$1.623,1440688805891,"44,041",100% bearish,of 1 rating,N/A
ACTA,$12.89,1440688805923,"23,816",67% bearish,of 3 ratings,$25
ACPW,$1.824,1440688805971,"7,491",100% bullish,of 4 ratings,$3.50
ADMS,$20.15,1440688806103,"25,675",100% bearish,of 2 ratings,$36
ACUR,$0.5031,1440688806129,"19,037",100% bullish,of 5 ratings,$1
ACXM,$20.75,1440688806257,"81,347",67% bullish,of 3 ratings,N/A
ADMP,$3.61,1440688806315,"7,984",50% bullish,of 2 ratings,$10
ADAP,$11.965,1440688806404,"12,700",67% bullish,of 3 ratings,$22
ADUS,$28.57,1440688806533,"11,876",100% bearish,of 1 rating,$31
ADEP,$6.7,1440688806566,"4,721",50% bullish,of 2 ratings,$10.75
AEY,$2.357,1440688806614,"2,904",100% bearish,of 2 ratings,N/A
ADMA,$9.31,1440688806665,830,Not yet rated,NULL,$19
ADTN,$15.58,1440688806692,"61,955",67% bullish,of 3 ratings,$17.125
ADBE,$78.54,1440688806851,"798,355",65% bullish,of 17 ratings,$90
ADRO,$21.8518,1440688806878,"88,914",80% bullish,of 5 ratings,$45.50
ADXS,$14.47,1440688806912,"271,973",64% bullish,of 14 ratings,$27
AMD,$1.8141,1440688806944,"2,237,829",83% bullish,of 103 ratings,$2
AEIS,$24.61,1440688807041,"32,607",50% bullish,of 2 ratings,$32.50
ADXSW,$10.13,1440688807077,"5,650",100% bullish,of 1 rating,N/A
MULT,NULL,1440688807145,0,100% bearish,of 1 rating,N/A
YPRO,NULL,1440688807253,0,100% bearish,of 1 rating,N/A
AEGN,$18.12,1440688807339,"27,638",100% bearish,of 2 ratings,$21
AEGR,$17.79,1440688807408,"143,042",50% bullish,of 6 ratings,$26
AEHR,$2.251,1440688807473,750,50% bullish,of 2 ratings,N/A
AMTX,$2.41,1440688807538,"8,251",50% bullish,of 2 ratings,$26.11
AEPI,$54.125,1440688807566,"1,588",100% bearish,of 1 rating,N/A
AERI,$16.305,1440688807591,"201,831",75% bullish,of 4 ratings,$31.50
AEZS,$0.082,1440688807623,"3,199,415",90% bullish,of 21 ratings,$1.50
AVAV,$23.92,1440688807723,"14,644",50% bullish,of 4 ratings,$31
AFMD,$10.26,1440688807906,"40,648",50% bullish,of 4 ratings,$15
AGEN,$6.94,1440688807933,"215,830",85% bullish,of 13 ratings,$14
AFFX,$9.61,1440688807961,"130,330",80% bullish,of 5 ratings,$12
AEMD,$6.93,1440688807990,"38,006",Not yet rated,NULL,$27.50
AGRX,$8.31,1440688808016,"3,711",100% bearish,of 1 rating,$17.50
AGYS,$9.52,1440688808093,"5,592",100% bearish,of 1 rating,N/A
AGIO,$90.47,1440688808264,"83,301",88% bullish,of 8 ratings,$114
AGFS,$10.19,1440688808326,"14,334",100% bearish,of 1 rating,N/A
AIRM,$36.9,1440688808406,"30,258",80% bearish,of 5 ratings,$53
AIMT,$22.39,1440688808437,"14,221",Not yet rated,NULL,N/A
AIRT,$21.49,1440688808467,200,100% bullish,of 1 rating,N/A
AGFSW,$2.1,1440688808492,"10,100",100% bearish,of 2 ratings,N/A
ATSG,$8.86,1440688808573,"38,351",67% bullish,of 3 ratings,$13
AMCN,$4.6,1440688808757,"240,131",83% bullish,of 6 ratings,N/A
AIXG,$6.01,1440688808782,"14,304",67% bearish,of 3 ratings,$5.25
AKAM,$70.12,1440688808811,"217,576",63% bullish,of 8 ratings,$77
AKBA,$6.4,1440688808912,"44,668",100% bearish,of 1 rating,$18
AKER,$2.69,1440688808939,"3,142",Not yet rated,NULL,N/A
AKRX,$40.88,1440688808965,"184,791",78% bullish,of 9 ratings,$56
ALRM,$16.98,1440688809107,"31,505",100% bearish,of 1 rating,$22
ALSK,$2.01,1440688809206,"99,092",78% bullish,of 18 ratings,$2
ALDR,$38.37,1440688809311,"51,581",67% bearish,of 3 ratings,$62
ABDC,$12.15,1440688809336,"9,705",Not yet rated,NULL,$15
AMRI,$19.87,1440688809365,"29,288",75% bearish,of 4 ratings,$24
ADHD,$7.5751,1440688809391,"40,207",50% bullish,of 4 ratings,$18
ALDX,$7.03,1440688809413,"3,791",100% bearish,of 1 rating,$14.50
ALXN,$176.1699,1440688809548,"290,733",88% bullish,of 8 ratings,$223
ALXA,$1.09,1440688809623,"6,976",83% bullish,of 6 ratings,$2.125
ALCO,$41.7,1440688809798,534,50% bullish,of 2 ratings,N/A
ALGN,$56.76,1440688809827,"80,162",100% bearish,of 2 ratings,$73
ALIM,$3.4,1440688809868,"24,741",80% bullish,of 5 ratings,$10
ALKS,$60.61,1440688809931,"96,517",67% bullish,of 3 ratings,$75
AFOP,$18.83,1440688809960,"49,964",75% bullish,of 8 ratings,$21
ALLB,$22.79,1440688810063,100,Not yet rated,NULL,N/A
AHGP,$36.15,1440688810121,"50,457",67% bullish,of 3 ratings,N/A
ALGT,$213.03,1440688810207,"30,657",100% bearish,of 2 ratings,$235
AIQ,$13.38,1440688810239,"1,000",67% bullish,of 3 ratings,N/A
AHPI,NULL,1440688810260,0,50% bullish,of 2 ratings,N/A
ALQA,$4.305,1440688810392,950,75% bullish,of 4 ratings,$8.50
ARLP,$25.12,1440688810421,"72,937",67% bearish,of 3 ratings,$32
AMOT,$18.56,1440688810442,"23,636",100% bearish,of 1 rating,N/A
ALLT,$4.99,1440688810525,"22,263",75% bullish,of 4 ratings,$6.25
MDRX,$13.63,1440688810747,"314,146",60% bullish,of 5 ratings,$16
AFAM,$44.78,1440688810802,"18,632",50% bullish,of 2 ratings,$44
AOSL,$7.2245,1440688810905,"21,099",67% bullish,of 3 ratings,$9
ALTR,$48.74,1440688810937,"605,412",80% bearish,of 5 ratings,$54
ATEC,$0.585,1440688810963,"30,180",100% bullish,of 1 rating,$2
ALNY,$105.165,1440688810989,"116,934",67% bullish,of 3 ratings,$148.50
ASPS,$25.585,1440688811014,"64,713",67% bullish,of 3 ratings,$46.50
SMCP,NULL,1440688811042,0,Not yet rated,NULL,N/A
AIMC,$24.425,1440688811300,"10,612",100% bearish,of 2 ratings,$28.50
AMRN,$2.06,1440688811353,"399,900",85% bullish,of 39 ratings,$8
AMRK,NULL,1440688811383,0,50% bullish,of 2 ratings,$14
AMAG,$66.12,1440688811409,"92,793",100% bullish,of 2 ratings,$77.50
AMZN,$516.37,1440688811456,"1,326,782",81% bullish,of 264 ratings,$646
AYA,$20.6,1440688811481,"17,087",100% bearish,of 1 rating,$40
AMBC,$15.872,1440688811711,"69,152",100% bearish,of 1 rating,$16.50
AMBA,$93.0865,1440688811739,"919,694",83% bullish,of 12 ratings,$102.50
EPAX,$2.68,1440688811768,"7,100",100% bearish,of 1 rating,N/A
AMBCW,NULL,1440688811801,0,100% bearish,of 1 rating,N/A
AMCX,$71.9601,1440688811826,"184,657",67% bullish,of 3 ratings,$87.50
AMED,$39.17,1440688811873,"46,105",100% bearish,of 1 rating,$42
DOX,$57.3,1440688811968,"86,901",67% bearish,of 3 ratings,$60
AMDA,$0.4846,1440688812019,"379,414",90% bullish,of 10 ratings,$1
UHAL,$376.05,1440688812116,"3,562",100% bullish,of 2 ratings,$393.50
ASBI,NULL,1440688812310,0,Not yet rated,NULL,N/A
ATAX,$5.1492,1440688812342,"14,410",100% bullish,of 1 rating,$6.50
AGNC,$19.335,1440688812370,"585,120",71% bullish,of 28 ratings,$22
AGNCB,$24.02,1440688812396,"7,940",Not yet rated,NULL,N/A
AAL,$39.1495,1440688812424,"2,623,795",93% bullish,of 88 ratings,$57
AMOV,$18.13,1440688812453,"1,153",100% bearish,of 1 rating,N/A
AGNCP,$25.195,1440688812550,"2,200",Not yet rated,NULL,N/A
MTGEP,$24.5,1440688812686,631,Not yet rated,NULL,N/A
MTGE,$15.39,1440688812725,"97,315",75% bullish,of 4 ratings,$19.50
ACAS,$13.74,1440688812790,"770,508",60% bullish,of 5 ratings,$16.75
ACSF,$12.06,1440688812833,"14,279",100% bearish,of 1 rating,$15
ANCI,$1.52,1440688812890,350,100% bearish,of 1 rating,N/A
AETI,$3.98,1440688812989,600,67% bearish,of 3 ratings,N/A
AMIC,$9.62,1440688813115,200,Not yet rated,NULL,N/A
ANAT,$100.03,1440688813142,"3,778",100% bullish,of 1 rating,N/A
AMRB,$10.0936,1440688813219,800,Not yet rated,NULL,$11
APEI,$21.68,1440688813285,"14,990",100% bearish,of 1 rating,$25.50
AMNB,$23,1440688813362,"4,374",Not yet rated,NULL,$25.50
ARII,$39.865,1440688813391,"150,496",67% bearish,of 3 ratings,$45
AMSWA,$8.58,1440688813417,"5,202",100% bearish,of 2 ratings,$10.75
ASEI,$37.0399,1440688813549,"6,442",100% bearish,of 1 rating,$52.50
AMWD,$66.63,1440688813640,"21,516",50% bullish,of 2 ratings,$70
AMSC,$4.55,1440688813678,"129,139",50% bullish,of 4 ratings,N/A
CRMT,$36.05,1440688813781,"8,463",100% bearish,of 1 rating,$39
ABCB,$26.78,1440688813931,"15,076",Not yet rated,NULL,$31
AMSF,$46.6,1440688813957,"7,052",Not yet rated,NULL,$57.50
ASRV,$3.29,1440688814037,300,100% bullish,of 2 ratings,N/A
FOLD,$14.96,1440688814111,"272,833",56% bullish,of 9 ratings,$21
ASRVP,NULL,1440688814138,0,Not yet rated,NULL,N/A
ATLO,$23.43,1440688814165,"1,040",Not yet rated,NULL,N/A
AMKR,$4.895,1440688814201,"297,877",100% bearish,of 2 ratings,$5
AMGN,$155.625,1440688814229,"882,671",89% bullish,of 19 ratings,$185
AMPH,$13.67,1440688814364,"44,571",50% bullish,of 2 ratings,$20
AMSGP,$141.83,1440688814510,12,Not yet rated,NULL,N/A
AFSI,$59.0527,1440688814549,"117,505",60% bullish,of 5 ratings,$72
AMSG,$80.01,1440688814575,"65,892",100% bearish,of 1 rating,$85.50
ASYS,$5.29,1440688814646,"14,383",67% bullish,of 3 ratings,$12
AMRS,$1.62,1440688814670,"7,850",70% bullish,of 10 ratings,N/A
ANAC,$131.33,1440688814700,"91,061",80% bullish,of 5 ratings,$180.50
ANAD,$0.3228,1440688814899,"47,076",100% bullish,of 2 ratings,$.50
ANCB,$23,1440688814974,800,Not yet rated,NULL,$23
ALOG,$78.85,1440688815038,"16,269",100% bearish,of 2 ratings,$100.50
ANGI,$4.895,1440688815067,"92,337",64% bullish,of 11 ratings,$5.50
ADI,$55.44,1440688815088,"676,767",67% bullish,of 3 ratings,$69
AMCF,$0.25,1440688815109,700,100% bullish,of 7 ratings,N/A
ABCW,$39.79,1440688815150,"2,946",67% bullish,of 3 ratings,N/A
ANGO,$14.82,1440688815246,"26,227",67% bullish,of 3 ratings,$19
ANIP,$49.65,1440688815458,"50,342",89% bullish,of 19 ratings,$66
ANIK,$34.87,1440688815535,"23,679",60% bullish,of 5 ratings,$51.25
ANSS,$89.815,1440688815592,"64,296",100% bearish,of 1 rating,$100
ANTH,$7.36,1440688815666,"188,082",80% bullish,of 10 ratings,$13
ABAC,$0.758,1440688815848,"1,802",100% bearish,of 1 rating,N/A
ATNY,$2.34,1440688815878,900,50% bullish,of 2 ratings,$3.75
APOG,$49.29,1440688815902,"33,436",50% bullish,of 2 ratings,$67
ATRS,$1.735,1440688815937,"142,022",92% bullish,of 12 ratings,$4.50
APIC,$6.574,1440688815958,"20,738",100% bearish,of 1 rating,$19
AINV,$6.56,1440688815988,"213,256",50% bullish,of 4 ratings,$8
APOL,$11.2,1440688816037,"234,280",87% bearish,of 68 ratings,$14
AAPL,$112.22,1440688816136,"17,436,061",86% bullish,of 2350 ratings,$150
APPF,$17.48,1440688816267,"14,097",50% bullish,of 2 ratings,$22
APDN,$3.2801,1440688816295,"9,871",Not yet rated,NULL,$9
ARCI,NULL,1440688816316,0,Not yet rated,NULL,N/A
APDNW,$1.11,1440688816447,500,Not yet rated,NULL,N/A
AMAT,$15.57,1440688816658,"2,936,953",82% bullish,of 11 ratings,$23
AMCC,$5.65,1440688816691,"82,865",80% bullish,of 5 ratings,$8
AAOI,$20.55,1440688816714,"90,303",50% bullish,of 4 ratings,$26
AREX,$2.13,1440688816743,"294,822",100% bearish,of 1 rating,$3
APTO,$5.06,1440688816769,"1,801",Not yet rated,NULL,$17
AGTC,$15.33,1440688816802,"33,155",50% bullish,of 2 ratings,$33
AQMS,$4.9899,1440688816903,"1,810",Not yet rated,NULL,N/A
AUMA,NULL,1440688816963,0,Not yet rated,NULL,N/A
AQXP,$17.9599,1440688817047,"217,966",50% bullish,of 2 ratings,$2
APRI,$1.23,1440688817208,"1,574",83% bullish,of 6 ratings,$4.86
AUMAW,NULL,1440688817234,0,Not yet rated,NULL,N/A
AUMAU,$9.95,1440688817259,"4,100",Not yet rated,NULL,N/A
ABUS,$6.93,1440688817398,"96,038",86% bullish,of 14 ratings,$23
PETX,$17.39,1440688817426,"51,193",100% bearish,of 2 ratings,$26
ARDM,NULL,1440688817449,0,100% bullish,of 1 rating,$26
ABIO,$0.86,1440688817479,"39,538",50% bullish,of 2 ratings,$3.75
RKDA,$6.27,1440688817623,"7,614",100% bearish,of 2 ratings,$10
ARCB,$29.03,1440688817656,"34,547",67% bearish,of 3 ratings,$39.50
ACGL,$67.81,1440688817782,"33,779",50% bullish,of 2 ratings,$72
ACAT,$25.87,1440688817849,"22,781",100% bearish,of 3 ratings,$33
ARDX,$17.5612,1440688817883,"26,540",50% bullish,of 2 ratings,$24.50
ARNA,$2.6399,1440688817947,"609,007",90% bullish,of 77 ratings,$5.50
ARCC,$15.2799,1440688818142,"380,693",67% bearish,of 3 ratings,$17.875
ARGS,$6.24,1440688818169,"14,686",50% bullish,of 2 ratings,$19.50
AGIIL,$25.65,1440688818198,925,Not yet rated,NULL,N/A
AGII,$55.48,1440688818227,"36,262",Not yet rated,NULL,$59.50
ARIS,$4.03,1440688818331,"28,328",Not yet rated,NULL,$4.50
ARIA,$6.88,1440688818479,"544,553",87% bullish,of 46 ratings,$9
ARKR,$24.9,1440688818519,2,50% bullish,of 2 ratings,N/A
ARMH,$42.31,1440688818546,"1,069,616",54% bearish,of 13 ratings,$61
ARTX,$1.4,1440688818572,"8,561",88% bullish,of 16 ratings,$4.50
ARCW,$3.67,1440688818592,930,100% bearish,of 2 ratings,$10.50
ARWA,NULL,1440688818762,0,Not yet rated,NULL,N/A
ARWAR,NULL,1440688818927,0,Not yet rated,NULL,N/A
ARQL,$1.66,1440688818953,"42,843",75% bullish,of 4 ratings,$5
ARWAW,NULL,1440688818978,0,Not yet rated,NULL,N/A
ARRY,$5.78,1440688819007,"341,746",100% bullish,of 7 ratings,$10
ARWAU,NULL,1440688819033,0,100% bullish,of 1 rating,N/A
ARRS,$26.42,1440688819111,"160,881",50% bullish,of 2 ratings,$38
AROW,$27.11,1440688819169,"3,016",Not yet rated,NULL,N/A
DWAT,$9.9,1440688819303,"2,800",100% bearish,of 1 rating,N/A
ARTW,$4.32,1440688819382,93,75% bearish,of 4 ratings,N/A
ARTNA,$21.96,1440688819443,"8,717",100% bearish,of 1 rating,$29
ASBB,$24.28,1440688819542,100,Not yet rated,NULL,N/A
ARWR,$5.68,1440688819673,"212,033",75% bullish,of 4 ratings,$10.50
ASNA,$11.58,1440688819701,"422,940",50% bullish,of 2 ratings,$18
ASCMA,$26.65,1440688819775,"12,388",100% bearish,of 1 rating,$45
ASMI,NULL,1440688819902,0,NULL,NULL,NULL
ASND,$20.68,1440688819933,"21,879",100% bullish,of 1 rating,$30
ASTI,$0.1175,1440688819953,"967,784",83% bullish,of 6 ratings,$3
APWC,$1.532,1440688819974,"5,162",100% bearish,of 1 rating,N/A
AZPN,$37.95,1440688820105,"95,082",50% bullish,of 2 ratings,$42
ASML,$91.24,1440688820204,"468,828",50% bullish,of 4 ratings,$127
ASMB,$12.89,1440688820287,"10,628",67% bullish,of 3 ratings,N/A
ASTE,$36.9,1440688820333,"15,860",100% bearish,of 1 rating,$48
ASFI,$8.89,1440688820365,934,100% bullish,of 1 rating,N/A
ATRO,$52.2599,1440688820752,"50,296",100% bearish,of 2 ratings,$80
ALOT,NULL,1440688820777,0,100% bearish,of 1 rating,N/A
ASTC,$1.91,1440688820809,"2,340",100% bullish,of 5 ratings,N/A
ATAI,$2.45,1440688820912,"1,159",100% bearish,of 1 rating,N/A
ASUR,$5.7899,1440688820945,650,50% bullish,of 2 ratings,$8
ATHN,$135.74,1440688821041,"42,836",67% bearish,of 3 ratings,$153
ATRA,$38.69,1440688821067,"35,096",50% bullish,of 2 ratings,$68
AFCB,$27.3,1440688821199,200,Not yet rated,NULL,N/A
AAPC,$10.1,1440688821330,16,Not yet rated,NULL,N/A
ACFC,$5.237,1440688821360,"28,685",100% bearish,of 1 rating,$6.50
AAME,$3.54,1440688821387,200,Not yet rated,NULL,N/A
ATHX,$1.15,1440688821408,"40,999",89% bullish,of 9 ratings,$5
ATLC,$3.86,1440688821541,2,67% bullish,of 3 ratings,N/A
ATNI,$71.11,1440688821567,"23,848",100% bearish,of 1 rating,$69.50
AFH,$16.37,1440688821594,"21,665",Not yet rated,NULL,$21.50
AAWW,$40.84,1440688821620,"65,362",50% bullish,of 2 ratings,$65
ATML,$7.8149,1440688821820,"800,392",78% bullish,of 9 ratings,$9.50
ATOS,$0.7401,1440688821846,"38,256",100% bullish,of 7 ratings,$7
ATRC,$24.77,1440688821917,"32,147",100% bullish,of 1 rating,$30
LIFE,$15.18,1440688821993,"8,872",86% bullish,of 7 ratings,$43
ATTU,$13.31,1440688822021,"9,465",100% bearish,of 1 rating,$20.50
ATRM,$2.8101,1440688822042,506,50% bullish,of 2 ratings,N/A
ATRI,$377.65,1440688822072,"2,026",Not yet rated,NULL,N/A
AUBN,$26.96,1440688822246,550,Not yet rated,NULL,N/A
AUPH,$2.9775,1440688822317,"7,600",100% bearish,of 1 rating,$8
EARS,$4.82,1440688822455,"1,150",100% bearish,of 2 ratings,$11.50
AUDC,$3.17,1440688822476,"22,939",80% bullish,of 5 ratings,$5
ABTL,$17.41,1440688822511,"25,519",100% bullish,of 4 ratings,$20.25
ADAT,$0.3548,1440688822555,"261,455",100% bullish,of 2 ratings,N/A
ADSK,$49.98,1440688822611,"685,436",67% bullish,of 6 ratings,$69.50
ADP,$78.15,1440688822643,"412,417",100% bearish,of 1 rating,$88
AVGO,$124.18,1440688822746,"2,451,883",88% bullish,of 8 ratings,$165
AVEO,$1.36,1440688822881,"319,324",75% bullish,of 8 ratings,$3
AVNU,$12.358,1440688822907,906,Not yet rated,NULL,$14
AAVL,$10.76,1440688822937,"96,573",100% bearish,of 1 rating,$20
AVID,$8.12,1440688823035,"160,429",100% bearish,of 1 rating,$20
AVNW,$1.16,1440688823124,"28,265",50% bullish,of 2 ratings,$2.20
CAR,$43.46,1440688823153,"349,935",80% bullish,of 5 ratings,$60
AVGR,$14.28,1440688823182,"9,968",100% bearish,of 1 rating,$20
AWRE,$3.085,1440688823211,"4,483",67% bullish,of 3 ratings,N/A
ACLS,$3.145,1440688823314,"99,200",67% bullish,of 6 ratings,$4.75
AXPW,$1.05,1440688823362,"32,542",83% bullish,of 6 ratings,N/A
AXPWW,NULL,1440688823387,0,Not yet rated,NULL,N/A
AXGN,$3.93,1440688823465,"19,358",Not yet rated,NULL,$5
AXTI,$2.18,1440688823644,"1,268",50% bullish,of 2 ratings,$2.75
BCOM,$19.003,1440688823669,984,100% bearish,of 1 rating,N/A
RILY,$9.78,1440688823695,200,Not yet rated,NULL,N/A
BOSC,$2.25,1440688823745,201,50% bullish,of 2 ratings,N/A
BEAV,$48.5853,1440688823836,"129,577",67% bearish,of 3 ratings,$59
BIDU,$152.012,1440688823863,"1,246,878",81% bullish,of 88 ratings,$210
BCPC,$57.31,1440688823888,"23,479",100% bearish,of 1 rating,$75
BWINA,NULL,1440688823932,0,Not yet rated,NULL,N/A
BWINB,$22.8597,1440688824085,"3,262",Not yet rated,NULL,N/A
BLDP,$1.205,1440688824123,"222,140",91% bullish,of 22 ratings,$2.50
BANF,$59.67,1440688824150,"2,110",Not yet rated,NULL,$68
BANFP,NULL,1440688824221,0,Not yet rated,NULL,N/A
BOCH,$5.7501,1440688824463,"7,861",Not yet rated,NULL,$6.50
BKMU,$6.94,1440688824595,"20,406",Not yet rated,NULL,$8
BMRC,$48.09,1440688824622,"6,392",Not yet rated,NULL,$52
BKSC,$15.89,1440688824651,"3,256",Not yet rated,NULL,N/A
BOTJ,$11.0785,1440688824752,717,Not yet rated,NULL,N/A
OZRK,$42.1025,1440688824849,"108,902",67% bullish,of 3 ratings,$49.50
BANR,$43.98,1440688824931,"9,702",100% bullish,of 3 ratings,$50
BFIN,$11.9,1440688824962,"6,148",Not yet rated,NULL,$13
BZUN,$5.0599,1440688824990,"199,223",50% bullish,of 2 ratings,$11.50
BWFG,NULL,1440688825015,0,100% bearish,of 1 rating,N/A
TAPR,$32.98,1440688825061,535,100% bearish,of 1 rating,N/A
BHACR,NULL,1440688825162,0,Not yet rated,NULL,N/A
BHAC,NULL,1440688825199,0,Not yet rated,NULL,N/A
BHACW,NULL,1440688825292,0,Not yet rated,NULL,N/A
BHACU,NULL,1440688825362,0,Not yet rated,NULL,N/A
BBSI,$33.9,1440688825447,"27,088",67% bearish,of 3 ratings,$62.50
BYLK,$12.71,1440688825672,500,Not yet rated,NULL,$14
BYBK,NULL,1440688825707,0,100% bearish,of 1 rating,N/A
BV,$5.08,1440688825728,"81,954",67% bullish,of 6 ratings,$9
BCBP,$11.43,1440688825758,200,Not yet rated,NULL,N/A
BSET,$28.94,1440688825801,"12,124",100% bearish,of 1 rating,$35
BBCN,$14.43,1440688825829,"44,776",100% bearish,of 1 rating,$16
BDCV,$4.84,1440688825891,"5,080",100% bearish,of 1 rating,$10.19
BECN,$34.57,1440688826027,"76,104",50% bullish,of 2 ratings,$40
BSF,$8.75,1440688826131,"1,643",Not yet rated,NULL,N/A
BBGI,$4.1616,1440688826161,300,100% bullish,of 1 rating,N/A
BEBE,$1.82,1440688826182,"26,542",75% bullish,of 4 ratings,$3.075
BBBY,$61.82,1440688826263,"533,017",71% bullish,of 7 ratings,$75
BELFA,NULL,1440688826324,0,100% bearish,of 1 rating,N/A
BELFB,$17.67,1440688826517,"3,399",100% bearish,of 1 rating,N/A
BNCL,$12.52,1440688826578,"46,856",100% bullish,of 3 ratings,$12.50
BLCM,$17.23,1440688826605,"36,526",50% bullish,of 4 ratings,$40
BLPH,$5.0001,1440688826648,"9,759",100% bearish,of 1 rating,$12.50
BNTC,$8,1440688826676,"23,893",100% bullish,of 1 rating,N/A
BNFT,$35.09,1440688826705,"17,960",67% bullish,of 3 ratings,$46
BGMD,$0.77,1440688826730,"17,633",100% bullish,of 10 ratings,N/A
BGCP,$8.755,1440688826755,"245,740",88% bullish,of 8 ratings,$14
BGFV,$10.76,1440688827012,"42,544",57% bullish,of 7 ratings,$12
ORPN,$5.36,1440688827080,"21,150",100% bullish,of 1 rating,$28.50
BIND,$4.37,1440688827149,"25,863",75% bullish,of 4 ratings,$13.50
BASI,$1.6069,1440688827179,200,Not yet rated,NULL,N/A
BIOC,$1.9799,1440688827212,"213,617",83% bullish,of 6 ratings,$3.85
BIOD,$0.68,1440688827279,"19,480",80% bullish,of 5 ratings,$4
BCDA,NULL,1440688827304,0,Not yet rated,NULL,N/A
BCRX,$11.21,1440688827331,"69,469",63% bullish,of 8 ratings,$18
BIIB,$305.95,1440688827530,"428,958",88% bullish,of 16 ratings,$400
BDSI,$6.72,1440688827567,"256,726",88% bullish,of 8 ratings,$17
BLRX,$1.3299,1440688827595,"23,645",100% bullish,of 12 ratings,$5
BLFS,$2.0305,1440688827667,"13,885",100% bearish,of 1 rating,$4.75
BIOL,$1.427,1440688827693,"9,761",Not yet rated,NULL,N/A
BMRN,$129.81,1440688827720,"187,965",80% bullish,of 5 ratings,$160
BVXV,NULL,1440688827869,0,Not yet rated,NULL,N/A
BVXVW,NULL,1440688827903,0,100% bearish,of 1 rating,N/A
BRLI,NULL,1440688828033,0,NULL,NULL,NULL
BPTH,$1.0299,1440688828139,"17,452",100% bullish,of 2 ratings,$5
BIOS,$2.36,1440688828248,"316,836",71% bullish,of 7 ratings,$4
BSTC,$49.45,1440688828277,"29,901",100% bearish,of 1 rating,$76
BBP,$33.04,1440688828298,"6,377",Not yet rated,NULL,N/A
BSPM,$0.6898,1440688828319,"4,185",50% bullish,of 2 ratings,N/A
BBC,$30.5,1440688828356,"1,200",Not yet rated,NULL,N/A
BOTA,$2.1092,1440688828377,"11,245",88% bullish,of 8 ratings,N/A
BEAT,$15.1565,1440688828670,"335,233",67% bearish,of 3 ratings,$15
BDMS,$12.6501,1440688828700,775,100% bearish,of 1 rating,N/A
TECH,$96.35,1440688828757,"68,491",100% bullish,of 1 rating,$117
BITI,$17.3264,1440688828800,"6,900",100% bullish,of 1 rating,$28
BJRI,$44.19,1440688828898,"38,032",50% bullish,of 2 ratings,$55
BDE,$7.23,1440688828964,"20,897",50% bullish,of 2 ratings,$9
BBOX,$14.93,1440688828993,"13,748",100% bearish,of 1 rating,N/A
BLKB,$57.76,1440688829028,"30,770",100% bearish,of 2 ratings,$66
BBRY,$7.13,1440688829101,"1,766,403",61% bullish,of 330 ratings,$9
HAWK,$40.12,1440688829177,"155,781",91% bullish,of 11 ratings,$49
ADRD,$22.16,1440688829277,"4,155",100% bearish,of 1 rating,N/A
BKCC,$9.31,1440688829305,"108,868",50% bullish,of 2 ratings,$10
ADRE,$30.0768,1440688829333,"3,834",100% bearish,of 1 rating,N/A
ADRU,$21.73,1440688829358,"3,618",100% bearish,of 1 rating,N/A
ADRA,$27.3825,1440688829441,398,100% bearish,of 1 rating,N/A
BLMN,$20.23,1440688829610,"231,743",83% bullish,of 6 ratings,$27.50
BUFF,$26.74,1440688829825,"32,294",83% bullish,of 12 ratings,$31.50
NILE,$33.08,1440688829852,"65,987",50% bullish,of 2 ratings,$34
BCOR,$13.6025,1440688829877,"34,509",57% bullish,of 7 ratings,$15
BHBK,$13.84,1440688829902,"18,072",100% bullish,of 1 rating,$14.50
BBLU,$0.8,1440688830050,"38,788",100% bullish,of 2 ratings,$4.43
BLUE,$130.76,1440688830080,"132,919",71% bullish,of 7 ratings,$217.50
BLBD,$12.05,1440688830187,"1,768",Not yet rated,NULL,N/A
BKEPP,$7.58,1440688830213,"5,223",100% bearish,of 1 rating,N/A
BKEP,$6.1701,1440688830259,"17,099",100% bearish,of 1 rating,$8.50
BNCN,$20.4,1440688830284,"37,453",Not yet rated,NULL,$24
BPMC,$27.09,1440688830348,"15,555",50% bullish,of 2 ratings,$47.50
BOBE,$43.81,1440688830436,"20,730",75% bullish,of 4 ratings,$57
WIFI,$7.535,1440688830511,"22,563",50% bullish,of 2 ratings,$13.50
BOFI,$119.65,1440688830566,"44,613",100% bullish,of 6 ratings,$144
BOJA,$21.6,1440688830667,"82,252",100% bullish,of 1 rating,$30
BOKF,$61.03,1440688830718,"42,279",100% bearish,of 1 rating,$69
BPFHP,$25.1,1440688830895,"3,450",100% bearish,of 1 rating,N/A
BONA,$11.76,1440688830924,"49,061",75% bullish,of 4 ratings,$8.50
BAMM,$3.1601,1440688830945,"2,450",60% bullish,of 5 ratings,N/A
BNSO,$1.3388,1440688830977,"2,200",100% bearish,of 1 rating,N/A
BPFHW,NULL,1440688831073,0,100% bearish,of 1 rating,N/A
BPFH,$11.875,1440688831205,"86,087",100% bearish,of 1 rating,$14
BDBD,$8.14,1440688831235,"138,947",60% bullish,of 5 ratings,$10
EPAY,$25.51,1440688831256,"16,823",100% bearish,of 2 ratings,$30
BBRG,$12.3801,1440688831287,"13,844",67% bullish,of 3 ratings,$14.50
BCLI,$2.88,1440688831315,"9,973",80% bullish,of 5 ratings,$12
BBEP,$2.7164,1440688831459,"829,474",69% bullish,of 13 ratings,$5.625
BBEPP,$13.51,1440688831606,"6,100",100% bearish,of 1 rating,N/A
BRID,$8.8,1440688831663,100,100% bearish,of 1 rating,N/A
BLIN,$1.3,1440688831690,3,50% bullish,of 2 ratings,$2.20
BCOV,$5.08,1440688831711,"30,356",67% bullish,of 3 ratings,$10.20
BDGE,$26.48,1440688831770,"2,750",Not yet rated,NULL,$31.75
BRCM,$51.219,1440688831876,"1,669,402",75% bullish,of 12 ratings,$56
BVSN,$5.85,1440688831901,"2,628",60% bearish,of 5 ratings,N/A
BYFC,NULL,1440688832048,0,50% bullish,of 2 ratings,N/A
BSFT,$31.145,1440688832078,"77,171",57% bullish,of 7 ratings,$40.50
BWEN,$3.1775,1440688832104,"2,365",100% bullish,of 3 ratings,$8
BRKL,$10.59,1440688832132,"57,254",100% bearish,of 1 rating,$10.75
BRCD,$10.65,1440688832179,"747,644",92% bullish,of 13 ratings,$11.50
BRKS,$10.11,1440688832311,"19,274",67% bullish,of 3 ratings,$15.25
BRKR,$18.54,1440688832389,"104,493",100% bearish,of 2 ratings,$22
BMTC,$28.8,1440688832414,"19,306",Not yet rated,NULL,$34
BSQR,$6.2,1440688832561,"18,539",67% bullish,of 3 ratings,N/A
BLMT,$20.69,1440688832590,"3,744",Not yet rated,NULL,N/A
BWLD,$196.18,1440688832659,"66,666",82% bullish,of 11 ratings,$205
BLDR,$14,1440688832719,"146,185",50% bullish,of 2 ratings,$22
CFFI,$35.38,1440688832792,500,100% bearish,of 1 rating,N/A
CHRW,$67.7645,1440688832850,"300,983",Not yet rated,NULL,$72
BUR,$1.8,1440688832891,500,100% bearish,of 1 rating,$8
CA,$27.01,1440688832927,"421,884",50% bullish,of 4 ratings,$33
CDNS,$19.75,1440688833057,"213,915",75% bullish,of 4 ratings,$22.50
CCMP,$43.45,1440688833085,"16,198",50% bullish,of 2 ratings,$59
CDZI,$7.73,1440688833114,"2,388",100% bearish,of 1 rating,N/A
CACQ,$7.13,1440688833213,"24,328",100% bearish,of 1 rating,$12.25
CZR,$8.875,1440688833311,"956,044",60% bearish,of 5 ratings,$10.50
CSTE,$41.09,1440688833412,"138,862",50% bullish,of 2 ratings,$65
CLBS,$1.35,1440688833443,"88,415",79% bullish,of 14 ratings,$4
PRSS,$4.49,1440688833574,"3,725",80% bullish,of 5 ratings,$4.50
CHI,$10.6001,1440688833602,"104,752",100% bearish,of 1 rating,N/A
CLMS,$10.63,1440688833623,"28,323",Not yet rated,NULL,$10.50
CHY,$11.291,1440688833656,"81,270",Not yet rated,NULL,N/A
CCD,$18.66,1440688833765,"72,861",Not yet rated,NULL,N/A
CHW,$7.57,1440688833850,"76,496",100% bearish,of 1 rating,N/A
CGO,$12.1599,1440688833880,"12,178",100% bearish,of 1 rating,N/A
CFGE,$10.57,1440688833909,810,Not yet rated,NULL,N/A
CAMP,$15.89,1440688834016,"60,507",88% bullish,of 8 ratings,$25
CSQ,$9.9,1440688834045,"93,851",Not yet rated,NULL,N/A
CVGW,$60.39,1440688834182,"62,753",50% bullish,of 2 ratings,$58.50
CFNB,$13.31,1440688834212,310,100% bearish,of 1 rating,N/A
CALA,$5.353,1440688834311,"172,781",100% bullish,of 3 ratings,$19.50
CALD,$15.5109,1440688834368,"84,576",100% bearish,of 1 rating,$21
CALM,$50.38,1440688834398,"119,528",80% bullish,of 5 ratings,$65
CLMT,$26.1545,1440688834442,"108,049",75% bullish,of 8 ratings,$31
ABCD,$5.3,1440688834537,"46,088",83% bullish,of 6 ratings,N/A
CAMBW,NULL,1440688834602,0,Not yet rated,NULL,N/A
CAMB,$10.05,1440688834678,100,Not yet rated,NULL,N/A
CAMBU,NULL,1440688834711,0,100% bearish,of 1 rating,N/A
CSIQ,$18.09,1440688834807,"827,040",86% bullish,of 28 ratings,$42.50
CAC,$40.23,1440688834835,"1,935",Not yet rated,NULL,N/A
CAMT,$2.6,1440688834863,"19,687",73% bullish,of 11 ratings,$4
CGIX,$10.165,1440688834888,"13,706",67% bullish,of 3 ratings,$14.375
CBNJ,$11,1440688835071,"6,678",100% bullish,of 1 rating,N/A
CPHC,NULL,1440688835096,0,100% bearish,of 1 rating,N/A
CPLA,$48.84,1440688835174,"52,701",67% bearish,of 3 ratings,$65
CBF,$29.059,1440688835238,"20,237",Not yet rated,NULL,$32
CCBG,$14.79,1440688835394,"1,832",Not yet rated,NULL,$17.25
CPLP,$6.7501,1440688835420,"154,820",71% bullish,of 7 ratings,$11
CPTA,$13.725,1440688835478,"10,516",100% bearish,of 1 rating,$18.50
CSWC,$45.47,1440688835505,"1,507",Not yet rated,NULL,N/A
CFFN,$12.01,1440688835559,"121,253",Not yet rated,NULL,$12.75
CAPN,$2.3801,1440688835651,"141,778",100% bullish,of 1 rating,$10.85
CAPNW,$0.6969,1440688835689,100,Not yet rated,NULL,N/A
CAPR,$4.31,1440688835742,"5,814",Not yet rated,NULL,$12
CARB,$11.235,1440688835837,"22,743",75% bullish,of 4 ratings,$12
CPST,$0.3639,1440688835862,"207,844",95% bullish,of 22 ratings,$1.25
CARA,$19.29,1440688835922,"54,160",50% bullish,of 4 ratings,$25
CBYL,$5.33,1440688836007,"10,187",100% bearish,of 1 rating,$20
CRDC,$0.324,1440688836137,"14,338",100% bullish,of 1 rating,$1.25
CFNL,$21.995,1440688836202,"45,246",Not yet rated,NULL,$24
CSII,$23.33,1440688836228,"82,582",100% bearish,of 2 ratings,$42.125
CRME,$8.84,1440688836253,"1,700",89% bullish,of 9 ratings,$11.25
CATM,$34.5,1440688836307,"31,174",100% bearish,of 1 rating,$44
CDNA,$6.29,1440688836448,"1,900",100% bearish,of 1 rating,$9
CECO,$3.5199,1440688836484,"74,081",67% bearish,of 3 ratings,$6
CTRE,$11.375,1440688836509,"89,880",50% bullish,of 2 ratings,$13.50
CLBH,NULL,1440688836683,0,Not yet rated,NULL,$16.50
CKEC,$23.73,1440688836814,"37,763",50% bullish,of 2 ratings,$35.915
CARO,$15.5,1440688836847,376,100% bearish,of 1 rating,$19
CART,$5.35,1440688836872,100,100% bearish,of 1 rating,N/A
CRZO,$32.23,1440688837012,"374,826",67% bearish,of 3 ratings,$55.50
TAST,$12.62,1440688837039,"122,346",Not yet rated,NULL,$14.25
CRTN,$2.63,1440688837112,600,100% bearish,of 1 rating,N/A
CARV,$7.3,1440688837168,250,50% bullish,of 2 ratings,N/A
CASM,NULL,1440688837240,0,100% bullish,of 1 rating,$3.50
CACB,$5.27,1440688837269,"5,947",Not yet rated,NULL,$5.50
CASY,$107,1440688837297,"43,954",50% bullish,of 2 ratings,$99.50
CWST,$5.965,1440688837327,"47,386",50% bullish,of 2 ratings,$7.25
CSCD,$15,1440688837433,"9,682",100% bullish,of 2 ratings,$17
CASI,$1.47,1440688837542,160,100% bullish,of 1 rating,$3.50
CASS,$49.45,1440688837567,"3,825",100% bearish,of 1 rating,N/A
CPRX,$3.81,1440688837735,"375,542",71% bullish,of 7 ratings,$7
CATB,$11.94,1440688837761,"4,829",100% bearish,of 1 rating,$28
CATY,$29.45,1440688837887,"84,424",100% bearish,of 1 rating,$33.50
CVCO,$70.82,1440688837975,"5,479",100% bearish,of 1 rating,N/A
CAVM,$68.18,1440688838006,"81,308",67% bearish,of 3 ratings,$72
CNLM,NULL,1440688838027,0,Not yet rated,NULL,N/A
CATYW,NULL,1440688838059,0,100% bearish,of 1 rating,N/A
CBFV,NULL,1440688838079,0,Not yet rated,NULL,$25
CNLMR,NULL,1440688838239,0,Not yet rated,NULL,N/A
CNLMW,NULL,1440688838418,0,Not yet rated,NULL,N/A
CBOE,$63.17,1440688838465,"93,157",Not yet rated,NULL,$60
CNLMU,NULL,1440688838515,0,100% bullish,of 1 rating,N/A
CDK,$48.76,1440688838537,"63,572",67% bearish,of 3 ratings,$50
CDW,$39.67,1440688838565,"396,576",75% bullish,of 4 ratings,$44
CECE,$9.2,1440688838719,"10,284",50% bullish,of 2 ratings,$16
CPXX,$2.0601,1440688838756,"55,634",100% bullish,of 2 ratings,$7
CELGZ,$1.69,1440688838854,"4,600",80% bullish,of 5 ratings,N/A
CELG,$121.57,1440688838883,"1,115,850",92% bullish,of 13 ratings,$155.50
CLDX,$15.13,1440688838913,"439,958",89% bullish,of 9 ratings,$36
CLDN,$1.06,1440688838945,"39,818",71% bullish,of 7 ratings,$3
CLLS,$32.66,1440688838969,"40,864",75% bullish,of 4 ratings,$51.50
CLRB,$3.1078,1440688839010,331,100% bearish,of 1 rating,N/A
CLRBW,NULL,1440688839109,0,Not yet rated,NULL,N/A
CBMG,$22.4,1440688839166,"16,242",50% bullish,of 2 ratings,N/A
CLSN,$2.058,1440688839385,"28,494",80% bullish,of 10 ratings,$7.50
CLTX,$2.21,1440688839444,"175,638",100% bullish,of 2 ratings,N/A
CETV,$2.13,1440688839513,"31,458",67% bullish,of 3 ratings,$2.80
CETX,$2.38,1440688839542,"6,300",Not yet rated,NULL,$5.60
CYAD,$49.53,1440688839606,"3,000",100% bullish,of 1 rating,$87.50
CEMP,$34.4114,1440688839635,"159,924",71% bullish,of 7 ratings,$52
CSFL,$13.82,1440688839662,"55,244",Not yet rated,NULL,$15
CFBK,$1.371,1440688839687,100,Not yet rated,NULL,N/A
CENT,$11.96,1440688839864,"60,347",Not yet rated,NULL,$10
CENTA,$12.47,1440688839896,"75,986",Not yet rated,NULL,N/A
CVCY,$11.25,1440688839925,"2,000",Not yet rated,NULL,$12
CENX,$5.165,1440688839999,"765,468",67% bullish,of 6 ratings,$9
CNBKA,$41.91,1440688840026,396,50% bullish,of 2 ratings,N/A
CNTY,$5.7681,1440688840162,"16,750",80% bullish,of 5 ratings,$7.75
CPHD,$48.24,1440688840238,"111,171",67% bearish,of 3 ratings,$66.50
CERE,$1.13,1440688840268,"87,887",88% bullish,of 8 ratings,N/A
CRNT,$1.37,1440688840342,"23,480",50% bullish,of 2 ratings,$2
CERN,$62.1,1440688840399,"348,947",67% bullish,of 3 ratings,$79
CERS,$4.9,1440688840424,"167,370",75% bullish,of 4 ratings,$7
CERU,$3.5201,1440688840449,"4,128",75% bullish,of 4 ratings,$15
KOOL,$0.6273,1440688840864,200,100% bullish,of 5 ratings,$7
CYOU,$20.55,1440688840915,"37,529",50% bullish,of 6 ratings,$24
CEVA,$18.2,1440688840969,"12,219",100% bearish,of 1 rating,$25
HOTR,$1.5003,1440688841000,"26,533",100% bullish,of 2 ratings,$5
HOTRW,NULL,1440688841069,0,Not yet rated,NULL,N/A
CTHR,NULL,1440688841096,0,50% bullish,of 2 ratings,$2.50
GTLS,$22.83,1440688841152,"91,288",50% bullish,of 4 ratings,$40
CHKP,$80.4,1440688841370,"280,568",50% bullish,of 4 ratings,$92
CHFN,$12.47,1440688841432,"4,620",Not yet rated,NULL,$14
CHEK,$2.06,1440688841506,"2,678",Not yet rated,NULL,$7.75
CEMI,$3.95,1440688841534,"3,854",50% bullish,of 2 ratings,$7.50
CHEKW,NULL,1440688841564,0,Not yet rated,NULL,N/A
CHFC,$31.51,1440688841670,"11,973",100% bearish,of 1 rating,$36
CHTR,$179.84,1440688841699,"174,828",100% bearish,of 2 ratings,$196
CCXI,$7.02,1440688841728,"10,888",67% bullish,of 3 ratings,$14
CHMG,$26.07,1440688841831,100,Not yet rated,NULL,$30
CHKE,$26.0425,1440688841984,"6,160",100% bearish,of 1 rating,$32.50
CHEV,$14.29,1440688842031,200,Not yet rated,NULL,N/A
CHMA,$26.34,1440688842176,"35,480",Not yet rated,NULL,$40
CBNK,NULL,1440688842233,0,100% bearish,of 1 rating,N/A
CADC,NULL,1440688842367,0,78% bullish,of 9 ratings,N/A
PLCE,$58.43,1440688842399,"63,940",100% bearish,of 1 rating,$69
CALI,$0.903,1440688842499,"1,020",67% bullish,of 3 ratings,N/A
CMRX,$49.84,1440688842525,"59,043",50% bullish,of 2 ratings,$57
CAAS,$6.08,1440688842739,"10,414",93% bullish,of 14 ratings,$11.50
CBAK,$1.87,1440688842801,"3,824",67% bullish,of 9 ratings,N/A
CBPO,$99.97,1440688842870,"57,549",75% bullish,of 8 ratings,$140.50
CCCL,$0.7649,1440688843012,"12,010",100% bullish,of 6 ratings,N/A
CCCR,$0.6241,1440688843041,"10,209",67% bearish,of 3 ratings,N/A
JRJC,$3.3692,1440688843146,"58,066",82% bullish,of 11 ratings,N/A
CHOP,NULL,1440688843201,0,50% bullish,of 2 ratings,N/A
CHLN,$2.087,1440688843338,"5,901",67% bullish,of 3 ratings,N/A
HGSH,$1.7,1440688843374,"9,111",67% bullish,of 3 ratings,N/A
CJJD,$1.87,1440688843471,"6,155",100% bullish,of 1 rating,N/A
CHNR,$1.71,1440688843502,16,100% bearish,of 1 rating,N/A
CNIT,$1.41,1440688843531,"27,500",67% bullish,of 6 ratings,N/A
CREG,$0.67,1440688843603,"8,200",100% bullish,of 3 ratings,N/A
HTHT,$25.87,1440688843636,"20,148",50% bullish,of 2 ratings,$28.40
CPGI,$6.83,1440688843737,22,Not yet rated,NULL,N/A
CSUN,$1.4401,1440688843807,"12,509",80% bullish,of 5 ratings,N/A
CNTF,$0.7993,1440688843936,"60,132",Not yet rated,NULL,N/A
CXDC,$5.79,1440688843982,"19,269",67% bearish,of 3 ratings,N/A
CNYD,$3.17,1440688844024,"1,100",67% bullish,of 3 ratings,N/A
CNET,$0.8399,1440688844130,"172,964",50% bullish,of 2 ratings,N/A
CCIH,$6.5,1440688844179,"85,843",67% bullish,of 6 ratings,$12.65
CHSCL,$27.12,1440688844204,"3,436",Not yet rated,NULL,N/A
CHSCO,$28.1201,1440688844341,"1,680",Not yet rated,NULL,N/A
CHSCM,$25.99,1440688844406,"4,819",Not yet rated,NULL,N/A
CHSCN,$26.7,1440688844484,601,Not yet rated,NULL,N/A
CHDN,$135.13,1440688844576,"9,436",Not yet rated,NULL,$165
IMOS,$17.18,1440688844614,"46,548",60% bullish,of 5 ratings,$21.50
CDTX,$14.06,1440688844641,"6,809",Not yet rated,NULL,$22
CHSCP,$30.4792,1440688844666,"2,750",Not yet rated,NULL,N/A
CHUY,$30.55,1440688844694,"42,111",50% bullish,of 2 ratings,$34
CIFC,$7.3,1440688844864,992,100% bearish,of 1 rating,N/A
CMCT,$15.32,1440688844993,42,100% bearish,of 1 rating,N/A
CMPR,$69.15,1440688845027,"61,770",50% bullish,of 2 ratings,$72.50
CIDM,$0.5829,1440688845048,"11,912",50% bullish,of 2 ratings,$2.10
CINF,$52.51,1440688845079,"81,855",50% bullish,of 4 ratings,$50.50
CTAS,$85.05,1440688845126,"94,324",100% bearish,of 1 rating,$91
CPHR,$5.5601,1440688845366,"2,150",100% bearish,of 1 rating,$17
CRUS,$29.22,1440688845391,"402,484",75% bullish,of 12 ratings,$44.50
CSCO,$25.84,1440688845418,"5,068,417",84% bullish,of 208 ratings,$32
CTRN,$26.94,1440688845548,"8,450",100% bearish,of 1 rating,$31.50
CZNC,$19.7238,1440688845708,"5,700",Not yet rated,NULL,N/A
CZWI,NULL,1440688845736,0,Not yet rated,NULL,N/A
CIZN,NULL,1440688845761,0,Not yet rated,NULL,N/A
CZFC,NULL,1440688845782,0,Not yet rated,NULL,N/A
CTXS,$69.43,1440688845827,"334,869",86% bullish,of 7 ratings,$80
CHCO,$47.06,1440688845866,"6,008",Not yet rated,NULL,$46
CIVBP,NULL,1440688845917,0,Not yet rated,NULL,N/A
CIVB,$10.257,1440688845969,680,Not yet rated,NULL,$11
CLNE,$4.8404,1440688846113,"429,146",80% bullish,of 15 ratings,$9
CLNT,$1.3599,1440688846190,"11,602",75% bullish,of 8 ratings,N/A
CDTI,$1.65,1440688846215,"54,147",75% bullish,of 4 ratings,$3.20
CLFD,$16.64,1440688846278,"11,589",67% bullish,of 3 ratings,$18
CBLI,$3.77,1440688846407,"10,956",60% bullish,of 5 ratings,N/A
CLRO,$11.42,1440688846459,618,50% bullish,of 2 ratings,$14.25
CLIR,$4.84,1440688846484,"17,338",100% bullish,of 3 ratings,N/A
CSBK,$13.63,1440688846538,"21,644",Not yet rated,NULL,N/A
CMFN,$11.52,1440688846626,"10,085",100% bearish,of 1 rating,$15.50
CISG,$7.67,1440688846659,"14,408",100% bullish,of 5 ratings,$10
CME,$92.835,1440688846687,"259,799",67% bullish,of 3 ratings,$102
CLVS,$74.98,1440688846758,"115,672",60% bullish,of 5 ratings,$101.50
CCNE,$16.85,1440688846819,"2,310",50% bullish,of 2 ratings,$21.50
CNV,$4.48,1440688846945,"11,418",50% bullish,of 2 ratings,$7.15
CWAY,$11.29,1440688847001,100,Not yet rated,NULL,N/A
COBZ,$12.95,1440688847042,"12,201",100% bullish,of 1 rating,$14
CDXS,$3.51,1440688847174,"3,775",64% bullish,of 11 ratings,$6
COKE,$159.13,1440688847227,"7,792",79% bullish,of 19 ratings,N/A
CVLY,$20.56,1440688847253,424,Not yet rated,NULL,N/A
CDRB,$12.65,1440688847388,"2,342",67% bullish,of 3 ratings,N/A
JVA,$4.56,1440688847418,"10,080",83% bullish,of 6 ratings,$7
CGNT,$1.5099,1440688847465,"13,407",100% bullish,of 2 ratings,$2
CCOI,$27.67,1440688847498,"63,084",50% bullish,of 4 ratings,$35
CGNX,$35.06,1440688847594,"121,538",50% bullish,of 2 ratings,$47
CHRS,$27.9,1440688847626,"49,126",67% bearish,of 3 ratings,$37
CTSH,$63.17,1440688847679,"606,283",90% bullish,of 10 ratings,$75
COHR,$55.87,1440688847704,"26,598",50% bullish,of 2 ratings,$72
COHU,$9.44,1440688847839,"31,646",100% bearish,of 1 rating,$14.25
CLRX,$0.5358,1440688847864,"18,707",50% bullish,of 2 ratings,N/A
CLCT,$18.51,1440688848005,"4,788",100% bearish,of 1 rating,N/A
CIGI,$43.41,1440688848086,860,100% bearish,of 1 rating,$52
CLCD,$6.494,1440688848114,"18,432",100% bearish,of 1 rating,$20.50
CBAN,NULL,1440688848174,0,Not yet rated,NULL,N/A
COLL,$15.38,1440688848199,"11,358",100% bearish,of 1 rating,$26
CMCO,$18.26,1440688848240,"12,814",60% bullish,of 5 ratings,$28
COLB,$30.05,1440688848331,"44,598",Not yet rated,NULL,$36
COLM,$61.72,1440688848361,"24,652",100% bearish,of 1 rating,$71
CMCSA,$56.45,1440688848497,"2,159,297",66% bullish,of 35 ratings,$69.50
CBMX,$1.1105,1440688848524,"8,142",83% bullish,of 6 ratings,$3.15
CMCSK,$57.145,1440688848577,"630,401",Not yet rated,NULL,$84
CBSH,$44.525,1440688848708,"36,443",50% bullish,of 2 ratings,$46
CBSHP,$25.36,1440688848735,122,100% bearish,of 1 rating,N/A
CUBN,NULL,1440688848798,0,Not yet rated,NULL,N/A
COMM,$30.85,1440688848925,"248,479",67% bearish,of 3 ratings,$35
CVGI,$5.025,1440688848955,"21,959",50% bullish,of 2 ratings,$6
CSAL,$20.6427,1440688849030,"92,704",75% bullish,of 4 ratings,$30
ESXB,$5.0611,1440688849059,"1,400",Not yet rated,NULL,N/A
CYHHZ,$0.01,1440688849084,"18,300",100% bullish,of 1 rating,N/A
JCS,NULL,1440688849109,0,67% bullish,of 3 ratings,N/A
CWBC,$6.74,1440688849344,204,Not yet rated,NULL,N/A
COB,$10.31,1440688849405,"4,257",100% bullish,of 1 rating,$11.75
CTBI,$34.4999,1440688849430,"7,049",Not yet rated,NULL,$36
CVLT,$35.81,1440688849688,"107,897",75% bullish,of 4 ratings,$44.50
CIL,NULL,1440688849715,0,Not yet rated,NULL,N/A
CIZ,$33.42,1440688849740,832,100% bearish,of 1 rating,N/A
CSF,$36.32,1440688850006,"1,685",100% bearish,of 1 rating,N/A
CID,NULL,1440688850036,0,Not yet rated,NULL,N/A
CSA,NULL,1440688850064,0,Not yet rated,NULL,N/A
CDL,NULL,1440688850089,0,Not yet rated,NULL,N/A
CFO,$35.37,1440688850117,"1,759",100% bearish,of 1 rating,N/A
CDC,$34.59,1440688850137,"1,299",Not yet rated,NULL,N/A
CFA,$35.57,1440688850170,"9,967",100% bearish,of 1 rating,N/A
CSB,NULL,1440688850273,0,Not yet rated,NULL,N/A
CPSI,$45.2,1440688850685,"15,893",100% bearish,of 1 rating,$45.50
CGEN,$5,1440688850719,"29,503",50% bullish,of 2 ratings,$11
SCOR,$53.83,1440688850741,"52,677",100% bearish,of 1 rating,$66
CTG,$6.44,1440688850770,"8,610",100% bearish,of 1 rating,$8.50
CHCI,$0.748,1440688850812,"6,030",50% bullish,of 2 ratings,N/A
CMTL,$25.47,1440688850838,"21,704",100% bearish,of 2 ratings,$37
CNAT,$3.687,1440688850899,"36,324",83% bullish,of 6 ratings,$13
CNCE,$15.435,1440688850924,"40,584",75% bullish,of 4 ratings,$22
CCUR,$4.67,1440688851095,"12,400",75% bullish,of 4 ratings,N/A
CNSI,$18.985,1440688851130,"12,399",100% bearish,of 2 ratings,$29
CDORP,NULL,1440688851160,0,100% bearish,of 1 rating,N/A
CDOR,$1.28,1440688851226,100,100% bullish,of 1 rating,N/A
CXRX,$73.9,1440688851259,"1,900",100% bearish,of 1 rating,$90
CDORO,$17,1440688851301,162,100% bearish,of 1 rating,N/A
CFMS,$19.76,1440688851357,"70,120",Not yet rated,NULL,$27
CNFR,$10.4644,1440688851384,"1,112",Not yet rated,NULL,N/A
CTWS,$34.18,1440688851699,"3,824",100% bearish,of 1 rating,$44
CNMD,$53.09,1440688851734,"23,144",Not yet rated,NULL,$59
CONN,$31.09,1440688851776,"100,251",67% bullish,of 3 ratings,$48.50
CWCO,$10.2345,1440688851801,"23,747",67% bullish,of 3 ratings,$14.50
CNOB,$19.2175,1440688851826,"9,576",100% bullish,of 1 rating,$23.50
CNXR,$6.36,1440688851853,"14,005",100% bearish,of 1 rating,$12
CNSL,$19.4799,1440688851879,"33,840",100% bearish,of 1 rating,$23
CTCT,$24.33,1440688852061,"39,405",67% bullish,of 3 ratings,$37
CPSS,$5.65,1440688852082,"10,770",100% bullish,of 1 rating,$10
CFRX,$5.08,1440688852118,"3,200",Not yet rated,NULL,$14
CFRXW,$1.64,1440688852158,"1,229",100% bearish,of 1 rating,N/A
CFRXZ,NULL,1440688852245,0,Not yet rated,NULL,N/A
CTRV,$3.81,1440688852272,309,Not yet rated,NULL,$6.40
CTRL,$8.19,1440688852350,"50,535",50% bullish,of 2 ratings,$11
CPRT,$34.38,1440688852482,"43,516",67% bearish,of 3 ratings,$40
CRBP,$1.88,1440688852548,"143,793",100% bullish,of 2 ratings,$6.25
BVA,NULL,1440688852663,0,50% bullish,of 2 ratings,N/A
CORT,$5,1440688852690,"79,002",67% bullish,of 3 ratings,$12
CORE,$58.85,1440688852725,"16,108",100% bearish,of 1 rating,$72
CORI,$10.27,1440688852767,"6,814",100% bearish,of 1 rating,$18
CRVL,$30.9501,1440688852820,"4,068",100% bearish,of 1 rating,N/A
COSI,$1.145,1440688852845,"50,034",100% bullish,of 1 rating,N/A
CSOD,$35.6,1440688852874,"168,704",50% bullish,of 2 ratings,$42
COST,$140.089,1440688853023,"483,002",79% bullish,of 24 ratings,$154.50
CSGP,$180,1440688853054,"26,364",50% bullish,of 2 ratings,$235
CPAH,$0.47,1440688853159,"3,779",50% bullish,of 2 ratings,N/A
CVTI,$23.04,1440688853261,"28,034",67% bearish,of 3 ratings,$39
ICBK,NULL,1440688853289,0,Not yet rated,NULL,$21
COVS,$2.56,1440688853359,"15,192",67% bullish,of 3 ratings,N/A
COWN,$5.03,1440688853386,"159,716",75% bullish,of 4 ratings,$7
COWNL,NULL,1440688853564,0,Not yet rated,NULL,N/A
BREW,$7.64,1440688853590,"10,530",67% bullish,of 6 ratings,$15
CRAI,$21.615,1440688853662,"11,532",100% bearish,of 1 rating,$36
CPSH,$2.24,1440688853719,"1,300",Not yet rated,NULL,N/A
CBRL,$146.2567,1440688853749,"50,458",50% bullish,of 2 ratings,$155
CRAY,$20.43,1440688853779,"57,010",83% bullish,of 6 ratings,$38.50
CACC,$196.745,1440688853817,"26,137",50% bullish,of 2 ratings,$158.50
GLDI,$10.95,1440688853842,"5,474",100% bearish,of 1 rating,N/A
SLVO,$9.8799,1440688853995,"13,933",100% bearish,of 1 rating,N/A
CREE,$26.41,1440688854132,"296,917",65% bullish,of 17 ratings,$29.50
CRESY,$10.3,1440688854230,"8,624",100% bearish,of 1 rating,$19
CROX,$13.97,1440688854267,"199,754",63% bullish,of 8 ratings,$16.50
CRTO,$44.46,1440688854323,"74,466",67% bullish,of 6 ratings,$64
CCRN,$13.77,1440688854427,"44,982",100% bearish,of 1 rating,$14.25
CRWS,$8.1,1440688854455,"3,574",Not yet rated,NULL,$10
CRDS,$1.05,1440688854482,"63,500",50% bullish,of 4 ratings,$4.50
CYRX,$2.8788,1440688854520,"2,764",Not yet rated,NULL,$9
CRWN,$4.39,1440688854552,"11,704",75% bullish,of 4 ratings,N/A
CYRXW,$0.869,1440688854683,"2,900",Not yet rated,NULL,N/A
CCLP,$14.01,1440688854789,"13,891",67% bearish,of 3 ratings,$20
CSPI,NULL,1440688854845,0,67% bullish,of 3 ratings,N/A
CTCM,$1.73,1440688854873,"90,907",80% bearish,of 5 ratings,$3.90
CSGS,$30.01,1440688854894,"76,987",Not yet rated,NULL,$40
CTIC,$1.595,1440688854923,"614,276",84% bullish,of 76 ratings,$5.75
CTIB,$3.55,1440688855154,"3,299",100% bearish,of 1 rating,N/A
CUNB,$20.95,1440688855219,"2,462",Not yet rated,NULL,$24.50
CTRP,$69.2375,1440688855249,"855,430",75% bullish,of 8 ratings,$92
CPIX,$6.01,1440688855279,900,Not yet rated,NULL,N/A
CMLS,$1.405,1440688855309,"97,410",50% bullish,of 4 ratings,$6
CUTR,$14.24,1440688855330,"14,922",67% bearish,of 3 ratings,$18
CUI,$5.09,1440688855365,"2,631",50% bullish,of 2 ratings,$10
CRIS,$2.46,1440688855386,"84,676",100% bullish,of 8 ratings,$6
CVBF,$16.06,1440688855618,"61,927",Not yet rated,NULL,$18
CYBR,$50.3,1440688855710,"453,945",75% bullish,of 8 ratings,$66
CVV,$10.7875,1440688855735,"2,261",100% bullish,of 5 ratings,N/A
CYAN,$7.8,1440688855760,"3,402",100% bearish,of 1 rating,N/A
CYBX,$66.75,1440688855785,"80,891",50% bullish,of 4 ratings,$71.50
CYCC,$0.515,1440688855916,"5,792",73% bullish,of 11 ratings,N/A
CYCCP,NULL,1440688855948,0,100% bearish,of 1 rating,N/A
CYBE,$6.18,1440688856047,"10,910",100% bearish,of 1 rating,N/A
CYNO,$31.875,1440688856110,"44,448",67% bearish,of 3 ratings,$45.50
CY,$9.63,1440688856194,"991,545",80% bullish,of 10 ratings,$15.50
CYRN,$1.71,1440688856215,"5,850",67% bullish,of 3 ratings,$4
CBAY,$2.63,1440688856252,"18,956",100% bullish,of 1 rating,$4
CYNA,$16.0401,1440688856277,"5,680",100% bullish,of 1 rating,$31.50
CYTK,$6.78,1440688856309,"48,130",71% bullish,of 14 ratings,$13.50
CONE,$31.57,1440688856412,"92,578",67% bearish,of 3 ratings,$35.50
CTSO,$6.41,1440688856877,"16,820",Not yet rated,NULL,$15.625
CYTX,$0.3107,1440688856911,"1,199,567",83% bullish,of 12 ratings,$5.50
DAEG,NULL,1440688856932,0,100% bearish,of 1 rating,N/A
ZIV,$43.26,1440688856964,"45,196",Not yet rated,NULL,N/A
DJCO,$196.33,1440688856986,360,Not yet rated,NULL,N/A
TVIX,$11.331,1440688857016,"4,939,709",81% bullish,of 16 ratings,N/A
TVIZ,$16.5,1440688857039,"6,342",100% bearish,of 1 rating,N/A
CYTR,$2.33,1440688857060,"187,967",67% bullish,of 6 ratings,$10
XIV,$29.39,1440688857296,"10,037,717",75% bearish,of 4 ratings,N/A
DARA,$0.8499,1440688857326,"32,559",83% bullish,of 6 ratings,$1.50
DAKT,$8.5395,1440688857356,"126,612",50% bullish,of 2 ratings,$14
DAIO,$2.63,1440688857387,404,Not yet rated,NULL,N/A
DRAM,$1.19,1440688857416,"8,820",78% bullish,of 9 ratings,N/A
DTLK,$5.51,1440688857458,"14,709",100% bearish,of 1 rating,$9
DWCH,$5.04,1440688857485,"13,802",75% bullish,of 4 ratings,$8.25
PLAY,$34.7,1440688857754,"94,119",100% bullish,of 5 ratings,$42
DWSN,$4.315,1440688857857,"3,090",67% bullish,of 3 ratings,N/A
DBVT,$41.01,1440688857885,"74,812",100% bearish,of 1 rating,$53
DFRG,$14.505,1440688857944,"27,216",100% bearish,of 1 rating,$20
TRAK,$62.82,1440688857973,"113,374",50% bullish,of 2 ratings,$62.50
DHRM,$1.4989,1440688857994,500,Not yet rated,NULL,N/A
DTEA,$12.9,1440688858015,"20,957",100% bearish,of 2 ratings,$24
TACO,$13.1,1440688858048,"15,146",75% bullish,of 4 ratings,$20
TACOW,NULL,1440688858234,0,100% bullish,of 1 rating,N/A
DCTH,$0.3949,1440688858262,"64,845",78% bullish,of 9 ratings,N/A
DELT,$2.6,1440688858325,"1,000",Not yet rated,NULL,N/A
DGAS,$20.69,1440688858357,442,67% bearish,of 3 ratings,N/A
XRAY,$53.09,1440688858424,"91,518",100% bullish,of 1 rating,$58
DENN,$11.52,1440688858453,"56,651",100% bullish,of 3 ratings,$15
DELTW,NULL,1440688858477,0,Not yet rated,NULL,N/A
DEPO,$29.22,1440688858626,"121,701",60% bullish,of 5 ratings,$29
DERM,$25.27,1440688858759,"29,684",100% bearish,of 1 rating,$33.50
DEST,$11.09,1440688858786,"30,632",50% bullish,of 2 ratings,N/A
DSCI,$5.87,1440688858832,"11,080",50% bullish,of 2 ratings,$16
DXM,$0.2833,1440688858986,"26,918",50% bullish,of 2 ratings,N/A
DSWL,NULL,1440688859017,0,100% bullish,of 1 rating,N/A
DXLG,$5.0035,1440688859044,"81,092",100% bearish,of 1 rating,$8
DHXM,NULL,1440688859065,0,Not yet rated,NULL,N/A
DXCM,$93.27,1440688859117,"164,392",57% bullish,of 7 ratings,$98
DMND,$27.98,1440688859202,"43,113",75% bullish,of 12 ratings,$32
DHIL,$191.87,1440688859227,560,Not yet rated,NULL,N/A
DCIX,$1.71,1440688859371,"34,311",50% bullish,of 4 ratings,$3.50
FANG,$66.44,1440688859400,"185,610",50% bullish,of 2 ratings,$86.50
DRNA,$10.595,1440688859426,"16,038",67% bearish,of 3 ratings,$25
DMRC,$34.665,1440688859562,"11,332",100% bearish,of 1 rating,$44
DGII,$9.61,1440688859591,"17,646",100% bearish,of 1 rating,$10
DGLY,$8.088,1440688859694,"107,415",50% bullish,of 6 ratings,$20
DRAD,$3.6875,1440688859774,"7,762",100% bullish,of 1 rating,$5.25
DCOM,$16.825,1440688859839,"62,009",100% bearish,of 2 ratings,$16.50
APPS,$2.305,1440688859868,"17,316",100% bearish,of 1 rating,$10.25
DPRX,$12.51,1440688859889,"2,306",100% bullish,of 2 ratings,$27.75
DISCA,$27.03,1440688860019,"342,898",67% bullish,of 3 ratings,$34
DISCB,NULL,1440688860045,0,100% bearish,of 1 rating,$35
DIOD,$19.7,1440688860066,"29,044",75% bearish,of 4 ratings,$24
DISCK,$25.5,1440688860235,"132,382",100% bearish,of 1 rating,$32
DISH,$59.0725,1440688860277,"309,650",69% bullish,of 13 ratings,$73
DSCO,$0.3621,1440688860304,"78,499",83% bullish,of 6 ratings,$2.75
DLHC,$2.45,1440688860438,"1,034",100% bearish,of 1 rating,N/A
DVCR,$11.19,1440688860472,902,100% bullish,of 1 rating,N/A
BAGR,$2.73,1440688860497,"13,303",100% bearish,of 1 rating,$6
DNBF,$26.3,1440688860634,200,Not yet rated,NULL,$27.50
DGICA,$14.22,1440688860679,"4,286",100% bearish,of 1 rating,$17
DLTR,$76.64,1440688860710,"1,545,438",82% bullish,of 11 ratings,$88
DGICB,NULL,1440688860736,0,100% bearish,of 1 rating,N/A
DMLP,$14.5,1440688860873,"20,645",100% bearish,of 1 rating,N/A
DORM,$50.87,1440688860906,"27,049",100% bearish,of 1 rating,$56
HILL,$9.68,1440688860931,"279,363",60% bearish,of 5 ratings,$9.75
DRWIW,$0.049,1440688861013,400,Not yet rated,NULL,N/A
DRWI,$0.2197,1440688861094,"30,896",60% bullish,of 5 ratings,$.45
DWA,$20.27,1440688861190,"158,096",63% bullish,of 8 ratings,$26
DRYS,$0.4167,1440688861215,"2,041,959",77% bullish,of 31 ratings,$.60
DSKX,$3.3199,1440688861280,"24,850",100% bullish,of 1 rating,N/A
CADTR,$0.2,1440688861439,"10,500",Not yet rated,NULL,N/A
CADT,NULL,1440688861460,0,Not yet rated,NULL,N/A
CADTU,NULL,1440688861500,0,Not yet rated,NULL,N/A
DSPG,$8.65,1440688861536,"12,738",100% bearish,of 1 rating,$13.50
DTSI,$26.14,1440688861636,"12,308",100% bearish,of 2 ratings,$39.50
CADTW,NULL,1440688861661,0,Not yet rated,NULL,N/A
DNKN,$51.39,1440688861736,"174,883",67% bullish,of 15 ratings,$56.50
DRRX,$2.04,1440688861761,"41,951",50% bullish,of 6 ratings,$3
DXPE,$26.62,1440688861921,"170,676",50% bullish,of 2 ratings,N/A
BOOM,$9.32,1440688862003,"16,436",67% bullish,of 3 ratings,$12
DYSL,$1.47,1440688862031,"23,072",100% bullish,of 2 ratings,N/A
DYAX,$23.82,1440688862052,"253,936",89% bullish,of 9 ratings,$30
DYNT,$2.9999,1440688862105,"5,347",75% bullish,of 4 ratings,N/A
DVAX,$28.31,1440688862190,"97,407",70% bullish,of 10 ratings,$40
ETFC,$26.32,1440688862251,"976,669",57% bullish,of 14 ratings,$32.50
EBMT,NULL,1440688862327,0,Not yet rated,NULL,$13.50
EGBN,$41.52,1440688862380,"19,021",Not yet rated,NULL,$48
EGRX,$82.14,1440688862429,"132,485",67% bullish,of 3 ratings,$97
EROC,$1.41,1440688862461,"161,672",50% bullish,of 2 ratings,$3
EGLE,$6.54,1440688862490,"3,764",60% bullish,of 5 ratings,N/A
ELNK,$8.42,1440688862562,"105,798",60% bullish,of 5 ratings,$9.50
EWBC,$39.85,1440688862623,"194,107",100% bearish,of 1 rating,$50
EML,$16.74,1440688862781,502,Not yet rated,NULL,N/A
EACQU,NULL,1440688862812,0,Not yet rated,NULL,N/A
EVBS,NULL,1440688862843,0,Not yet rated,NULL,$7
EBAY,$27.02,1440688862946,"3,615,505",81% bullish,of 117 ratings,$48
ELON,$0.5439,1440688863076,"10,530",50% bullish,of 2 ratings,N/A
ECHO,$23.365,1440688863101,"51,960",67% bearish,of 3 ratings,$35.50
EBIX,$28.22,1440688863163,"101,500",69% bullish,of 13 ratings,$40
SATS,$44.0801,1440688863295,"9,237",50% bullish,of 2 ratings,$60
EEI,$11.32,1440688863320,"3,250",67% bearish,of 3 ratings,N/A
ECTE,$1.55,1440688863353,634,75% bullish,of 4 ratings,N/A
ECACU,$10.06,1440688863379,100,Not yet rated,NULL,N/A
EDAP,$3.53,1440688863400,"69,120",60% bullish,of 5 ratings,$4.50
ESES,NULL,1440688863532,0,100% bearish,of 1 rating,$7
EDGW,$6.66,1440688863571,474,100% bearish,of 1 rating,N/A
EDUC,$5.1056,1440688863707,"2,073",100% bearish,of 1 rating,N/A
EFUT,$4.3127,1440688863817,"1,000",Not yet rated,NULL,N/A
EGAN,$3.4,1440688863917,"8,640",50% bullish,of 2 ratings,$6.25
ESLT,$76.9599,1440688863951,"1,968",67% bullish,of 3 ratings,N/A
ERI,$9.485,1440688863978,"21,613",100% bearish,of 1 rating,$10
EHTH,$14.02,1440688864049,"16,575",50% bullish,of 4 ratings,$16.50
EGLT,$10.36,1440688864081,"11,320",50% bullish,of 2 ratings,$21
LOCO,$12.54,1440688864187,"319,170",69% bullish,of 13 ratings,$20
EMITF,$1.2499,1440688864282,"2,694",75% bullish,of 4 ratings,N/A
EA,$66.74,1440688864353,"420,759",77% bullish,of 35 ratings,$80
ESIO,$4.245,1440688864384,"13,954",50% bullish,of 2 ratings,$10
EFII,$43.78,1440688864425,"42,817",80% bullish,of 5 ratings,$55
ELSE,$4.01,1440688864484,"1,097",60% bullish,of 5 ratings,N/A
ELRC,$10.36,1440688864509,"9,632",100% bearish,of 1 rating,N/A
ELEC,NULL,1440688864762,0,Not yet rated,NULL,N/A
EBIO,$3.55,1440688864792,"137,621",100% bearish,of 2 ratings,$8.35
ELECU,NULL,1440688864867,0,Not yet rated,NULL,N/A
ELECW,NULL,1440688864894,0,Not yet rated,NULL,N/A
ESBK,$19.62,1440688864918,340,Not yet rated,NULL,N/A
RDEN,$10.63,1440688864946,"14,190",100% bearish,of 4 ratings,$15
CAPX,$22.751,1440688864973,"4,100",Not yet rated,NULL,N/A
LONG,$17.03,1440688865146,"8,362",67% bullish,of 3 ratings,$15.75
ELTK,$1.2406,1440688865173,"72,064",67% bearish,of 3 ratings,N/A
EMCI,$23.21,1440688865305,"5,155",Not yet rated,NULL,N/A
EMCF,NULL,1440688865335,0,100% bearish,of 1 rating,N/A
EMKR,$6.905,1440688865356,"14,716",75% bullish,of 4 ratings,$8.50
EMMS,$1.18,1440688865385,100,83% bullish,of 6 ratings,N/A
EMMSP,NULL,1440688865438,0,100% bearish,of 1 rating,N/A
NYNY,$4.23,1440688865673,"6,079",50% bullish,of 2 ratings,N/A
ENTA,$41.75,1440688865705,"31,609",50% bullish,of 2 ratings,$42
ERS,$2.88,1440688865726,"1,500",Not yet rated,NULL,N/A
ECPG,$39.01,1440688865747,"35,307",100% bullish,of 2 ratings,$52
ENDP,$78.65,1440688865795,"238,759",50% bullish,of 6 ratings,$104
WIRE,$31.005,1440688865816,"22,770",100% bearish,of 1 rating,$37
ECYT,$5.18,1440688865885,"42,870",83% bullish,of 6 ratings,$12
ELGX,$12.86,1440688865911,"77,189",75% bullish,of 4 ratings,$17
EIGI,$15.27,1440688866071,"78,385",67% bearish,of 3 ratings,$22.50
EFOI,$21.2,1440688866098,"504,236",50% bullish,of 2 ratings,$20.50
WATT,$6.3252,1440688866151,"24,794",50% bullish,of 2 ratings,$13
ERII,$2.67,1440688866287,"4,519",80% bullish,of 5 ratings,$2.50
EXXI,$1.7004,1440688866418,"876,572",86% bullish,of 7 ratings,$3.50
ENG,NULL,1440688866446,0,100% bullish,of 3 ratings,N/A
ENFC,NULL,1440688866478,0,Not yet rated,NULL,N/A
ENPH,$4.7,1440688866499,"183,481",75% bullish,of 4 ratings,$11
ESGR,$147.17,1440688866577,"1,445",100% bearish,of 1 rating,$185
ENOC,$8.46,1440688866656,"31,061",75% bullish,of 4 ratings,$18
ENTG,$13.655,1440688866686,"77,398",100% bearish,of 1 rating,$18
ENTL,$21.93,1440688866714,"2,508",Not yet rated,NULL,$28
ETRM,$0.2655,1440688866790,"382,281",69% bearish,of 35 ratings,$1.625
EGT,$1.94,1440688867031,106,100% bullish,of 1 rating,N/A
ENZN,$1.04,1440688867066,"295,598",100% bullish,of 9 ratings,N/A
EBTC,$21.16,1440688867140,"1,880",Not yet rated,NULL,N/A
ENVI,$1.9,1440688867166,"30,529",67% bullish,of 3 ratings,N/A
EFSC,$23.6,1440688867187,"19,174",Not yet rated,NULL,$27
ENZY,$9.19,1440688867221,"2,577",67% bullish,of 3 ratings,$9.50
EPIQ,$13.03,1440688867242,"18,016",100% bearish,of 1 rating,$18
EPRS,$4.95,1440688867373,"14,447",82% bullish,of 11 ratings,$15
EPZM,$17.5,1440688867401,"99,060",60% bullish,of 5 ratings,$34
EQFN,NULL,1440688867592,0,100% bearish,of 1 rating,N/A
PLUS,$75.06,1440688867619,"24,391",50% bullish,of 2 ratings,$88
EAC,$3.24,1440688867649,"2,712",100% bearish,of 1 rating,$8
EQIX,$263.65,1440688867678,"82,948",75% bullish,of 4 ratings,$312.50
ERIC,$9.85,1440688867704,"333,009",67% bullish,of 9 ratings,$12.20
ERIE,$82.22,1440688867782,"3,022",Not yet rated,NULL,$73
ESCRP,$1.4,1440688867986,"1,750",100% bearish,of 1 rating,N/A
ESCR,$0.165,1440688868015,"93,324",50% bullish,of 2 ratings,N/A
ESCA,$17.0675,1440688868092,"2,312",100% bearish,of 1 rating,$22
ESMC,NULL,1440688868122,0,Not yet rated,NULL,N/A
ESSA,$12.76,1440688868191,446,100% bearish,of 1 rating,N/A
ESPR,$52.44,1440688868218,"170,613",70% bearish,of 10 ratings,$123
EPIX,NULL,1440688868348,0,Not yet rated,NULL,N/A
ESND,$34.055,1440688868375,"15,637",100% bearish,of 2 ratings,$40
ESSX,$0.37,1440688868406,"31,319",50% bullish,of 2 ratings,N/A
ETSY,$14.01,1440688868509,"206,384",80% bullish,of 5 ratings,$16
EEFT,$64.52,1440688868609,"36,569",100% bearish,of 1 rating,$67.50
CLWT,$2.4415,1440688868634,100,100% bearish,of 1 rating,N/A
ESEA,$5.55,1440688868660,401,100% bullish,of 1 rating,$15
EVEP,$7.89,1440688868717,"104,761",50% bullish,of 2 ratings,$15
EVK,$3.75,1440688868901,300,75% bearish,of 4 ratings,N/A
EVLV,$2.5111,1440688868945,"66,783",60% bullish,of 5 ratings,$6
EVOK,$4.01,1440688869093,"5,886",100% bearish,of 1 rating,$13.375
EXA,$11.21,1440688869133,"2,862",100% bearish,of 1 rating,$13
EXAS,$21.78,1440688869169,"265,709",78% bullish,of 9 ratings,$31
EVOL,$6.18,1440688869197,"1,410",75% bullish,of 4 ratings,$10
EXEL,$5.8199,1440688869227,"3,377,952",81% bullish,of 16 ratings,$6
EXAC,$17.99,1440688869264,"55,408",100% bearish,of 1 rating,$22.50
EXFO,$2.965,1440688869331,"14,048",67% bearish,of 3 ratings,$3.95
EXPE,$116.7,1440688869473,"227,139",64% bullish,of 11 ratings,$130
EXLS,$35.26,1440688869508,"29,513",50% bullish,of 2 ratings,$41
EXPD,$49.87,1440688869561,"286,214",80% bullish,of 5 ratings,$52
EXPO,$42.02,1440688869666,"11,323",100% bearish,of 1 rating,$45.50
ESRX,$84.7907,1440688869691,"503,792",67% bearish,of 6 ratings,$101
EXLP,$19.13,1440688869717,"36,181",100% bearish,of 1 rating,$25
EYEG,$3.63,1440688869872,"4,035",Not yet rated,NULL,N/A
EXTR,$2.83,1440688869898,"99,994",80% bullish,of 5 ratings,$3
EZCH,$22.135,1440688869930,"51,640",75% bullish,of 8 ratings,$19.50
EYEGW,$0.9024,1440688869977,172,Not yet rated,NULL,N/A
FB,$89.4398,1440688870038,"10,042,775",73% bullish,of 1067 ratings,$111
FFIV,$125.0809,1440688870111,"210,467",63% bullish,of 8 ratings,$132
EZPW,$5.81,1440688870184,"35,205",50% bullish,of 4 ratings,$7.50
FRP,$15.485,1440688870277,"17,779",100% bearish,of 1 rating,$18
FCS,$13.56,1440688870312,"176,299",67% bearish,of 3 ratings,$17
FWM,$2.47,1440688870341,"43,925",100% bearish,of 2 ratings,$3.20
FALC,$1.6695,1440688870447,"57,507",63% bearish,of 8 ratings,N/A
DAVE,$14.58,1440688870477,"1,022",100% bearish,of 1 rating,$15.50
FARM,$21.44,1440688870580,"21,050",100% bearish,of 1 rating,$35
FFKT,$26.2,1440688870616,"1,936",Not yet rated,NULL,$29
FMNB,$8.09,1440688870643,"10,772",Not yet rated,NULL,N/A
FAST,$38.74,1440688870711,"566,380",80% bullish,of 5 ratings,$45.50
FARO,$37.495,1440688870741,"12,973",50% bullish,of 2 ratings,$48
FATE,$6.64,1440688870769,"5,004",50% bullish,of 2 ratings,$11
FBSS,NULL,1440688870843,0,Not yet rated,NULL,N/A
FBRC,$21.75,1440688870909,"28,820",100% bearish,of 1 rating,$29
FDML,$8.48,1440688871013,"94,934",50% bullish,of 4 ratings,$14
FNHC,$21.9,1440688871144,"12,206",100% bearish,of 1 rating,$35
FEIC,$74.85,1440688871173,"52,078",50% bullish,of 2 ratings,$95.50
FHCO,$1.351,1440688871272,"2,908",50% bullish,of 4 ratings,N/A
FENX,$9.47,1440688871321,"7,524",100% bullish,of 1 rating,$14.25
ONEQ,$188.7299,1440688871352,"19,183",100% bullish,of 1 rating,N/A
FCSC,$5.55,1440688871377,"26,722",100% bearish,of 1 rating,$8.125
FGEN,$23.4833,1440688871455,"47,042",100% bearish,of 1 rating,$39
LION,$18.705,1440688871526,"24,174",100% bullish,of 1 rating,$20
FRGI,$52,1440688871587,"43,674",50% bullish,of 2 ratings,$70
FSAM,$8.3,1440688871716,"2,314",100% bearish,of 1 rating,$10.25
FSCFL,$24.35,1440688871743,"2,106",Not yet rated,NULL,N/A
FSC,$6.39,1440688871764,"266,492",60% bullish,of 5 ratings,$8
FDUS,$14.257,1440688871798,"9,524",50% bullish,of 2 ratings,$18
FSFR,$8.8099,1440688871904,"13,117",100% bearish,of 1 rating,$11.50
FITB,$19.79,1440688872157,"1,924,314",54% bullish,of 13 ratings,$22
FNSR,$15.59,1440688872183,"221,786",71% bullish,of 7 ratings,$24.50
FNJN,$1.9356,1440688872214,"36,989",100% bearish,of 1 rating,$5
FITBI,$27.54,1440688872245,"7,899",Not yet rated,NULL,N/A
FISI,$24.589,1440688872272,"4,380",100% bullish,of 2 ratings,$24.50
FNGN,$32.75,1440688872313,"68,667",67% bullish,of 3 ratings,$47
FNTC,$9.83,1440688872403,1,Not yet rated,NULL,N/A
FEYE,$39.1,1440688872484,"1,009,096",87% bullish,of 15 ratings,$55.50
FNTCU,NULL,1440688872577,0,Not yet rated,NULL,N/A
FNTCW,NULL,1440688872608,0,Not yet rated,NULL,N/A
FBNC,$16.91,1440688872711,"4,210",100% bullish,of 1 rating,$20
FRBA,NULL,1440688872744,0,Not yet rated,NULL,$8
FNLC,$18.51,1440688872765,"3,266",100% bullish,of 1 rating,N/A
BUSE,$6.31,1440688872788,"15,538",Not yet rated,NULL,$6.875
FBIZ,$44.07,1440688872842,"5,950",100% bearish,of 2 ratings,$52
FCVA,NULL,1440688872985,0,Not yet rated,NULL,N/A
FCNCA,$237.24,1440688873120,"1,659",Not yet rated,NULL,N/A
FCAP,$27.4,1440688873145,88,Not yet rated,NULL,N/A
FCLF,NULL,1440688873201,0,Not yet rated,NULL,N/A
FCBC,$17.54,1440688873271,"6,085",Not yet rated,NULL,$18
FCFS,$39.49,1440688873300,"25,810",100% bearish,of 3 ratings,$48
FCCO,$12.05,1440688873342,"3,350",Not yet rated,NULL,$13.25
FCFP,$6.823,1440688873370,250,Not yet rated,NULL,N/A
FDEF,$37.97,1440688873518,"11,112",Not yet rated,NULL,$38
FBNK,$16.94,1440688873545,"8,957",100% bearish,of 1 rating,$17.50
FFNM,$6.1701,1440688873676,850,Not yet rated,NULL,N/A
FFBCW,NULL,1440688873726,0,100% bearish,of 1 rating,N/A
FFIN,$30.73,1440688873752,"36,899",50% bullish,of 2 ratings,$31.75
FFBC,$18.26,1440688873773,"31,315",67% bearish,of 3 ratings,$20.25
THFF,$32.81,1440688873804,"5,212",Not yet rated,NULL,$35
FFNW,$11.9547,1440688873947,"4,100",Not yet rated,NULL,$14
INBK,$30.4185,1440688874076,"2,824",50% bullish,of 2 ratings,$37
FIBK,$26.48,1440688874103,"27,381",Not yet rated,NULL,$32
FFWM,$20.9,1440688874138,"21,504",Not yet rated,NULL,$24
FNBC,$34.055,1440688874238,"26,348",Not yet rated,NULL,$40
FMBH,NULL,1440688874264,0,Not yet rated,NULL,N/A
FRME,$25.59,1440688874292,"23,922",Not yet rated,NULL,$26.50
FMBI,$17.445,1440688874318,"55,115",Not yet rated,NULL,$20
FNFG,$9.06,1440688874515,"566,984",80% bullish,of 5 ratings,$9
FNWB,NULL,1440688874578,0,Not yet rated,NULL,N/A
FSFG,NULL,1440688874602,0,Not yet rated,NULL,N/A
FSGI,$2.47,1440688874649,75,Not yet rated,NULL,N/A
FSBK,$7.63,1440688874821,100,100% bullish,of 1 rating,N/A
FSLR,$47.54,1440688874847,"412,540",72% bullish,of 39 ratings,$65
FBZ,NULL,1440688874867,0,Not yet rated,NULL,N/A
BICK,$19.84,1440688874897,"4,440",100% bullish,of 1 rating,N/A
FTCS,$36.615,1440688875043,"11,244",100% bearish,of 1 rating,N/A
FV,$23.486,1440688875076,"1,064,659",100% bearish,of 1 rating,N/A
FCAN,$24.2145,1440688875097,"1,196",Not yet rated,NULL,N/A
FCA,$19.88,1440688875128,"1,127",Not yet rated,NULL,N/A
IFV,$17.9094,1440688875259,"145,841",100% bearish,of 1 rating,N/A
FEMB,NULL,1440688875289,0,Not yet rated,NULL,N/A
FEUZ,NULL,1440688875439,0,Not yet rated,NULL,N/A
FTSM,$59.85,1440688875464,"2,665",100% bearish,of 1 rating,N/A
TDIV,$24.5999,1440688875630,"35,189",100% bearish,of 1 rating,N/A
FGM,$35.8771,1440688875656,"3,455",Not yet rated,NULL,N/A
FTGC,$22.0976,1440688875689,"4,100",Not yet rated,NULL,N/A
HYLS,$49.64,1440688875792,"7,686",100% bearish,of 1 rating,N/A
MDIV,$19.1414,1440688875813,"50,205",Not yet rated,NULL,N/A
FPXI,$27.38,1440688875849,100,Not yet rated,NULL,N/A
FTHI,$19.375,1440688875869,"2,500",Not yet rated,NULL,N/A
FHK,$33.75,1440688875947,"8,668",Not yet rated,NULL,N/A
YDIV,$16.3783,1440688876076,"3,736",Not yet rated,NULL,N/A
SKYY,$29.0499,1440688876101,"15,597",100% bullish,of 1 rating,N/A
CU,$12.869,1440688876231,"2,005",100% bearish,of 1 rating,N/A
PLTM,$6.2296,1440688876255,"11,375",100% bearish,of 1 rating,N/A
FJP,$47.4227,1440688876389,"1,289",Not yet rated,NULL,N/A
FTLB,$19.3595,1440688876415,"1,100",100% bearish,of 1 rating,N/A
FMB,$51.1425,1440688876497,165,Not yet rated,NULL,N/A
LMBS,$50.14,1440688876553,300,Not yet rated,NULL,N/A
QABA,$37.4499,1440688876581,"5,974",100% bearish,of 1 rating,N/A
CIBR,$18.0309,1440688876610,"46,866",Not yet rated,NULL,N/A
QCLN,$14.84,1440688876715,"12,437",Not yet rated,NULL,N/A
FONE,NULL,1440688876748,0,Not yet rated,NULL,N/A
GRID,NULL,1440688876819,0,100% bearish,of 1 rating,N/A
CARZ,$34.81,1440688876848,"3,652",100% bearish,of 1 rating,N/A
RDVY,$21.1101,1440688876951,"4,215",Not yet rated,NULL,N/A
QQEW,$41.8973,1440688877010,"28,628",Not yet rated,NULL,N/A
QQXT,$40.595,1440688877148,"21,693",Not yet rated,NULL,N/A
AIRR,$16.04,1440688877239,"1,024",100% bearish,of 1 rating,N/A
QTEC,$40.1299,1440688877264,"30,070",Not yet rated,NULL,N/A
QINC,NULL,1440688877315,0,Not yet rated,NULL,N/A
FTSL,$48.7799,1440688877341,"19,715",100% bearish,of 1 rating,N/A
FKO,$23.07,1440688877362,47,Not yet rated,NULL,N/A
FDIV,$46.46,1440688877489,300,100% bearish,of 1 rating,N/A
FSZ,$39.23,1440688877575,"4,678",Not yet rated,NULL,N/A
FTW,NULL,1440688877601,0,Not yet rated,NULL,N/A
TUSA,$24.8599,1440688877654,389,Not yet rated,NULL,N/A
FUNC,$8.2,1440688877763,300,Not yet rated,NULL,N/A
SVVC,$9.39,1440688877842,"7,725",50% bullish,of 2 ratings,$26
FKU,$41.595,1440688877869,"4,626",Not yet rated,NULL,N/A
FIVE,$37,1440688878013,"110,246",75% bearish,of 4 ratings,$44
FMER,$17.85,1440688878104,"234,339",50% bullish,of 2 ratings,$20
FSV,$31.22,1440688878159,"1,233",Not yet rated,NULL,$33.60
FPRX,$18.71,1440688878188,"47,418",50% bullish,of 2 ratings,$35
FIVN,$4.01,1440688878219,"38,941",100% bullish,of 1 rating,$8.50
FISV,$85.69,1440688878317,"223,991",100% bearish,of 3 ratings,$90
FLKS,$12.432,1440688878363,"4,762",50% bullish,of 2 ratings,$27
FLXN,$24.6499,1440688878400,"29,850",100% bearish,of 1 rating,$40
FLML,$21.89,1440688878425,"55,212",50% bullish,of 2 ratings,$30
SKOR,NULL,1440688878621,0,Not yet rated,NULL,N/A
MBSD,NULL,1440688878665,0,Not yet rated,NULL,N/A
FLEX,$10.635,1440688878690,"484,614",63% bullish,of 8 ratings,$12
FLXS,$31.62,1440688878716,"8,290",100% bearish,of 2 ratings,N/A
FLDM,$11.01,1440688878886,"145,775",67% bearish,of 3 ratings,$15
FLIR,$28.61,1440688878917,"289,864",100% bearish,of 1 rating,$38.50
FFIC,$19.87,1440688878957,"11,268",Not yet rated,NULL,$21
FOMX,$9.86,1440688879020,"26,377",50% bullish,of 2 ratings,$23.50
FORM,$6.15,1440688879145,"27,951",67% bullish,of 3 ratings,$10.50
FES,$0.95,1440688879180,"21,678",50% bullish,of 2 ratings,$1
FOGO,$18.1066,1440688879206,"29,788",50% bullish,of 2 ratings,$25.50
FONR,$9.7101,1440688879234,"3,896",100% bullish,of 1 rating,N/A
FORTY,NULL,1440688879274,0,100% bearish,of 1 rating,N/A
FORR,$31.96,1440688879300,"9,308",Not yet rated,NULL,N/A
FTNT,$43.03,1440688879486,"196,327",80% bullish,of 10 ratings,$52
FBIO,$2.6,1440688879591,"20,300",83% bullish,of 6 ratings,N/A
FWRD,$45.49,1440688879617,"128,383",100% bearish,of 1 rating,$50
FWP,$25.96,1440688879651,"9,013",100% bearish,of 1 rating,$45
FORD,$2.33,1440688879680,"5,675,350",67% bullish,of 3 ratings,N/A
FOSL,$60.36,1440688879784,"147,905",60% bearish,of 5 ratings,$80
FMI,$22.02,1440688879915,"54,177",100% bearish,of 2 ratings,$27.50
FXCB,$17.04,1440688879962,"26,518",Not yet rated,NULL,$19
FOXF,$15.4,1440688880090,"7,186",100% bearish,of 1 rating,$19
FELE,$28.3,1440688880142,"35,863",50% bullish,of 4 ratings,$33
FRAN,$10.95,1440688880183,"85,708",50% bullish,of 4 ratings,$15
FRED,$12.0501,1440688880208,"131,252",50% bullish,of 2 ratings,$16.50
FREE,$0.38,1440688880286,"243,301",92% bullish,of 12 ratings,N/A
RAIL,$19.58,1440688880426,"19,743",100% bearish,of 1 rating,$24.50
FEIM,$10.87,1440688880525,108,100% bearish,of 1 rating,N/A
FRPT,$12.85,1440688880554,"122,215",67% bearish,of 3 ratings,$23.50
FTR,$4.9217,1440688880658,"5,952,954",78% bullish,of 27 ratings,$6.25
FTRPR,$98.5,1440688880741,"1,520",100% bearish,of 1 rating,N/A
FRPH,$31.39,1440688880888,"1,469",100% bearish,of 1 rating,N/A
FTD,$29.65,1440688881020,"11,097",100% bearish,of 1 rating,$40
FSBW,NULL,1440688881044,0,Not yet rated,NULL,N/A
FCEL,$0.7256,1440688881072,"536,130",88% bullish,of 41 ratings,$2.65
FSYS,$6.42,1440688881200,"4,014",67% bullish,of 3 ratings,$10
FTEK,$2.03,1440688881226,"4,898",75% bullish,of 4 ratings,N/A
FULL,$3.0497,1440688881248,"13,798",67% bearish,of 3 ratings,$4.25
FULLL,NULL,1440688881383,0,Not yet rated,NULL,N/A
FLL,$1.48,1440688881462,45,75% bullish,of 4 ratings,$3.50
FULT,$12.125,1440688881492,"136,249",100% bearish,of 1 rating,$13
FSNN,NULL,1440688881560,0,67% bullish,of 3 ratings,$6
FXEN,$0.8336,1440688881592,"5,526",75% bullish,of 4 ratings,$1.10
FFHL,NULL,1440688881725,0,50% bullish,of 4 ratings,N/A
FXENP,NULL,1440688881823,0,100% bearish,of 1 rating,N/A
GK,$67.275,1440688881849,"10,149",Not yet rated,NULL,$78
GAIA,$5.86,1440688881911,"11,861",50% bullish,of 2 ratings,$8.50
WILC,$4.7784,1440688881940,569,100% bullish,of 2 ratings,N/A
GALT,$1.85,1440688882003,"8,792",80% bullish,of 5 ratings,N/A
GALTU,NULL,1440688882051,0,100% bearish,of 1 rating,N/A
GLPG,$60.58,1440688882079,"12,381",100% bullish,of 1 rating,$75
GALE,$1.48,1440688882231,"315,782",89% bullish,of 47 ratings,$4
GLMD,$8.8576,1440688882259,"7,316",67% bullish,of 3 ratings,$20.50
GALTW,NULL,1440688882387,0,100% bullish,of 1 rating,N/A
GLPI,$31.57,1440688882413,"69,386",100% bearish,of 1 rating,$37.50
GPIC,NULL,1440688882434,0,100% bearish,of 1 rating,N/A
GRMN,$37.94,1440688882479,"171,631",50% bullish,of 6 ratings,$46.50
GGAC,$9.95,1440688882620,"3,332",100% bearish,of 1 rating,N/A
GGACU,$10.3,1440688882680,"12,700",Not yet rated,NULL,N/A
GGACR,$0.23,1440688882708,"295,254",100% bullish,of 1 rating,N/A
GGACW,$0.15,1440688882780,"247,770",Not yet rated,NULL,N/A
GARS,$14.2556,1440688882809,"17,563",Not yet rated,NULL,$16
GENC,$9.26,1440688882851,600,100% bearish,of 1 rating,N/A
GNCMA,$17.05,1440688882914,"101,139",100% bearish,of 1 rating,$12
GFN,$3.5,1440688883093,888,100% bearish,of 2 ratings,$8
GFNSL,NULL,1440688883201,0,Not yet rated,NULL,N/A
GENE,$2.189,1440688883232,"121,754",100% bullish,of 12 ratings,N/A
GFNCP,NULL,1440688883253,0,Not yet rated,NULL,N/A
GNCA,$12.52,1440688883384,"27,170",100% bearish,of 1 rating,$20
GNMK,$9.4,1440688883413,"22,075",67% bullish,of 6 ratings,$14
GNTX,$15.27,1440688883439,"479,849",Not yet rated,NULL,$20
GHDX,$26.44,1440688883666,"30,589",50% bullish,of 2 ratings,$30
GNVC,$2.49,1440688883699,500,90% bullish,of 10 ratings,$8.50
THRM,$44.0846,1440688883728,"38,545",75% bearish,of 4 ratings,$55.50
GEOS,$15.0301,1440688883802,"28,146",100% bearish,of 3 ratings,$21
GTWN,NULL,1440688883829,0,Not yet rated,NULL,N/A
GABC,$29.135,1440688883854,"4,284",Not yet rated,NULL,$31
GEVO,$2.3701,1440688884103,"203,962",75% bullish,of 12 ratings,$5
ROCK,$16.36,1440688884131,"14,267",80% bullish,of 5 ratings,$24
GIII,$67.95,1440688884170,"60,088",67% bullish,of 3 ratings,$75
GERN,$3.06,1440688884199,"423,974",88% bullish,of 16 ratings,$5.25
GIGM,$0.5651,1440688884225,800,100% bullish,of 2 ratings,N/A
GIGA,$1.4699,1440688884306,"12,810",100% bearish,of 1 rating,N/A
GILT,$4.38,1440688884377,"8,427",50% bullish,of 2 ratings,N/A
GILD,$108.752,1440688884451,"2,462,079",91% bullish,of 87 ratings,$129
GBCI,$25.53,1440688884509,"71,839",50% bullish,of 2 ratings,$31
GLAD,$8.6399,1440688884580,"106,206",50% bullish,of 2 ratings,$8.75
GOODN,NULL,1440688884641,0,Not yet rated,NULL,N/A
GOOD,$14.4699,1440688884666,"22,672",Not yet rated,NULL,$19
GLADO,NULL,1440688884714,0,Not yet rated,NULL,N/A
GOODO,$25.4699,1440688884844,500,Not yet rated,NULL,N/A
GAIN,$7.39,1440688884874,"54,224",100% bullish,of 2 ratings,$8.25
GOODP,NULL,1440688884978,0,Not yet rated,NULL,N/A
GAINN,$25.2799,1440688885040,785,Not yet rated,NULL,N/A
GAINP,$25.8366,1440688885070,504,Not yet rated,NULL,N/A
GLBZ,NULL,1440688885120,0,Not yet rated,NULL,N/A
GAINO,$25.33,1440688885147,100,Not yet rated,NULL,N/A
LAND,$9.5,1440688885179,"8,336",50% bullish,of 2 ratings,$13.75
GDEF,NULL,1440688885284,0,Not yet rated,NULL,N/A
GBT,$41.87,1440688885309,"9,180",100% bearish,of 1 rating,N/A
ENT,$11.48,1440688885458,"37,805",100% bearish,of 1 rating,$18
GPACU,NULL,1440688885490,0,Not yet rated,NULL,N/A
GBLI,$26.6,1440688885593,"3,642",Not yet rated,NULL,N/A
GSOL,$8,1440688885618,"5,420",100% bearish,of 1 rating,N/A
ACTX,$13.2247,1440688885675,"3,901",100% bullish,of 1 rating,N/A
QQQC,$19.36,1440688885757,"4,307",100% bearish,of 1 rating,N/A
SOCL,$17.5601,1440688885854,"2,715",100% bullish,of 2 ratings,N/A
ALTY,$14.35,1440688885882,558,Not yet rated,NULL,N/A
SRET,$13.2201,1440688885910,"2,101",Not yet rated,NULL,N/A
YLCO,NULL,1440688885953,0,Not yet rated,NULL,N/A
GAI,$5.93,1440688886010,10,50% bullish,of 2 ratings,N/A
GLBS,$1.01,1440688886143,800,67% bullish,of 3 ratings,N/A
GBIM,$2.1788,1440688886171,"18,421",50% bullish,of 2 ratings,N/A
GSM,$13.32,1440688886192,"97,711",50% bullish,of 2 ratings,$23
GLUU,$4.365,1440688886387,"740,316",92% bullish,of 26 ratings,$9
GLRI,$0.995,1440688886416,"2,099",100% bearish,of 1 rating,$4.25
GLYC,$6.91,1440688886487,"2,090",50% bullish,of 2 ratings,$14
GLNG,$37.02,1440688886519,"153,691",83% bullish,of 6 ratings,$58
GOGO,$15.5,1440688886549,"168,584",80% bullish,of 5 ratings,$25
GLDC,$4.15,1440688886588,5,50% bullish,of 2 ratings,N/A
GMLP,$17.45,1440688886612,"69,660",50% bullish,of 4 ratings,$32.50
GBDC,$16.7199,1440688886811,"36,232",Not yet rated,NULL,$17.75
GDEN,$8.975,1440688886843,300,50% bullish,of 2 ratings,N/A
GOGL,$2.83,1440688886874,"134,424",75% bullish,of 4 ratings,$5
GOOG,$635.55,1440688886916,"510,203",89% bullish,of 70 ratings,$825
GTIM,$6.63,1440688886943,"8,324",Not yet rated,NULL,$11.50
GOOGL,$665.8454,1440688886971,"498,419",88% bullish,of 1080 ratings,$749
GPRO,$48.75,1440688887187,"2,493,512",78% bullish,of 58 ratings,$72
GPIA,NULL,1440688887319,0,Not yet rated,NULL,N/A
GPIAU,NULL,1440688887350,0,Not yet rated,NULL,N/A
GRVY,NULL,1440688887373,0,50% bullish,of 2 ratings,N/A
LOPE,$37.34,1440688887394,"35,688",100% bearish,of 2 ratings,$50
GMAN,$3.9899,1440688887430,"31,402",60% bullish,of 5 ratings,$8.50
GBSN,$0.4179,1440688887460,"5,660,242",50% bullish,of 2 ratings,$8.25
GBSNU,NULL,1440688887527,0,NULL,NULL,NULL
GLDD,$5.25,1440688887595,"52,167",100% bearish,of 4 ratings,$7.75
GPIAW,$0.975,1440688887755,"4,500",Not yet rated,NULL,N/A
GRBK,$12.14,1440688887783,"46,693",77% bullish,of 13 ratings,N/A
GNBC,$11.45,1440688887809,"3,688",100% bearish,of 1 rating,$16.50
GSBC,$39.85,1440688887858,"4,768",100% bullish,of 1 rating,$44
GPP,$13.3475,1440688888016,"15,550",Not yet rated,NULL,$20.50
GPRE,$19.334,1440688888044,"101,691",67% bullish,of 6 ratings,$28.50
GLRE,$24.67,1440688888087,"54,857",50% bullish,of 2 ratings,$41
GCBC,NULL,1440688888113,0,100% bullish,of 1 rating,N/A
GRIF,$29.94,1440688888142,588,100% bearish,of 1 rating,N/A
GRPN,$4.24,1440688888269,"2,214,298",61% bullish,of 71 ratings,$6.75
GRFS,$30.52,1440688888353,"132,165",50% bullish,of 2 ratings,$35
OMAB,$40.15,1440688888399,"7,948",100% bullish,of 1 rating,$44
GGAL,$19.253,1440688888429,"52,843",80% bullish,of 5 ratings,$40
GSIG,$12.8,1440688888528,"11,432",100% bearish,of 2 ratings,N/A
GSIT,$4.6501,1440688888556,"1,200",100% bearish,of 1 rating,N/A
GSVC,$8.93,1440688888605,"27,082",50% bullish,of 2 ratings,$14.50
GTXI,$0.8459,1440688888707,"7,712",100% bullish,of 5 ratings,$.75
GUID,$6.8801,1440688888804,"42,839",100% bearish,of 3 ratings,$10
GBNK,$15.51,1440688888825,"5,105",100% bearish,of 1 rating,$18
GFED,NULL,1440688888857,0,Not yet rated,NULL,$17
GULTU,$0.3,1440688888901,"33,921",100% bearish,of 1 rating,N/A
GIFI,$11.68,1440688889039,"7,700",100% bearish,of 1 rating,$16
GURE,$1.65,1440688889066,"6,785",88% bullish,of 8 ratings,N/A
GPOR,$35.54,1440688889118,"350,180",75% bullish,of 4 ratings,$55
GWPH,$107.89,1440688889143,"53,471",78% bullish,of 9 ratings,$148.50
GWGH,NULL,1440688889203,0,100% bearish,of 1 rating,$15.05
HLG,$8.0501,1440688889426,200,100% bearish,of 1 rating,N/A
HEES,$18.95,1440688889457,"218,469",67% bearish,of 3 ratings,$31
GYRO,NULL,1440688889489,0,100% bearish,of 1 rating,N/A
HNRG,$7.62,1440688889530,"47,150",100% bearish,of 1 rating,$10
HALO,$17.6549,1440688889555,"250,432",67% bullish,of 3 ratings,$22.50
HBK,$13.8,1440688889584,200,50% bullish,of 2 ratings,N/A
HALL,$11.07,1440688889609,"3,645",Not yet rated,NULL,N/A
HMPR,$1.8255,1440688889812,"9,370",100% bullish,of 1 rating,N/A
HBHCL,$24.35,1440688889906,"3,889",Not yet rated,NULL,N/A
HAFC,$24.2,1440688889978,"21,353",100% bullish,of 2 ratings,$28.50
HNH,$26.13,1440688890009,"6,407",100% bullish,of 1 rating,N/A
HNSN,$0.5107,1440688890034,"17,902",88% bullish,of 8 ratings,$.40
HQCL,$12.82,1440688890109,"21,175",67% bullish,of 3 ratings,$14
HDNG,$9.7101,1440688890201,"2,101",50% bullish,of 4 ratings,N/A
HLIT,$5.67,1440688890307,"44,915",100% bearish,of 1 rating,$6.50
HRMN,NULL,1440688890343,0,Not yet rated,NULL,N/A
HBHC,$27.33,1440688890408,"79,921",50% bullish,of 2 ratings,$30
HRMNW,NULL,1440688890437,0,Not yet rated,NULL,N/A
HRMNU,NULL,1440688890496,0,Not yet rated,NULL,N/A
HART,$0.89,1440688890599,"18,775",100% bearish,of 1 rating,N/A
TINY,$2.4904,1440688890628,"15,913",50% bullish,of 2 ratings,$5.26
HBIO,$4.39,1440688890728,"12,320",Not yet rated,NULL,$10
HCAP,$12.0418,1440688890771,"6,643",50% bullish,of 2 ratings,$15
HAS,$74.38,1440688890823,"189,902",63% bullish,of 8 ratings,$84.50
HCAPL,NULL,1440688890853,0,Not yet rated,NULL,N/A
HA,$22.65,1440688890988,"201,776",67% bullish,of 9 ratings,$27
HCOM,$22,1440688891015,"2,648",100% bearish,of 1 rating,$28
HWKN,$36.6012,1440688891054,"5,103",Not yet rated,NULL,N/A
HAYN,$37.54,1440688891147,"10,062",100% bearish,of 1 rating,$59
HWBK,$13.5,1440688891223,300,100% bearish,of 1 rating,N/A
HDS,$32.93,1440688891327,"452,440",100% bearish,of 2 ratings,$39.50
HIIQ,$4.422,1440688891371,"10,020",50% bullish,of 2 ratings,$7
HCSG,$33.22,1440688891396,"45,943",50% bullish,of 4 ratings,$35
HQY,$29.24,1440688891425,"47,112",67% bullish,of 3 ratings,$31
HSTM,$24.75,1440688891452,"12,520",50% bullish,of 2 ratings,$33.75
HTLD,$20.42,1440688891614,"57,442",Not yet rated,NULL,$22.50
HWAY,$11.98,1440688891642,"31,424",100% bearish,of 1 rating,$15
HTWR,$84.6322,1440688891780,"46,140",50% bullish,of 2 ratings,$103
HSII,$19.45,1440688891854,"16,014",100% bullish,of 3 ratings,$25
HTBX,$5.1864,1440688891885,"2,000",50% bullish,of 2 ratings,$15.50
HTLF,$36.375,1440688891918,"7,370",100% bullish,of 1 rating,$39.50
HELE,$84.83,1440688891980,"28,358",67% bearish,of 3 ratings,$100
HMNY,NULL,1440688892050,0,100% bearish,of 1 rating,N/A
HMTV,$13.53,1440688892079,"10,814",100% bearish,of 1 rating,$16
HERO,NULL,1440688892131,0,NULL,NULL,NULL
HCACU,NULL,1440688892244,0,Not yet rated,NULL,N/A
HNNA,$24.5401,1440688892271,"1,102",Not yet rated,NULL,N/A
HSIC,$137.92,1440688892406,"81,571",83% bullish,of 6 ratings,$146
HTBK,$10.74,1440688892447,"10,581",Not yet rated,NULL,$12
HFWA,$17.51,1440688892473,"4,724",100% bullish,of 1 rating,$20
HEOP,$7.69,1440688892538,"3,818",Not yet rated,NULL,$8.50
HCCI,$11,1440688892600,"10,624",100% bearish,of 1 rating,$16.50
MLHR,$26.83,1440688892744,"87,272",50% bullish,of 2 ratings,$33.50
HRTX,$34.79,1440688892786,"73,518",67% bullish,of 6 ratings,$41
HFFC,$16,1440688892821,"3,038",Not yet rated,NULL,N/A
HSKA,$33.7564,1440688892915,"13,522",100% bearish,of 1 rating,$38
HIBB,$38.47,1440688892941,"39,690",100% bearish,of 1 rating,$46.50
HPJ,$2.23,1440688892969,"21,584",75% bullish,of 4 ratings,$12.43
HIHO,$3.93,1440688893003,"1,725",Not yet rated,NULL,N/A
HIMX,$6.64,1440688893101,"249,693",86% bullish,of 21 ratings,$8.50
HIFS,$117.89,1440688893127,"1,386",Not yet rated,NULL,N/A
HMNF,NULL,1440688893290,0,Not yet rated,NULL,N/A
HSGX,$5.99,1440688893397,600,100% bearish,of 1 rating,$17
HMSY,$9.72,1440688893418,"201,563",67% bullish,of 3 ratings,$19.35
HOLI,$17.49,1440688893448,"55,764",50% bullish,of 4 ratings,$27
HOLX,$39.1228,1440688893477,"224,649",67% bullish,of 3 ratings,$42
HBCP,$24.9799,1440688893503,200,Not yet rated,NULL,$29
HFBL,$21.54,1440688893591,200,Not yet rated,NULL,N/A
HOMB,$37.98,1440688893647,"37,470",Not yet rated,NULL,$42
AWAY,$28.61,1440688893738,"191,562",67% bullish,of 3 ratings,$36
HMIN,$27.35,1440688893832,"112,798",100% bearish,of 2 ratings,$35
HKTV,$4.465,1440688893875,"25,950",100% bearish,of 1 rating,N/A
HMST,$21.634,1440688893902,"58,946",100% bullish,of 2 ratings,$27
HTBI,$18.19,1440688893929,"9,688",67% bullish,of 3 ratings,$18.625
CETC,$0.73,1440688893960,"44,786",86% bullish,of 7 ratings,N/A
HOFT,$23.5,1440688894103,"22,237",100% bearish,of 1 rating,N/A
HFBC,$11.213,1440688894207,"2,020",Not yet rated,NULL,N/A
HRZN,$10.1806,1440688894266,"11,922",50% bullish,of 2 ratings,$14.25
HZNP,$29.705,1440688894293,"534,923",85% bullish,of 20 ratings,$40
HBNC,$23.04,1440688894314,"2,635",100% bullish,of 1 rating,$27
HMHC,$22.98,1440688894466,"104,233",Not yet rated,NULL,$27
HDP,$24.32,1440688894492,"108,210",67% bearish,of 3 ratings,$30.50
ZINC,$7.4201,1440688894519,"154,897",100% bearish,of 1 rating,$17
HWCC,$7.3,1440688894567,"8,880",100% bearish,of 1 rating,$9
HBMD,$14.4,1440688894662,100,100% bearish,of 1 rating,N/A
HOVNP,$4.25,1440688894694,213,100% bearish,of 1 rating,N/A
HSNI,$62.334,1440688894727,"28,742",Not yet rated,NULL,$80
HTGM,$5.79,1440688894824,12,100% bearish,of 1 rating,$19.50
HUBG,$38.2,1440688894953,"49,664",100% bearish,of 1 rating,$43
HSON,$2.7099,1440688894982,"1,171",100% bearish,of 1 rating,$5
HDSN,$3.05,1440688895028,"2,603",100% bullish,of 1 rating,$6.25
HCBK,$9.41,1440688895083,"421,975",83% bullish,of 6 ratings,$8.61
HBAN,$10.76,1440688895177,"1,919,690",76% bullish,of 17 ratings,$12.29
HBANP,$1345.4,1440688895203,20,100% bearish,of 1 rating,N/A
HURC,$30,1440688895234,"4,980",100% bearish,of 1 rating,N/A
HURN,$73.06,1440688895334,"45,497",50% bullish,of 2 ratings,$80
HTCH,$1.46,1440688895389,"34,026",100% bearish,of 1 rating,$3.50
HBP,$3.12,1440688895414,492,100% bullish,of 1 rating,N/A
HDRA,$9.69,1440688895549,"7,600",Not yet rated,NULL,N/A
HDRAW,NULL,1440688895595,0,Not yet rated,NULL,N/A
HDRAU,NULL,1440688895619,0,Not yet rated,NULL,N/A
HDRAR,NULL,1440688895644,0,Not yet rated,NULL,N/A
HYGS,$8.2,1440688895693,"11,722",50% bullish,of 2 ratings,$13
IDSY,$3.8199,1440688895774,"1,600",100% bearish,of 1 rating,$7
IACI,$70.695,1440688895904,"117,700",75% bullish,of 4 ratings,$90
IBKC,$60.29,1440688895929,"51,973",100% bullish,of 1 rating,$70
ICAD,$3.47,1440688895966,"9,555",50% bullish,of 2 ratings,$7.25
IKGH,$1.8,1440688895994,"96,783",75% bullish,of 4 ratings,N/A
IEP,$72.6099,1440688896061,"34,446",75% bullish,of 4 ratings,$99
ICFI,$34.24,1440688896086,"8,904",50% bullish,of 2 ratings,$48.50
ICLR,$79.235,1440688896232,"135,172",100% bearish,of 3 ratings,$85
ICUI,$113.89,1440688896323,"23,743",Not yet rated,NULL,$122
ICON,$13.35,1440688896377,"140,056",50% bullish,of 2 ratings,$18.50
IPWR,$7.28,1440688896452,510,100% bullish,of 1 rating,$15
IDXX,$72.84,1440688896514,"71,408",100% bearish,of 1 rating,$77
INVE,$4.0701,1440688896544,"20,619",75% bullish,of 4 ratings,$4
IDRA,$2.8801,1440688896578,"499,579",89% bullish,of 9 ratings,$6.50
DSKY,$11.39,1440688896611,"61,161",67% bullish,of 6 ratings,$11.50
IRG,$4.57,1440688896667,"5,059",100% bearish,of 1 rating,$4.25
IROQ,$17,1440688896707,204,100% bullish,of 1 rating,N/A
IIVI,$16.89,1440688896841,"28,522",100% bearish,of 1 rating,$22
RXDX,$13.29,1440688896901,"67,396",100% bullish,of 1 rating,$20
KANG,$15.655,1440688896927,"65,037",50% bullish,of 2 ratings,$22.55
IKAN,$2.73,1440688897001,"8,831",83% bullish,of 6 ratings,$5
IKNX,NULL,1440688897061,0,100% bearish,of 1 rating,N/A
ILMN,$199.94,1440688897088,"332,128",80% bullish,of 5 ratings,$245
ISNS,$3.93,1440688897114,309,50% bullish,of 2 ratings,N/A
IMMR,$11.75,1440688897261,"33,757",80% bullish,of 5 ratings,$15.50
ICCC,$7.525,1440688897325,"6,788",100% bullish,of 1 rating,N/A
IMGN,$13.905,1440688897358,"142,499",75% bullish,of 4 ratings,$17.50
IMDZ,$16.19,1440688897388,"30,033",100% bearish,of 1 rating,$33
IMNP,$1.34,1440688897415,"43,617",50% bullish,of 2 ratings,$6
IMMU,$1.985,1440688897455,"195,107",86% bullish,of 7 ratings,$2
IPXL,$44.22,1440688897485,"72,142",67% bullish,of 3 ratings,$46.50
INCR,$42.21,1440688897639,"88,669",50% bullish,of 2 ratings,$53
IMMY,$7.3,1440688897666,"3,194",100% bearish,of 1 rating,$11
INCY,$111.03,1440688897796,"273,883",50% bullish,of 6 ratings,$125.50
SAAS,$7.35,1440688897825,"50,136",50% bullish,of 2 ratings,$15
INDB,$44.64,1440688897928,"7,011",Not yet rated,NULL,$44
IDSA,NULL,1440688897977,0,Not yet rated,NULL,N/A
INFN,$22,1440688898005,"501,368",71% bullish,of 7 ratings,$28
IBTX,$40.35,1440688898026,"6,360",100% bullish,of 2 ratings,$47.25
IBCP,$14.2,1440688898059,"24,928",100% bullish,of 1 rating,$14.50
IPCC,$77.27,1440688898191,"4,020",Not yet rated,NULL,$77.50
INFI,$9,1440688898219,"76,469",50% bullish,of 4 ratings,$18
III,$3.965,1440688898241,"14,528",57% bullish,of 7 ratings,$6
IMKTA,$51.24,1440688898402,"10,365",100% bearish,of 1 rating,N/A
INWK,$7.02,1440688898480,"22,894",50% bullish,of 2 ratings,$10
IFON,$1.23,1440688898505,"51,436",75% bullish,of 4 ratings,N/A
INNL,$11.67,1440688898530,3,100% bearish,of 1 rating,$16.50
IPHS,$47.35,1440688898725,"19,070",100% bearish,of 1 rating,$60
INOD,$2.38,1440688898751,"12,135",100% bearish,of 1 rating,N/A
IOSP,$47.98,1440688898806,"62,357",100% bearish,of 1 rating,N/A
INGN,$46.39,1440688898886,"32,418",100% bearish,of 1 rating,$50.50
ISSC,$2.8,1440688898914,352,67% bearish,of 3 ratings,N/A
INO,$6.895,1440688898935,"309,421",89% bullish,of 18 ratings,$20
INOV,$20.99,1440688898967,"309,771",100% bearish,of 1 rating,$33
ITEK,$12.194,1440688898996,"167,144",100% bearish,of 3 ratings,$20
NSIT,$25.205,1440688899096,"31,016",50% bullish,of 2 ratings,N/A
ISIG,$2.5998,1440688899331,"3,640",100% bearish,of 1 rating,N/A
INSM,$24.71,1440688899360,"51,932",71% bullish,of 7 ratings,$31.50
PODD,$29.35,1440688899381,"45,664",67% bearish,of 3 ratings,$35
IIIN,$16.8301,1440688899409,"8,380",100% bearish,of 2 ratings,N/A
INSY,$32.93,1440688899539,"127,787",75% bullish,of 4 ratings,$48
IART,$60.12,1440688899605,"36,873",100% bearish,of 1 rating,$71.50
IDTI,$18.95,1440688899665,"829,904",60% bullish,of 5 ratings,$25
ISSI,$21.8,1440688899758,"32,145",67% bullish,of 3 ratings,$19.75
IESC,$6.84,1440688899786,"2,781",100% bearish,of 1 rating,N/A
NTEC,$5.6299,1440688899949,"1,701",100% bearish,of 1 rating,N/A
IQNT,$18.6,1440688900014,"57,610",86% bullish,of 7 ratings,$20
INTC,$27.505,1440688900040,"6,217,433",82% bullish,of 238 ratings,$36
IPAR,$25.73,1440688900171,"15,692",67% bullish,of 3 ratings,$38
IPCI,$2.17,1440688900201,"27,800",67% bullish,of 6 ratings,$8
IBKR,$39.2799,1440688900226,"172,325",100% bullish,of 1 rating,N/A
ININ,$35.51,1440688900251,"21,407",67% bearish,of 3 ratings,$57
ICPT,$189.2,1440688900390,"45,156",70% bullish,of 10 ratings,$359.50
ICLD,$1.82,1440688900435,"61,243",75% bullish,of 4 ratings,N/A
ICLDW,NULL,1440688900500,0,100% bearish,of 1 rating,N/A
TILE,$23.69,1440688900577,"138,633",100% bearish,of 3 ratings,$27
IDCC,$49.02,1440688900608,"67,109",80% bullish,of 5 ratings,$63
INAP,$7.85,1440688900677,"22,138",75% bullish,of 4 ratings,$11
IMI,$2,1440688900705,"86,582",67% bullish,of 3 ratings,$2.22
IBOC,$25.26,1440688900758,"18,412",100% bearish,of 1 rating,N/A
ISCA,$31.37,1440688900787,"9,026",100% bearish,of 1 rating,N/A
IIJI,$9.22,1440688901069,30,50% bullish,of 2 ratings,$11.50
PTNT,NULL,1440688901121,0,Not yet rated,NULL,N/A
IGLD,$6.855,1440688901172,"3,200",50% bullish,of 2 ratings,N/A
INPH,$0.2801,1440688901268,"16,450",50% bullish,of 2 ratings,N/A
INTX,$2,1440688901403,"8,036",67% bullish,of 3 ratings,N/A
INTL,$25.955,1440688901535,"16,139",67% bearish,of 3 ratings,N/A
XENT,$25.865,1440688901561,"21,770",50% bullish,of 2 ratings,$36.50
IILG,$19.85,1440688901584,"20,716",100% bearish,of 1 rating,$29
ISIL,$10.49,1440688901619,"213,732",50% bullish,of 6 ratings,$15
ITCI,$25.82,1440688901640,"117,381",75% bearish,of 4 ratings,$40
INTLL,NULL,1440688901671,0,Not yet rated,NULL,N/A
IVAC,$4.65,1440688901692,"27,955",100% bearish,of 1 rating,$6.625
IIN,$6.04,1440688901856,200,100% bearish,of 1 rating,$12
INVT,$0.2701,1440688901960,"7,700",67% bullish,of 3 ratings,N/A
ISRG,$514.43,1440688902020,"32,644",67% bullish,of 3 ratings,$600
INTU,$86.03,1440688902046,"455,867",86% bullish,of 7 ratings,$107.50
SNAK,$8.53,1440688902067,"25,922",50% bullish,of 2 ratings,$14
ISBC,$11.66,1440688902096,"412,780",100% bullish,of 1 rating,$13.25
ISTR,$15.61,1440688902268,104,100% bearish,of 1 rating,$18.50
IVTY,$14.055,1440688902314,"3,898",Not yet rated,NULL,$18
ITIC,NULL,1440688902349,0,100% bearish,of 2 ratings,N/A
NVIV,$9.61,1440688902411,"69,323",50% bullish,of 4 ratings,$24.50
IPCM,$78.97,1440688902443,"54,996",50% bullish,of 2 ratings,$80.125
IPAS,$1.08,1440688902476,"20,106",67% bullish,of 3 ratings,N/A
DTUL,NULL,1440688902502,0,Not yet rated,NULL,N/A
DFVL,NULL,1440688902523,0,Not yet rated,NULL,N/A
IRMD,$25.2,1440688902679,"3,532",67% bearish,of 3 ratings,$25
IPGP,$85.655,1440688902741,"68,396",100% bearish,of 2 ratings,$109.50
IRDM,$7.01,1440688902850,"119,282",60% bullish,of 5 ratings,$11.50
IRIX,$6.735,1440688902984,"5,200",100% bearish,of 1 rating,N/A
IRBT,$28.685,1440688903042,"47,341",67% bullish,of 6 ratings,$37
IRDMB,$275.6,1440688903063,103,67% bearish,of 3 ratings,N/A
IRWD,$10.95,1440688903101,"172,716",100% bearish,of 1 rating,$13
COMT,$32.283,1440688903127,"3,120",100% bearish,of 1 rating,N/A
FCHI,NULL,1440688903150,0,NULL,NULL,NULL
GNMA,$50.09,1440688903195,"1,688",Not yet rated,NULL,N/A
IRCP,NULL,1440688903223,0,100% bullish,of 2 ratings,N/A
IFNA,NULL,1440688903285,0,NULL,NULL,NULL
IFEU,$38.5,1440688903362,"5,264",Not yet rated,NULL,N/A
IFGL,$28.77,1440688903391,"34,666",Not yet rated,NULL,N/A
IFAS,NULL,1440688903423,0,NULL,NULL,NULL
ACWX,$41.024,1440688903662,"213,769",100% bearish,of 1 rating,N/A
ACWI,$56.09,1440688903711,"994,008",Not yet rated,NULL,N/A
AAIT,NULL,1440688903747,0,NULL,NULL,NULL
AXJS,NULL,1440688903792,0,NULL,NULL,NULL
EEME,NULL,1440688903870,0,NULL,NULL,NULL
EMDI,NULL,1440688903895,0,NULL,NULL,NULL
EEMA,$50.6299,1440688903915,"4,581",Not yet rated,NULL,N/A
AAXJ,$53.8499,1440688903943,"277,823",Not yet rated,NULL,N/A
EMEY,NULL,1440688903966,0,NULL,NULL,NULL
EEML,$27.7,1440688904104,"8,206",Not yet rated,NULL,N/A
EGRW,NULL,1440688904126,0,NULL,NULL,NULL
IEUS,$45.665,1440688904422,335,100% bearish,of 1 rating,N/A
EVAL,NULL,1440688904448,0,NULL,NULL,NULL
EUFN,$22.0445,1440688904522,"16,177",100% bearish,of 1 rating,N/A
QAT,$20.8,1440688904548,124,Not yet rated,NULL,N/A
UAE,$18.24,1440688904610,"10,420",Not yet rated,NULL,N/A
IBB,$347.0437,1440688904768,"632,296",63% bullish,of 8 ratings,N/A
EMIF,$28.7101,1440688904825,"1,582",Not yet rated,NULL,N/A
SOXX,$81.73,1440688904900,"316,156",50% bullish,of 2 ratings,N/A
ICLN,$9.601,1440688904936,"14,872",50% bullish,of 2 ratings,N/A
WOOD,$47.81,1440688904957,"1,540",50% bullish,of 2 ratings,N/A
ISHG,$79.72,1440688904988,"5,080",100% bearish,of 1 rating,N/A
INDY,$27.81,1440688905026,"93,554",50% bullish,of 2 ratings,N/A
IGOV,$90.9888,1440688905054,"5,147",100% bearish,of 1 rating,N/A
ISIS,$50.95,1440688905198,"378,234",53% bullish,of 15 ratings,$67
ISLE,$17.0801,1440688905277,"76,132",50% bullish,of 4 ratings,$16
ISRL,$129.36,1440688905329,100,100% bearish,of 1 rating,N/A
XXIA,$15.1892,1440688905487,"79,418",71% bullish,of 7 ratings,$14.625
ITRI,$29.31,1440688905579,"106,211",Not yet rated,NULL,$37
JBHT,$73.7,1440688905639,"163,581",50% bullish,of 4 ratings,$89.50
ITUS,$4.11,1440688905668,"2,602",Not yet rated,NULL,N/A
IXYS,$10.76,1440688905692,"20,946",50% bullish,of 4 ratings,N/A
JCOM,$68.335,1440688905765,"39,677",100% bullish,of 2 ratings,$77
JJSF,$113.9,1440688905829,"5,288",100% bearish,of 1 rating,N/A
ITRN,$24.11,1440688905868,"1,200",50% bullish,of 2 ratings,N/A
MAYS,NULL,1440688905998,0,Not yet rated,NULL,N/A
JASO,$7.985,1440688906023,"331,119",82% bullish,of 17 ratings,$10
JACK,$81.29,1440688906058,"78,803",83% bullish,of 6 ratings,$105
JKHY,$67.61,1440688906090,"129,944",50% bullish,of 2 ratings,$72
JXSB,NULL,1440688906189,0,Not yet rated,NULL,N/A
JAXB,NULL,1440688906381,0,100% bullish,of 1 rating,N/A
JAGX,$4.5299,1440688906423,"6,843",Not yet rated,NULL,N/A
JAKK,$9.48,1440688906466,"35,189",60% bearish,of 5 ratings,$11
JASN,$4.921,1440688906518,"2,732",50% bullish,of 2 ratings,$9.50
JMBA,$13.71,1440688906545,"18,346",75% bullish,of 4 ratings,$18
ERW,NULL,1440688906565,0,Not yet rated,NULL,N/A
JRVR,$26.55,1440688906598,"8,435",Not yet rated,NULL,$32
JAZZ,$170.035,1440688906780,"80,358",80% bullish,of 15 ratings,$206.50
JASNW,NULL,1440688906806,0,50% bullish,of 2 ratings,N/A
JD,$26.47,1440688906878,"2,168,219",75% bullish,of 16 ratings,$36
JBLU,$22.465,1440688906905,"1,571,919",94% bullish,of 18 ratings,$27
JCTCF,$9.5,1440688906948,"1,800",100% bullish,of 1 rating,N/A
JTPY,$2.95,1440688906973,100,100% bearish,of 1 rating,N/A
DATE,$6.06,1440688907114,"23,992",75% bullish,of 4 ratings,$9
JST,$3.78,1440688907248,"25,935",75% bullish,of 4 ratings,N/A
JOEZ,$0.1718,1440688907282,"80,648",92% bullish,of 12 ratings,N/A
WYIGU,NULL,1440688907303,0,Not yet rated,NULL,N/A
JIVE,$4.26,1440688907349,"77,649",75% bullish,of 4 ratings,$5
JBSS,$52.845,1440688907385,"7,137",67% bearish,of 3 ratings,N/A
JOUT,$22.87,1440688907446,"1,268",100% bearish,of 1 rating,$34
JNP,$10.4937,1440688907477,"17,250",100% bullish,of 3 ratings,$15
JUNO,$37.1244,1440688907580,"367,904",73% bullish,of 11 ratings,$71.50
KTWO,$21.13,1440688907686,"9,084",100% bearish,of 1 rating,$28.50
KALU,$81.35,1440688907754,"29,837",67% bearish,of 3 ratings,$91
KBIO,$1.9601,1440688907780,"13,027",50% bullish,of 4 ratings,N/A
KMDA,NULL,1440688907959,0,50% bullish,of 2 ratings,$8
KPTI,$13.79,1440688907991,"54,574",67% bearish,of 3 ratings,$39
KCLI,$46.19,1440688908012,"11,217",Not yet rated,NULL,N/A
KNDI,$6.6192,1440688908032,"231,276",86% bullish,of 22 ratings,N/A
KBSF,NULL,1440688908105,0,100% bullish,of 1 rating,N/A
KELYA,$13.88,1440688908175,"50,766",67% bullish,of 6 ratings,$20
KCAP,$4.615,1440688908204,"23,699",75% bullish,of 4 ratings,$6
KRNY,$11.31,1440688908231,"104,193",100% bearish,of 1 rating,$12
KELYB,NULL,1440688908366,0,50% bullish,of 2 ratings,N/A
KMPH,$20.1099,1440688908393,"5,775",100% bearish,of 2 ratings,$22
KFFB,$8.6713,1440688908418,100,100% bearish,of 1 rating,N/A
GMCR,$53.545,1440688908560,"562,265",71% bullish,of 42 ratings,$64
KERX,$6.15,1440688908598,"213,807",82% bullish,of 11 ratings,$12
KEQU,$17.01,1440688908654,100,100% bullish,of 1 rating,N/A
KTCC,$10.18,1440688908785,"2,971",100% bearish,of 1 rating,$16
KFRC,$26.7,1440688908814,"25,805",100% bullish,of 2 ratings,$29
KE,$11.46,1440688908845,"5,538",67% bearish,of 3 ratings,$16
KTEC,NULL,1440688908873,0,Not yet rated,NULL,N/A
KIN,$5.81,1440688908920,"2,348",50% bullish,of 2 ratings,$6.25
