Symbol,Price,Date,Volume,Rating,RatingVoteCount,OneYearEstimate
FCCY,$11.4001,1440512402047,200,100% bullish,of 1 rating,$13
TFSCW,$0.2,1440512402133,"3,500",100% bearish,of 1 rating,N/A
TFSCR,NULL,1440512402179,0,Not yet rated,NULL,N/A
TFSC,NULL,1440512402206,0,100% bearish,of 1 rating,N/A
FCTY,$7.88,1440512402228,"2,000",100% bullish,of 1 rating,$8.50
TFSCU,NULL,1440512402261,0,Not yet rated,NULL,N/A
FLWS,$9.26,1440512402360,"24,299",100% bullish,of 5 ratings,$15
PIH,$7.05,1440512402387,107,100% bearish,of 1 rating,N/A
TWOU,$33.915,1440512402523,"29,874",50% bullish,of 2 ratings,$39
UGLD,$9.357,1440512402598,"125,523",100% bearish,of 1 rating,N/A
SRCE,$28.8,1440512402637,"1,700",100% bullish,of 3 ratings,$33
DGLD,$80.29,1440512402664,"18,969",100% bearish,of 1 rating,N/A
USLV,$12.6386,1440512402724,"121,881",86% bullish,of 7 ratings,N/A
VNET,$18.123,1440512402749,"149,792",60% bullish,of 5 ratings,$29.50
JOBS,$26.93,1440512402898,"30,887",50% bullish,of 4 ratings,$36
DSLV,$70.4799,1440512403027,"3,407",100% bearish,of 1 rating,N/A
CAFD,$15.37,1440512403162,"68,847",Not yet rated,NULL,$25
SIXD,$1.37,1440512403188,"8,200",Not yet rated,NULL,N/A
AVHI,$13.83,1440512403233,"6,445",100% bearish,of 1 rating,$19
EGHT,$7.97,1440512403266,"112,780",82% bullish,of 17 ratings,$11
SHLM,$32.86,1440512403366,"9,212",100% bearish,of 1 rating,$50
ABAX,$46.515,1440512403416,"18,998",100% bearish,of 1 rating,$60
AAON,$20.58,1440512403443,"6,067",100% bearish,of 1 rating,$24
ABGB,$5.34,1440512403577,"74,591",67% bullish,of 3 ratings,$5.50
ABEO,$4.395,1440512403621,"24,263",67% bullish,of 3 ratings,$15.50
ABY,$20.22,1440512403655,"306,941",100% bearish,of 2 ratings,$46
ABEOW,$1.66,1440512403750,"7,516",100% bullish,of 1 rating,N/A
ABMD,$95.46,1440512403782,"116,145",75% bullish,of 4 ratings,$100.50
AXAS,$1.5198,1440512403883,"276,230",78% bullish,of 9 ratings,$3.50
ACTG,$8.9599,1440512404088,"41,350",67% bullish,of 3 ratings,$18.50
ACST,$0.3534,1440512404147,"26,538",100% bullish,of 2 ratings,N/A
ACAD,$34.57,1440512404173,"158,621",80% bullish,of 20 ratings,$48
ACHC,$72.56,1440512404203,"97,538",50% bullish,of 2 ratings,$92
XLRN,$27.94,1440512404225,"24,433",50% bullish,of 2 ratings,$57
AXDX,$18.47,1440512404254,"29,148",100% bearish,of 1 rating,N/A
ANCX,$19.35,1440512404386,"9,258",Not yet rated,NULL,$19
VXDN,$2.137,1440512404527,"131,569",100% bearish,of 1 rating,N/A
VXUP,$1.585,1440512404561,"172,551",100% bearish,of 1 rating,N/A
ARAY,$6.465,1440512404659,"174,582",100% bearish,of 1 rating,$10.50
AKAO,$6.2224,1440512404684,"13,081",75% bullish,of 4 ratings,$15
ACRX,$3.89,1440512404714,"30,672",67% bearish,of 6 ratings,$5.50
ACET,$22.79,1440512404818,"17,584",75% bullish,of 4 ratings,$30
ACTS,$1.57,1440512405067,"32,562",100% bearish,of 1 rating,N/A
ACHN,$7.33,1440512405089,"326,898",90% bullish,of 21 ratings,$16
ACNB,$20.35,1440512405125,220,Not yet rated,NULL,N/A
ACOR,$33.32,1440512405164,"877,653",67% bearish,of 3 ratings,$38.50
ACIW,$21.07,1440512405225,"60,388",50% bullish,of 2 ratings,$24
ATVI,$26.67,1440512405311,"828,656",68% bullish,of 84 ratings,$31.50
ACPW,$1.8106,1440512405364,"23,275",100% bullish,of 4 ratings,$3.50
ACTA,$13.4893,1440512405453,"13,623",67% bearish,of 3 ratings,$25
ACUR,$0.53,1440512405589,"61,302",100% bullish,of 5 ratings,$1
ADMS,$19.2,1440512405716,"6,257",100% bearish,of 2 ratings,$36
ADMP,$3.31,1440512405773,"11,236",50% bullish,of 2 ratings,$10
ACXM,$19.89,1440512405818,"83,143",67% bullish,of 3 ratings,N/A
ADUS,$28.94,1440512405878,"5,038",100% bearish,of 1 rating,$31
ADAP,$11.535,1440512405904,"45,353",67% bullish,of 3 ratings,$22
AEY,$2.3548,1440512405936,"3,511",100% bearish,of 2 ratings,N/A
ADEP,$6.76,1440512406033,"6,844",50% bullish,of 2 ratings,$10.75
ADMA,$9.2301,1440512406128,"2,858",Not yet rated,NULL,$19
ADBE,$77.921,1440512406154,"814,981",65% bullish,of 17 ratings,$90
AMD,$1.795,1440512406368,"1,530,236",83% bullish,of 103 ratings,$2
AEIS,$23.81,1440512406396,"25,715",50% bullish,of 2 ratings,$32.50
ADRO,$19.22,1440512406428,"37,598",80% bullish,of 5 ratings,$45.50
ADXS,$13.43,1440512406530,"202,561",64% bullish,of 14 ratings,$27
ADTN,$15.15,1440512406555,"41,120",67% bullish,of 3 ratings,$17.125
ADXSW,$8.99,1440512406595,"1,800",100% bullish,of 1 rating,N/A
YPRO,$21.84,1440512406726,"3,118",100% bearish,of 1 rating,N/A
MULT,NULL,1440512406751,0,100% bearish,of 1 rating,N/A
AEGR,$17.3993,1440512406800,"43,423",50% bullish,of 6 ratings,$26
AEHR,NULL,1440512406956,0,50% bullish,of 2 ratings,N/A
AEGN,$17.86,1440512406983,"17,800",100% bearish,of 2 ratings,$21
AERI,$15.77,1440512407117,"51,281",75% bullish,of 4 ratings,$31.50
AEPI,$54.21,1440512407148,"1,064",100% bearish,of 1 rating,N/A
AEZS,$0.09,1440512407179,"2,504,735",90% bullish,of 21 ratings,$1.50
AMTX,$2.6,1440512407204,"6,210",50% bullish,of 2 ratings,$26.11
AVAV,$23.45,1440512407248,"17,782",50% bullish,of 4 ratings,$31
AFMD,$9.825,1440512407416,"30,234",50% bullish,of 4 ratings,$15
AEMD,$6.9501,1440512407442,"1,439",Not yet rated,NULL,$27.50
AFFX,$8.95,1440512407521,"36,094",80% bullish,of 5 ratings,$12
AGRX,$8.12,1440512407652,"1,100",100% bearish,of 1 rating,$17.50
AGYS,$9.51,1440512407680,"5,460",100% bearish,of 1 rating,N/A
AGIO,$83.665,1440512407706,"31,376",88% bullish,of 8 ratings,$114
AGEN,$6.75,1440512407834,"183,152",85% bullish,of 13 ratings,$14
AGFS,$10.05,1440512407860,"22,458",100% bearish,of 1 rating,N/A
AIMT,$20.4201,1440512407991,"26,105",Not yet rated,NULL,N/A
AGFSW,$1.87,1440512408023,600,100% bearish,of 2 ratings,N/A
ATSG,$8.6,1440512408122,"21,170",67% bullish,of 3 ratings,$13
AIRM,$35.89,1440512408148,"23,621",80% bearish,of 5 ratings,$53
AIRT,$21.92,1440512408226,100,100% bullish,of 1 rating,N/A
AKAM,$68.27,1440512408422,"350,361",63% bullish,of 8 ratings,$77
AMCN,$4.478,1440512408486,"204,689",83% bullish,of 6 ratings,N/A
AKBA,$6.39,1440512408519,"54,915",100% bearish,of 1 rating,$18
AIXG,$5.87,1440512408551,"1,218",67% bearish,of 3 ratings,$5.25
AKRX,$39.91,1440512408617,"66,283",78% bullish,of 9 ratings,$56
AKER,NULL,1440512408638,0,Not yet rated,NULL,N/A
ALRM,$15.59,1440512408678,"29,467",100% bearish,of 1 rating,$22
ALSK,$2.02,1440512408718,"4,854",78% bullish,of 18 ratings,$2
ADHD,$7.9401,1440512408964,"15,958",50% bullish,of 4 ratings,$18
AMRI,$19.27,1440512408990,"81,415",75% bearish,of 4 ratings,$24
ALDR,$37.25,1440512409134,"79,206",67% bearish,of 3 ratings,$62
ABDC,$11.95,1440512409160,"12,718",Not yet rated,NULL,$15
ALXN,$172.46,1440512409202,"281,343",88% bullish,of 8 ratings,$223
ALCO,$41.3,1440512409332,208,50% bullish,of 2 ratings,N/A
ALDX,$7.07,1440512409361,"1,318",100% bearish,of 1 rating,$14.50
ALXA,$1.0976,1440512409467,"3,700",83% bullish,of 6 ratings,$2.125
ALGN,$55.6199,1440512409511,"108,849",100% bearish,of 2 ratings,$73
ALIM,$3.03,1440512409561,"7,839",80% bullish,of 5 ratings,$10
ALLB,$22.87,1440512409693,400,Not yet rated,NULL,N/A
ALGT,$215.4625,1440512409725,"14,027",100% bearish,of 2 ratings,$235
ALKS,$59.78,1440512409755,"109,218",67% bullish,of 3 ratings,$75
AFOP,$18.17,1440512409832,"78,520",75% bullish,of 8 ratings,$21
AHGP,$35.64,1440512409896,"12,739",67% bullish,of 3 ratings,N/A
AIQ,$13.7,1440512409932,"1,300",67% bullish,of 3 ratings,N/A
ARLP,$24.1,1440512410090,"19,414",67% bearish,of 3 ratings,$32
AHPI,$1.5,1440512410200,115,50% bullish,of 2 ratings,N/A
AMOT,$17.33,1440512410227,"8,292",100% bearish,of 1 rating,N/A
ALLT,$5,1440512410306,"29,489",75% bullish,of 4 ratings,$6.25
ALQA,$4.3578,1440512410361,"13,792",75% bullish,of 4 ratings,$8.50
MDRX,$13.29,1440512410400,"216,435",60% bullish,of 5 ratings,$16
AFAM,$44.19,1440512410531,"1,362",50% bullish,of 2 ratings,$44
AOSL,$7.28,1440512410585,"6,937",67% bullish,of 3 ratings,$9
ALNY,$98.06,1440512410608,"109,039",67% bullish,of 3 ratings,$148.50
SMCP,$22.69,1440512410684,"1,609",Not yet rated,NULL,N/A
ALTR,$47.25,1440512410817,"563,287",80% bearish,of 5 ratings,$54
ASPS,$26.89,1440512410921,"16,062",67% bullish,of 3 ratings,$46.50
ATEC,$0.588,1440512410961,"27,260",100% bullish,of 1 rating,$2
AIMC,$24.47,1440512410987,"5,494",100% bearish,of 2 ratings,$28.50
AMAG,$59.035,1440512411018,"44,454",100% bullish,of 2 ratings,$77.50
AMRN,$1.9899,1440512411112,"217,304",85% bullish,of 39 ratings,$8
AMRK,$10.65,1440512411213,804,50% bullish,of 2 ratings,$14
AYA,$20.92,1440512411280,"12,900",100% bearish,of 1 rating,$40
AMZN,$480.87,1440512411306,"888,098",81% bullish,of 263 ratings,$646
AMBC,$15.27,1440512411346,"24,873",100% bearish,of 1 rating,$16.50
AMBA,$91.11,1440512411476,"628,241",83% bullish,of 12 ratings,$102.50
AMBCW,NULL,1440512411581,0,100% bearish,of 1 rating,N/A
AMCX,$69.13,1440512411653,"222,688",67% bullish,of 3 ratings,$87.50
DOX,$56.62,1440512411678,"50,754",50% bullish,of 2 ratings,$60
EPAX,$2.7,1440512411725,729,100% bearish,of 1 rating,N/A
AMED,$38.28,1440512411900,"69,136",100% bearish,of 1 rating,$42
ATAX,$5.17,1440512412103,"132,171",100% bullish,of 1 rating,$6.50
AMDA,$0.44,1440512412132,"464,829",90% bullish,of 10 ratings,$1
AAL,$39.115,1440512412172,"1,861,742",93% bullish,of 88 ratings,$57
AMOV,$17.77,1440512412200,"8,604",100% bearish,of 1 rating,N/A
UHAL,$361.625,1440512412229,"3,110",100% bullish,of 2 ratings,$393.50
AGNC,$19.4,1440512412301,"606,664",71% bullish,of 28 ratings,$22
ASBI,$22.26,1440512412357,100,Not yet rated,NULL,N/A
AGNCP,$25.12,1440512412454,"6,458",Not yet rated,NULL,N/A
AGNCB,$24.09,1440512412535,600,Not yet rated,NULL,N/A
MTGE,$15.31,1440512412677,"41,278",75% bullish,of 4 ratings,$19.50
MTGEP,$24.44,1440512412752,600,Not yet rated,NULL,N/A
ACSF,$12.1,1440512412784,"11,752",100% bearish,of 1 rating,$15
ACAS,$13.335,1440512412805,"110,103",60% bullish,of 5 ratings,$16.75
ANCI,$1.63,1440512412964,100,100% bearish,of 1 rating,N/A
AMIC,NULL,1440512413014,0,Not yet rated,NULL,N/A
AETI,NULL,1440512413063,0,67% bearish,of 3 ratings,N/A
APEI,$21.26,1440512413231,"6,778",100% bearish,of 1 rating,$25.50
AMNB,$22.815,1440512413388,"2,812",Not yet rated,NULL,$25.50
ARII,$37.23,1440512413426,"44,585",67% bearish,of 3 ratings,$45
AMSWA,$8.69,1440512413523,"6,976",100% bearish,of 2 ratings,$10.75
ANAT,$97.59,1440512413549,"7,711",100% bullish,of 1 rating,N/A
ASEI,$37.94,1440512413583,"6,293",100% bearish,of 1 rating,$52.50
AMRB,$10.005,1440512413685,900,Not yet rated,NULL,$11
AMWD,$66.63,1440512413963,"22,440",50% bullish,of 2 ratings,$70
CRMT,$37.26,1440512413995,"9,981",100% bearish,of 1 rating,$39
ABCB,$26.73,1440512414021,"8,236",Not yet rated,NULL,$31
AMSC,$3.7,1440512414046,"36,883",50% bullish,of 4 ratings,N/A
ATLO,$23,1440512414100,"1,909",Not yet rated,NULL,N/A
ASRV,$3.25,1440512414274,1,100% bullish,of 2 ratings,N/A
ASRVP,$28.17,1440512414303,394,Not yet rated,NULL,N/A
AMSF,$47.3,1440512414346,"5,307",Not yet rated,NULL,$57.50
AMPH,$12.97,1440512414441,"26,853",50% bullish,of 2 ratings,$20
AMGN,$152.76,1440512414472,"994,333",89% bullish,of 19 ratings,$185
FOLD,$13.425,1440512414540,"339,528",56% bullish,of 9 ratings,$21
AMSG,$79.955,1440512414799,"72,155",100% bearish,of 1 rating,$85.50
ASYS,$5.07,1440512414862,"3,091",67% bullish,of 3 ratings,$12
AMSGP,NULL,1440512414894,0,Not yet rated,NULL,N/A
AMKR,$4.6801,1440512414919,"595,683",100% bearish,of 2 ratings,$5
AFSI,$58.64,1440512414995,"48,950",60% bullish,of 5 ratings,$72
ANAD,$0.3101,1440512415221,"36,645",100% bullish,of 2 ratings,$.50
ANAC,$127.61,1440512415249,"150,559",80% bullish,of 5 ratings,$180.50
AMRS,$1.56,1440512415275,"20,340",70% bullish,of 10 ratings,N/A
ADI,$53.1,1440512415301,"444,392",67% bullish,of 3 ratings,$69
ALOG,$78.13,1440512415432,"3,935",100% bearish,of 2 ratings,$100.50
ANCB,NULL,1440512415463,0,Not yet rated,NULL,$23
ABCW,$39.3,1440512415561,900,67% bullish,of 3 ratings,N/A
AMCF,$0.25,1440512415692,500,100% bullish,of 7 ratings,N/A
ANGO,$14.4,1440512415853,"3,136",67% bullish,of 3 ratings,$19
ANIP,$48.786,1440512415914,"11,394",89% bullish,of 19 ratings,$66
ANSS,$87.81,1440512416013,"60,628",100% bearish,of 1 rating,$100
ANGI,$4.73,1440512416066,"55,929",64% bullish,of 11 ratings,$5.50
ANIK,$33.52,1440512416103,"8,786",60% bullish,of 5 ratings,$51.25
ABAC,$0.696,1440512416129,"15,193",100% bearish,of 1 rating,N/A
ATNY,$2.33,1440512416261,"1,728",50% bullish,of 2 ratings,$3.75
APIC,$6.16,1440512416471,"92,540",100% bearish,of 1 rating,$19
ATRS,$1.7465,1440512416559,"74,306",92% bullish,of 12 ratings,$4.50
AINV,$6.361,1440512416587,"188,799",50% bullish,of 4 ratings,$8
APOL,$10.89,1440512416609,"106,860",87% bearish,of 68 ratings,$14
ANTH,$7.16,1440512416644,"165,089",80% bullish,of 10 ratings,$13
APOG,$50.8,1440512416666,"39,262",100% bullish,of 1 rating,$67
APPF,$16.34,1440512416750,"1,700",50% bullish,of 2 ratings,$22
APDN,$3.13,1440512417072,"9,496",Not yet rated,NULL,$9
AGTC,$15.52,1440512417097,"13,172",50% bullish,of 2 ratings,$33
APDNW,NULL,1440512417122,0,Not yet rated,NULL,N/A
AMCC,$5.36,1440512417455,"92,556",80% bullish,of 5 ratings,$8
AAOI,$19.34,1440512417538,"30,336",50% bullish,of 4 ratings,$26
AREX,$1.9799,1440512417621,"141,922",100% bearish,of 1 rating,$3
APRI,$1.3,1440512417935,"66,045",83% bullish,of 6 ratings,$4.86
AQXP,$19.35,1440512418321,"908,390",50% bullish,of 2 ratings,$2
AQMS,$4.6801,1440512418356,"11,321",Not yet rated,NULL,N/A
ARDM,$6.93,1440512419172,427,100% bullish,of 1 rating,$26
PETX,$17,1440512419555,"56,380",100% bearish,of 2 ratings,$26
ARCW,$3.27,1440512419794,"5,396",100% bearish,of 2 ratings,$10.50
ABUS,$7.11,1440512419889,"51,148",86% bullish,of 14 ratings,$23
ABIO,$0.87,1440512420143,"16,276",50% bullish,of 2 ratings,$3.75
RKDA,$5.08,1440512420301,"2,833",100% bearish,of 2 ratings,$10
ARCB,$28.41,1440512420327,"26,927",67% bearish,of 3 ratings,$39.50
ACGL,$68.17,1440512420563,"41,277",50% bullish,of 2 ratings,$72
ACAT,$25.39,1440512420804,"16,104",100% bearish,of 3 ratings,$33
ARDX,$17.585,1440512421825,"15,111",50% bullish,of 2 ratings,$24.50
ARNA,$2.71,1440512422328,"355,331",90% bullish,of 77 ratings,$5.50
ARCC,$15.15,1440512422723,"662,708",67% bearish,of 3 ratings,$17.875
AGII,$55.67,1440512423084,"14,357",Not yet rated,NULL,$59.50
AAPL,$108.4401,1440512423116,"21,468,492",86% bullish,of 2344 ratings,$150
AGIIL,$25,1440512423142,"2,566",Not yet rated,NULL,N/A
ARCI,$1.11,1440512423222,"1,000",Not yet rated,NULL,N/A
AMAT,$15.35,1440512423456,"3,608,131",82% bullish,of 11 ratings,$23
ARIS,$3.15,1440512423527,"14,490",Not yet rated,NULL,$4.50
ARIA,$6.475,1440512423663,"703,174",87% bullish,of 46 ratings,$9
ARGS,$6.105,1440512423689,"5,314",50% bullish,of 2 ratings,$19.50
ARKR,$24,1440512423767,"1,000",50% bullish,of 2 ratings,N/A
APTO,$4.65,1440512423824,620,Not yet rated,NULL,$17
AUMA,NULL,1440512423959,0,Not yet rated,NULL,N/A
AUMAU,NULL,1440512424137,0,Not yet rated,NULL,N/A
ARMH,$42.12,1440512424279,"524,620",54% bearish,of 13 ratings,$61
ARTX,$1.48,1440512424456,"18,500",88% bullish,of 16 ratings,$4.50
ARWAR,$0.27,1440512424591,300,Not yet rated,NULL,N/A
ARWA,NULL,1440512424619,0,Not yet rated,NULL,N/A
AUMAW,NULL,1440512424641,0,Not yet rated,NULL,N/A
ARWAW,NULL,1440512424662,0,Not yet rated,NULL,N/A
ARRY,$5.375,1440512424697,"247,778",100% bullish,of 7 ratings,$10
ARRS,$25.685,1440512424719,"194,142",50% bullish,of 2 ratings,$38
ARQL,$1.639,1440512424923,"45,610",75% bullish,of 4 ratings,$5
ARWAU,NULL,1440512424988,0,100% bullish,of 1 rating,N/A
DWAT,$9.66,1440512425015,"4,132",100% bearish,of 1 rating,N/A
AROW,$27.22,1440512425047,"2,367",Not yet rated,NULL,N/A
ARTNA,$22.725,1440512425072,"4,006",100% bearish,of 1 rating,$29
ARWR,$5.28,1440512425102,"199,370",75% bullish,of 4 ratings,$10.50
ARTW,NULL,1440512425124,0,75% bearish,of 4 ratings,N/A
ASCMA,$26.36,1440512425483,"9,077",100% bearish,of 1 rating,$45
ASBB,NULL,1440512425517,0,Not yet rated,NULL,N/A
ASND,$18.75,1440512425538,"24,372",100% bullish,of 1 rating,$30
ASNA,$11.0262,1440512425560,"465,803",50% bullish,of 2 ratings,$18
ASTI,$0.1031,1440512425615,"792,406",83% bullish,of 6 ratings,$3
ASMI,NULL,1440512425642,0,NULL,NULL,NULL
APWC,$1.9,1440512425747,100,100% bearish,of 1 rating,N/A
ASML,$89.89,1440512425793,"257,750",50% bullish,of 4 ratings,$127
ASMB,$12.73,1440512425924,"2,582",67% bullish,of 3 ratings,N/A
ASTE,$35.28,1440512425964,"5,822",100% bearish,of 1 rating,$48
ASFI,$8.9,1440512425985,"2,310",100% bullish,of 1 rating,N/A
AZPN,$37.575,1440512426018,"61,106",50% bullish,of 2 ratings,$42
ALOT,NULL,1440512426065,0,100% bearish,of 1 rating,N/A
ATRO,$51.07,1440512426098,"19,915",100% bearish,of 2 ratings,$80
ASTC,$2.0563,1440512426166,"11,360",100% bullish,of 5 ratings,N/A
ASUR,$5.57,1440512426405,100,50% bullish,of 2 ratings,$8
ATAI,$2.4,1440512426503,"1,400",100% bearish,of 1 rating,N/A
ATRA,$39.46,1440512426558,"22,860",50% bullish,of 2 ratings,$68
AFCB,$27.6,1440512426589,700,Not yet rated,NULL,N/A
ATHX,$1.17,1440512426690,"43,286",89% bullish,of 9 ratings,$5
ATHN,$131.52,1440512426826,"20,042",67% bearish,of 3 ratings,$153
ACFC,$5.845,1440512426857,"18,069",Not yet rated,NULL,$6.50
AAME,NULL,1440512426879,0,Not yet rated,NULL,N/A
AAPC,$10.4,1440512426899,83,Not yet rated,NULL,N/A
ATNI,$71.74,1440512427055,"13,685",100% bearish,of 1 rating,$69.50
ATLC,$3.73,1440512427087,"7,432",67% bullish,of 3 ratings,N/A
AAWW,$40.22,1440512427187,"28,846",50% bullish,of 2 ratings,$65
AFH,$16.6328,1440512427321,"5,147",Not yet rated,NULL,$21.50
ATOS,$0.8005,1440512427348,"48,599",100% bullish,of 7 ratings,$7
ATML,$7.4463,1440512427369,"2,097,883",78% bullish,of 9 ratings,$9.50
ATRC,$24.76,1440512427398,"9,997",100% bullish,of 1 rating,$30
ATRI,$380,1440512427536,583,Not yet rated,NULL,N/A
LIFE,$13.7,1440512427606,"5,688",86% bullish,of 7 ratings,$43
ATTU,$13.3899,1440512427632,"13,280",100% bearish,of 1 rating,$20.50
ATRM,NULL,1440512427662,0,50% bullish,of 2 ratings,N/A
AUPH,$3.0076,1440512427839,"6,414",100% bearish,of 1 rating,$8
AUBN,$26.43,1440512427860,100,Not yet rated,NULL,N/A
ADAT,$0.4335,1440512427892,"1,057,185",100% bullish,of 2 ratings,N/A
AUDC,$3.13,1440512427913,"11,808",80% bullish,of 5 ratings,$5
EARS,$4.45,1440512427943,"3,443",100% bearish,of 2 ratings,$11.50
ABTL,$16.995,1440512428078,"28,277",100% bullish,of 4 ratings,$20.25
ADSK,$49.98,1440512428111,"325,868",67% bullish,of 6 ratings,$69.50
AVGO,$112.33,1440512428269,"578,061",88% bullish,of 8 ratings,$165
AVNU,$12.16,1440512428339,581,Not yet rated,NULL,$14
ADP,$76.66,1440512428368,"343,911",100% bearish,of 1 rating,$88
AVEO,$1.3201,1440512428389,"93,336",75% bullish,of 8 ratings,$3
AAVL,$10.22,1440512428432,"48,757",100% bearish,of 1 rating,$20
AVNW,$1.17,1440512428578,"4,700",50% bullish,of 2 ratings,$2.20
AVGR,$14.29,1440512428621,"9,500",100% bearish,of 1 rating,$20
AVID,$8.05,1440512428726,"55,191",100% bearish,of 1 rating,$20
AWRE,$3.1,1440512428753,"27,303",67% bullish,of 3 ratings,N/A
CAR,$41.32,1440512428800,"230,603",80% bullish,of 5 ratings,$60
ACLS,$3.135,1440512428826,"110,219",67% bullish,of 6 ratings,$4.75
AXPWW,NULL,1440512428888,0,Not yet rated,NULL,N/A
AXPW,$1.07,1440512429146,"8,949",83% bullish,of 6 ratings,N/A
BCOM,NULL,1440512429186,0,100% bearish,of 1 rating,N/A
AXTI,$2.2,1440512429251,"22,653",50% bullish,of 2 ratings,$2.75
AXGN,$3.9099,1440512429317,"5,904",Not yet rated,NULL,$5
BIDU,$149.83,1440512429396,"1,114,552",81% bullish,of 88 ratings,$210
BOSC,$2.25,1440512429423,302,50% bullish,of 2 ratings,N/A
BEAV,$47.505,1440512429461,"156,680",67% bearish,of 3 ratings,$59
RILY,$9.97,1440512429489,200,Not yet rated,NULL,N/A
BCPC,$56.475,1440512429557,"36,834",100% bearish,of 1 rating,$75
BLDP,$1.22,1440512429662,"120,765",91% bullish,of 22 ratings,$2.50
BWINA,NULL,1440512429688,0,Not yet rated,NULL,N/A
BWINB,$22.6,1440512429719,"2,600",Not yet rated,NULL,N/A
BANF,$59.925,1440512429821,"2,235",Not yet rated,NULL,$68
BANFP,NULL,1440512429922,0,Not yet rated,NULL,N/A
BOCH,$5.79,1440512430055,748,Not yet rated,NULL,$6.50
BKMU,$6.74,1440512430081,"3,507",Not yet rated,NULL,$8
OZRK,$40.34,1440512430235,"127,283",67% bullish,of 3 ratings,$49.50
BMRC,$48.88,1440512430263,"1,700",Not yet rated,NULL,$52
BKSC,$15.1288,1440512430287,"3,388",Not yet rated,NULL,N/A
BOTJ,$11.11,1440512430391,200,Not yet rated,NULL,N/A
BFIN,$11.72,1440512430420,"10,362",Not yet rated,NULL,$13
BWFG,$17.98,1440512430517,500,100% bearish,of 1 rating,N/A
BANR,$43.66,1440512430553,"4,770",100% bullish,of 3 ratings,$50
BZUN,$4.8316,1440512430585,"192,309",50% bullish,of 2 ratings,$12.60
TAPR,$30.87,1440512430704,900,100% bearish,of 1 rating,N/A
BHAC,NULL,1440512430730,0,Not yet rated,NULL,N/A
BHACR,NULL,1440512430859,0,Not yet rated,NULL,N/A
BHACU,NULL,1440512430917,0,Not yet rated,NULL,N/A
BHACW,NULL,1440512431005,0,Not yet rated,NULL,N/A
BBSI,$33.3,1440512431061,"4,674",67% bearish,of 3 ratings,$62.50
BSET,$28.305,1440512431141,"5,309",100% bearish,of 1 rating,$35
BYBK,NULL,1440512431167,0,100% bearish,of 1 rating,N/A
BYLK,$12.69,1440512431202,400,Not yet rated,NULL,$14
BV,$5.0525,1440512431296,"78,527",67% bullish,of 6 ratings,$9
BBCN,$14.14,1440512431321,"34,073",100% bearish,of 1 rating,$16
BDCV,$4.75,1440512431454,"1,781",100% bearish,of 1 rating,$10.19
BECN,$34.79,1440512431524,"80,373",50% bullish,of 2 ratings,$40
BSF,$8.655,1440512431552,"7,353",Not yet rated,NULL,N/A
BCBP,NULL,1440512431584,0,Not yet rated,NULL,N/A
BEBE,$1.76,1440512431688,"4,166",75% bullish,of 4 ratings,$3.075
BBGI,NULL,1440512431716,0,100% bearish,of 1 rating,N/A
BBBY,$60.79,1440512431742,"287,326",71% bullish,of 7 ratings,$75
BELFB,$17.91,1440512431886,"1,300",100% bearish,of 1 rating,N/A
BELFA,$15.51,1440512431986,8,100% bearish,of 1 rating,N/A
BLPH,$5.03,1440512432038,"8,951",100% bearish,of 1 rating,$12.50
BLCM,$16.84,1440512432067,"28,752",50% bullish,of 4 ratings,$40
BNFT,$35.14,1440512432168,"20,309",67% bullish,of 3 ratings,$46
BNTC,$8,1440512432200,"2,200",100% bullish,of 1 rating,N/A
BNCL,$12.25,1440512432228,"43,266",100% bullish,of 3 ratings,$12.50
BGMD,$0.77,1440512432304,"11,592",100% bullish,of 10 ratings,N/A
BGFV,$10.61,1440512432480,"10,100",57% bullish,of 7 ratings,$12
BGCP,$8.605,1440512432542,"165,520",88% bullish,of 8 ratings,$14
BIND,$4.22,1440512432611,"3,122",75% bullish,of 4 ratings,$13.50
ORPN,$5.33,1440512432640,"3,263",100% bullish,of 1 rating,$28.50
BASI,$1.47,1440512432743,792,Not yet rated,NULL,N/A
BIOC,$1.97,1440512432807,"79,080",83% bullish,of 6 ratings,$3.85
BCRX,$11.16,1440512432887,"103,768",63% bullish,of 8 ratings,$18
BCDA,NULL,1440512432940,0,Not yet rated,NULL,N/A
BIIB,$294.244,1440512432966,"550,522",88% bullish,of 16 ratings,$400
BDSI,$6.4028,1440512433181,"125,149",88% bullish,of 8 ratings,$17
BIOL,$1.361,1440512433209,"5,357",Not yet rated,NULL,N/A
BIOD,$0.69,1440512433243,"18,805",80% bullish,of 5 ratings,$4
BLFS,$2.03,1440512433349,"6,694",100% bearish,of 1 rating,$4.75
BMRN,$123.53,1440512433402,"166,162",80% bullish,of 5 ratings,$160
BVXV,$3.53,1440512433427,400,Not yet rated,NULL,N/A
BLRX,$1.32,1440512433479,"60,467",100% bullish,of 12 ratings,$5
BVXVW,NULL,1440512433643,0,100% bearish,of 1 rating,N/A
BPTH,$1.09,1440512433671,"11,935",100% bullish,of 2 ratings,$5
BRLI,NULL,1440512433694,0,NULL,NULL,NULL
BBP,$31.1622,1440512433822,"18,619",Not yet rated,NULL,N/A
BBC,$29.803,1440512433853,"8,998",Not yet rated,NULL,N/A
BIOS,$2.095,1440512433875,"269,837",71% bullish,of 7 ratings,$4
BSTC,$47.7545,1440512433952,"6,030",100% bearish,of 1 rating,$76
BSPM,$0.63,1440512434052,"4,000",50% bullish,of 2 ratings,N/A
BOTA,$2.17,1440512434142,"9,166",88% bullish,of 8 ratings,N/A
BEAT,$14.2144,1440512434230,"135,513",67% bearish,of 3 ratings,$15
BITI,$17.62,1440512434277,"9,833",100% bullish,of 1 rating,$28
TECH,$95.095,1440512434307,"8,710",100% bullish,of 1 rating,$117
BDMS,$13.13,1440512434408,200,100% bearish,of 1 rating,N/A
BJRI,$43.39,1440512434433,"59,843",50% bullish,of 2 ratings,$55
BDE,$7.185,1440512434465,"9,062",50% bullish,of 2 ratings,$9
BBRY,$7.045,1440512434603,"941,518",61% bullish,of 330 ratings,$9
BLKB,$57.5,1440512434625,"29,800",100% bearish,of 2 ratings,$66
BBOX,$14.92,1440512434657,"6,064",100% bearish,of 1 rating,N/A
HAWK,$40.62,1440512434710,"70,597",91% bullish,of 11 ratings,$49
ADRA,$25.92,1440512434878,"1,001",100% bearish,of 1 rating,N/A
BKCC,$9,1440512434938,"55,921",100% bullish,of 2 ratings,$10
ADRD,$22.0196,1440512434967,"2,532",100% bearish,of 1 rating,N/A
ADRE,$29.26,1440512435045,"3,811",100% bearish,of 1 rating,N/A
ADRU,$21.76,1440512435072,144,100% bearish,of 1 rating,N/A
BLMN,$19.7699,1440512435198,"210,582",83% bullish,of 6 ratings,$27.50
BCOR,$13.31,1440512435268,"11,414",57% bullish,of 7 ratings,$15
BUFF,$26.025,1440512435296,"37,699",83% bullish,of 12 ratings,$31.50
BHBK,$13.98,1440512435364,"3,717",100% bullish,of 1 rating,$14.50
BLBD,$11.95,1440512435426,"2,534",Not yet rated,NULL,N/A
BLUE,$123.38,1440512435514,"84,112",71% bullish,of 7 ratings,$217.50
NILE,$32.36,1440512435543,"16,148",50% bullish,of 2 ratings,$34
BBLU,$0.7634,1440512435564,"5,860",100% bullish,of 2 ratings,$4.43
BKEPP,$7.55,1440512435709,970,100% bearish,of 1 rating,N/A
BKEP,$6.19,1440512435741,"14,269",100% bearish,of 1 rating,$8.50
BPMC,$26.47,1440512435850,"11,647",50% bullish,of 2 ratings,$47.50
BNCN,$20.4475,1440512435911,"25,234",Not yet rated,NULL,$23
BOFI,$123.0199,1440512435940,"35,918",100% bullish,of 6 ratings,$144
BOBE,$43.02,1440512435978,"15,296",75% bullish,of 4 ratings,$57
WIFI,$7.59,1440512436044,"38,635",50% bullish,of 2 ratings,$13.50
BOJA,$20.96,1440512436336,"27,886",100% bullish,of 1 rating,$30
BOKF,$59.9,1440512436372,"64,728",100% bearish,of 1 rating,$70.50
BNSO,$1.37,1440512436393,400,100% bearish,of 1 rating,N/A
BONA,$11.53,1440512436414,"137,181",75% bullish,of 4 ratings,$8.50
BAMM,$3.16,1440512436463,"3,245",60% bullish,of 5 ratings,N/A
BPFH,$11.57,1440512436547,"32,246",100% bearish,of 1 rating,$14
BPFHW,NULL,1440512436573,0,100% bearish,of 1 rating,N/A
BPFHP,$25.64,1440512436594,608,100% bearish,of 1 rating,N/A
EPAY,$24.78,1440512436745,"12,389",100% bearish,of 2 ratings,$30
BDBD,$8.125,1440512436823,"101,239",60% bullish,of 5 ratings,$10
BCLI,$2.87,1440512436883,"30,744",80% bullish,of 5 ratings,$12
BBEPP,$12.3275,1440512437027,"21,787",100% bearish,of 1 rating,N/A
BBRG,$12.23,1440512437058,"10,522",67% bullish,of 3 ratings,$14.50
BBEP,$2.3225,1440512437130,"405,070",69% bullish,of 13 ratings,$5.625
BLIN,$1.3,1440512437157,400,50% bullish,of 2 ratings,$2.20
BDGE,$26.7,1440512437187,604,Not yet rated,NULL,$31.75
BRCM,$48.79,1440512437215,"569,392",75% bullish,of 12 ratings,$56
BCOV,$5.11,1440512437291,"22,342",67% bullish,of 3 ratings,$10.20
BSFT,$30.84,1440512437420,"36,534",57% bullish,of 7 ratings,$40.50
BRID,NULL,1440512437448,0,100% bearish,of 1 rating,N/A
BVSN,$5.74,1440512437507,155,60% bearish,of 5 ratings,N/A
BYFC,$1.49,1440512437602,"2,000",50% bullish,of 2 ratings,N/A
BRCD,$10.1,1440512437657,"563,432",92% bullish,of 13 ratings,$11.50
BWEN,$3.16,1440512437704,"4,152",100% bullish,of 3 ratings,$8
BRKL,$10.39,1440512437852,"32,566",100% bearish,of 1 rating,$10.75
BRKS,$10.1257,1440512437900,"14,720",67% bullish,of 3 ratings,$15.25
BRKR,$18.54,1440512437986,"24,475",100% bearish,of 2 ratings,$22
BSQR,$5.95,1440512438015,"18,365",67% bullish,of 3 ratings,N/A
BMTC,$28.51,1440512438037,"4,193",Not yet rated,NULL,$34
BLMT,$20.95,1440512438069,"6,298",Not yet rated,NULL,N/A
BLDR,$14.4499,1440512438228,"79,219",50% bullish,of 2 ratings,$22
BUR,$1.95,1440512438271,6,100% bearish,of 1 rating,$8
BWLD,$189.87,1440512438313,"42,230",82% bullish,of 11 ratings,$205
CA,$26.6398,1440512438407,"398,416",50% bullish,of 4 ratings,$33
CFFI,$34.5999,1440512438447,457,100% bearish,of 1 rating,N/A
CHRW,$65.85,1440512438473,"230,567",Not yet rated,NULL,$72
CCMP,$42.85,1440512438550,"5,519",50% bullish,of 2 ratings,$59
CDNS,$19.233,1440512438603,"241,464",75% bullish,of 4 ratings,$22.50
CDZI,$7.57,1440512438765,"2,263",100% bearish,of 1 rating,N/A
CSTE,$43.01,1440512438818,"84,728",100% bearish,of 1 rating,$65
CZR,$9.03,1440512438857,"261,803",60% bearish,of 5 ratings,$10.50
CACQ,$6.9,1440512438895,"4,302",100% bearish,of 1 rating,$12.25
PRSS,$4.28,1440512438947,"6,728",80% bullish,of 5 ratings,$4.50
CLMS,$10.66,1440512438975,"17,387",Not yet rated,NULL,$10.50
CLBS,$1.3,1440512438996,"27,636",79% bullish,of 14 ratings,$4
CHY,$11.16,1440512439027,"63,445",Not yet rated,NULL,N/A
CCD,$18.95,1440512439305,"16,886",Not yet rated,NULL,N/A
CGO,$11.61,1440512439396,"24,781",100% bearish,of 1 rating,N/A
CHW,$7.33,1440512439427,"67,288",100% bearish,of 1 rating,N/A
CFGE,$10.31,1440512439452,53,Not yet rated,NULL,N/A
CHI,$10.378,1440512439478,"64,206",100% bearish,of 1 rating,N/A
CSQ,$9.67,1440512439528,"98,863",Not yet rated,NULL,N/A
CVGW,$55.71,1440512439605,"12,382",50% bullish,of 2 ratings,$58.50
CAMP,$15.605,1440512439706,"45,857",88% bullish,of 8 ratings,$25
CALA,$4.77,1440512439733,"77,368",100% bullish,of 3 ratings,$19.50
CFNB,NULL,1440512439790,0,100% bearish,of 1 rating,N/A
CALD,$15.1,1440512439919,"29,985",100% bearish,of 1 rating,$20.50
CALM,$48.01,1440512439948,"114,259",80% bullish,of 5 ratings,$65
CLMT,$24.5,1440512439976,"74,230",75% bullish,of 8 ratings,$31
ABCD,$4.745,1440512440051,"10,651",83% bullish,of 6 ratings,N/A
CAMB,$10.05,1440512440137,400,Not yet rated,NULL,N/A
CAMBU,NULL,1440512440267,0,100% bearish,of 1 rating,N/A
CAMBW,NULL,1440512440321,0,Not yet rated,NULL,N/A
CAMT,$2.66,1440512440397,"6,934",73% bullish,of 11 ratings,$4
CGIX,$9.2201,1440512440429,"2,762",67% bullish,of 3 ratings,$14.375
CAC,$40.85,1440512440455,"1,202",Not yet rated,NULL,N/A
CSIQ,$17.36,1440512440481,"738,761",86% bullish,of 28 ratings,$45
CBNJ,$10.81,1440512440532,"1,192",100% bullish,of 1 rating,N/A
CPHC,$10.5,1440512440611,200,100% bearish,of 1 rating,N/A
CBF,$28.785,1440512440701,"13,964",Not yet rated,NULL,$32
CCBG,$14.6443,1440512440843,200,Not yet rated,NULL,$17.25
CPLA,$47.743,1440512440901,"6,498",67% bearish,of 3 ratings,$65
CSWC,$44.75,1440512441062,"1,394",Not yet rated,NULL,N/A
CPTA,$13.84,1440512441095,"21,968",100% bearish,of 1 rating,$18.50
CPLP,$6.88,1440512441121,"54,015",71% bullish,of 7 ratings,$11
CFFN,$11.81,1440512441198,"71,143",Not yet rated,NULL,$12.75
CAPN,$1.82,1440512441219,"44,129",100% bullish,of 1 rating,$10.85
CPST,$0.3684,1440512441299,"161,021",95% bullish,of 22 ratings,$1.25
CAPR,$4.1384,1440512441331,"1,600",Not yet rated,NULL,$12
CAPNW,NULL,1440512441356,0,Not yet rated,NULL,N/A
CARB,$11.08,1440512441507,"39,651",75% bullish,of 4 ratings,$12
CARA,$19.3786,1440512441544,"39,253",50% bullish,of 4 ratings,$25
CBYL,$5.3301,1440512441635,"3,971",100% bearish,of 1 rating,$20
CFNL,$21.71,1440512441674,"9,584",Not yet rated,NULL,$24
CRDC,$0.3749,1440512441728,"71,291",100% bullish,of 1 rating,$1.25
CRME,$9.026,1440512441862,"3,720",89% bullish,of 9 ratings,$11.25
CSII,$23.505,1440512441948,"11,821",100% bearish,of 2 ratings,$42.125
CATM,$33.85,1440512442030,"17,164",100% bearish,of 1 rating,$44
CTRE,$11.58,1440512442064,"59,025",50% bullish,of 2 ratings,N/A
CDNA,$6.4,1440512442093,"1,300",100% bearish,of 1 rating,$9
CLBH,NULL,1440512442114,0,Not yet rated,NULL,$16.50
CKEC,$22.44,1440512442147,"48,227",50% bullish,of 2 ratings,$35.915
CECO,$3.42,1440512442175,"85,114",67% bearish,of 3 ratings,$6
CART,$5.3,1440512442390,830,100% bearish,of 1 rating,N/A
CARO,$15.1,1440512442438,120,100% bearish,of 1 rating,$19
CRZO,$28.18,1440512442470,"167,181",67% bearish,of 3 ratings,$57
CRTN,$2.39,1440512442570,"1,302",100% bearish,of 1 rating,N/A
TAST,$12,1440512442596,"76,501",Not yet rated,NULL,$14.25
CASM,NULL,1440512442727,0,100% bullish,of 1 rating,$3.50
CACB,$5.3,1440512442771,"4,752",Not yet rated,NULL,$5.50
CWST,$5.98,1440512442855,"10,870",50% bullish,of 2 ratings,$7.25
CASY,$104.565,1440512442925,"31,383",50% bullish,of 2 ratings,$99.50
CSCD,$14.91,1440512442953,"22,047",100% bullish,of 2 ratings,$17
CARV,$5.83,1440512442984,"5,005",50% bullish,of 2 ratings,N/A
CASI,$1.43,1440512443019,"4,998",100% bullish,of 1 rating,$3.50
CASS,$45.5,1440512443079,"3,007",100% bearish,of 1 rating,N/A
CATB,$11.1701,1440512443214,"1,682",100% bearish,of 1 rating,$28
CPRX,$3.39,1440512443243,"190,412",71% bullish,of 7 ratings,$7
CATY,$28.83,1440512443349,"124,257",100% bearish,of 1 rating,$33.50
CATYW,$8.46,1440512443483,300,100% bearish,of 1 rating,N/A
CVCO,$71.96,1440512443657,"3,778",100% bearish,of 1 rating,N/A
CAVM,$64.44,1440512443690,"87,713",67% bearish,of 3 ratings,$72
CNLMR,NULL,1440512443711,0,Not yet rated,NULL,N/A
CBFV,NULL,1440512443744,0,Not yet rated,NULL,N/A
CBOE,$61.02,1440512443765,"36,025",Not yet rated,NULL,$60
CNLM,NULL,1440512443786,0,Not yet rated,NULL,N/A
CNLMW,NULL,1440512443829,0,Not yet rated,NULL,N/A
CNLMU,$10.37,1440512443926,298,100% bullish,of 1 rating,N/A
CDK,$47.52,1440512444069,"50,453",67% bearish,of 3 ratings,$50
CECE,$9.209,1440512444118,"14,390",50% bullish,of 2 ratings,$16
CDW,$38.25,1440512444164,"122,509",75% bullish,of 4 ratings,$44
CPXX,$2.025,1440512444190,"47,825",100% bullish,of 2 ratings,$7
CELG,$118.14,1440512444358,"1,359,460",92% bullish,of 13 ratings,$155.50
CELGZ,$1.68,1440512444442,"2,128",80% bullish,of 5 ratings,N/A
CLRBW,NULL,1440512444485,0,Not yet rated,NULL,N/A
CLDX,$13.9,1440512444527,"711,467",89% bullish,of 9 ratings,$36
CLRB,NULL,1440512444585,0,100% bearish,of 1 rating,N/A
CLDN,$1.02,1440512444613,"28,106",71% bullish,of 7 ratings,$3
CBMG,$22.49,1440512444634,"14,735",50% bullish,of 2 ratings,N/A
CLLS,$29.92,1440512444668,"13,665",75% bullish,of 4 ratings,$51.50
CLTX,$2.8616,1440512444803,"228,250",100% bullish,of 2 ratings,N/A
CYAD,$50.1,1440512444892,541,100% bullish,of 1 rating,$87.50
CEMP,$34.335,1440512444948,"87,335",71% bullish,of 7 ratings,$52
CLSN,$1.8603,1440512445082,"30,813",80% bullish,of 10 ratings,$7.50
CETX,$2.332,1440512445151,400,Not yet rated,NULL,$5.60
CFBK,NULL,1440512445284,0,Not yet rated,NULL,N/A
CENT,$11.62,1440512445316,"6,082",Not yet rated,NULL,$10
CETV,$2.05,1440512445338,"8,268",67% bullish,of 3 ratings,$2.80
CSFL,$13.81,1440512445359,"17,318",Not yet rated,NULL,$15
CENTA,$12.47,1440512445426,"8,193",Not yet rated,NULL,N/A
CENX,$4.81,1440512445494,"318,772",67% bullish,of 6 ratings,$9
CVCY,$11.25,1440512445530,6,Not yet rated,NULL,$12
CNBKA,NULL,1440512445627,0,50% bullish,of 2 ratings,N/A
CNTY,$5.9,1440512445686,"3,128",80% bullish,of 5 ratings,$7.75
CPHD,$47.8735,1440512445711,"98,417",50% bullish,of 2 ratings,$66.50
CRNT,$1.38,1440512445883,"88,338",50% bullish,of 2 ratings,$2
CERE,$1.0199,1440512446009,"85,814",88% bullish,of 8 ratings,N/A
CERU,$3.45,1440512446037,"12,916",75% bullish,of 4 ratings,$15
CERN,$62.01,1440512446064,"270,046",67% bullish,of 3 ratings,$79
KOOL,$0.67,1440512446104,30,100% bullish,of 5 ratings,$7
HOTR,$1.405,1440512446193,"27,264",100% bullish,of 2 ratings,$5
CERS,$4.52,1440512446221,"97,122",75% bullish,of 4 ratings,$7
CEVA,$17.7289,1440512446270,"14,589",100% bearish,of 1 rating,$25
CYOU,$19.84,1440512446364,"21,936",50% bullish,of 6 ratings,$24
HOTRW,NULL,1440512446428,0,Not yet rated,NULL,N/A
GTLS,$22.01,1440512446558,"27,922",50% bullish,of 4 ratings,$40
CTHR,$1.3,1440512446651,600,50% bullish,of 2 ratings,$2.50
CHTR,$173.98,1440512446709,"211,543",100% bearish,of 2 ratings,$196
CHFN,$12.47,1440512446783,"3,728",Not yet rated,NULL,$14
CHKP,$76.19,1440512446809,"153,938",50% bullish,of 4 ratings,$92
CHEK,$3,1440512446839,510,Not yet rated,NULL,$7.75
CHEKW,NULL,1440512446942,0,Not yet rated,NULL,N/A
CEMI,$3.807,1440512446985,"2,600",50% bullish,of 2 ratings,$7.50
CCXI,$6.37,1440512447011,"5,662",67% bullish,of 3 ratings,$14
CHFC,$30.76,1440512447039,"5,801",100% bearish,of 1 rating,$36
CHKE,$25.31,1440512447206,956,100% bearish,of 1 rating,$32.50
CHEV,$14.47,1440512447236,800,Not yet rated,NULL,N/A
CHMG,$26.275,1440512447257,"2,700",Not yet rated,NULL,$30
CHMA,$24.15,1440512447390,"16,242",Not yet rated,NULL,$40
CBNK,$16.49,1440512447458,500,100% bearish,of 1 rating,N/A
CMRX,$45.9,1440512447520,"51,207",50% bullish,of 2 ratings,$57
PLCE,$58.69,1440512447651,"165,049",100% bearish,of 1 rating,$71
CALI,$0.9699,1440512447677,"5,350",67% bullish,of 3 ratings,N/A
CADC,$3.1562,1440512447738,200,78% bullish,of 9 ratings,N/A
CBAK,$1.7799,1440512447766,"27,601",67% bullish,of 9 ratings,N/A
CAAS,$5.79,1440512447787,"8,522",93% bullish,of 14 ratings,$11.50
CBPO,$98.12,1440512447808,"71,082",75% bullish,of 8 ratings,$140.50
CCCL,$0.75,1440512447844,"3,100",100% bullish,of 6 ratings,N/A
CCCR,$0.86,1440512448044,"5,100",67% bearish,of 3 ratings,N/A
JRJC,$3.23,1440512448100,"45,810",82% bullish,of 11 ratings,N/A
CHOP,$1.2001,1440512448128,100,50% bullish,of 2 ratings,N/A
HGSH,$1.6901,1440512448153,"2,397",67% bullish,of 3 ratings,N/A
CHLN,$2.2399,1440512448197,"9,484",67% bullish,of 3 ratings,N/A
CNIT,$1.46,1440512448282,"33,540",67% bullish,of 6 ratings,N/A
HTHT,$23.9699,1440512448476,"16,766",50% bullish,of 2 ratings,$28.40
CREG,$0.7,1440512448552,"12,651",100% bullish,of 3 ratings,N/A
CHNR,$1.69,1440512448580,"3,804",100% bearish,of 1 rating,N/A
CJJD,$1.81,1440512448608,"68,896",100% bullish,of 1 rating,N/A
CPGI,$6.79,1440512448640,100,Not yet rated,NULL,N/A
CSUN,$1.4899,1440512448669,"5,431",80% bullish,of 5 ratings,N/A
CNTF,$0.8301,1440512448736,"13,900",Not yet rated,NULL,N/A
CXDC,$5.91,1440512448841,"3,125",67% bullish,of 3 ratings,N/A
CNYD,$3,1440512448910,"3,100",67% bullish,of 3 ratings,N/A
CNET,$0.81,1440512449054,"8,483",50% bullish,of 2 ratings,N/A
CCIH,$6.35,1440512449084,"73,820",67% bullish,of 6 ratings,$12.65
IMOS,$16.51,1440512449184,"38,725",60% bullish,of 5 ratings,$21.50
CHSCL,$26.77,1440512449258,"3,745",Not yet rated,NULL,N/A
CHSCN,$26.5001,1440512449340,"1,291",Not yet rated,NULL,N/A
CHSCM,$25.55,1440512449391,"3,931",Not yet rated,NULL,N/A
CHSCP,$30.22,1440512449417,"1,854",Not yet rated,NULL,N/A
CHSCO,$27.9101,1440512449438,"2,500",Not yet rated,NULL,N/A
CHUY,$31.22,1440512449580,"31,099",50% bullish,of 2 ratings,$34
CDTX,$14,1440512449610,"1,604",Not yet rated,NULL,$22
CHDN,$131.92,1440512449714,"3,124",Not yet rated,NULL,$165
CIFC,$6.86,1440512449740,100,100% bearish,of 1 rating,N/A
CMCT,$15.05,1440512449771,605,100% bearish,of 1 rating,N/A
CMPR,$68.37,1440512449869,"40,125",50% bullish,of 2 ratings,$72.50
CINF,$52.135,1440512449974,"133,182",50% bullish,of 4 ratings,$50.50
CPHR,$5.94,1440512450107,950,100% bearish,of 1 rating,$17
CRUS,$27.7095,1440512450135,"226,572",75% bullish,of 12 ratings,$44.50
CIDM,$0.625,1440512450170,"5,386",50% bullish,of 2 ratings,$2.10
CTAS,$82.79,1440512450201,"54,149",100% bearish,of 1 rating,$91
CTRN,$27.09,1440512450267,"19,593",100% bearish,of 1 rating,$31.50
CSCO,$25.6801,1440512450298,"4,513,672",84% bullish,of 208 ratings,$32
CZNC,$19.9,1440512450327,495,Not yet rated,NULL,N/A
CZFC,NULL,1440512450396,0,Not yet rated,NULL,N/A
CZWI,$8.89,1440512450608,301,Not yet rated,NULL,N/A
CIZN,$19.9499,1440512450682,600,Not yet rated,NULL,N/A
CHCO,$45.97,1440512450818,"8,576",Not yet rated,NULL,$46
CTXS,$68.88,1440512450839,"318,174",86% bullish,of 7 ratings,$80
CIVBP,NULL,1440512450869,0,Not yet rated,NULL,N/A
CIVB,$10.2599,1440512450918,495,Not yet rated,NULL,$11
CDTI,$1.54,1440512451002,"37,529",75% bullish,of 4 ratings,$3.20
CLNE,$4.1563,1440512451060,"245,448",80% bullish,of 15 ratings,$9
CLFD,$16.93,1440512451081,"1,941",67% bullish,of 3 ratings,$18
CLRO,$11.26,1440512451131,901,50% bullish,of 2 ratings,$14.25
CLNT,$1.4,1440512451212,"23,512",75% bullish,of 8 ratings,N/A
CSBK,$13.64,1440512451289,"16,509",Not yet rated,NULL,N/A
CLIR,$4.84,1440512451343,"3,900",100% bullish,of 3 ratings,N/A
CBLI,$3.6999,1440512451426,"7,118",60% bullish,of 5 ratings,N/A
CLVS,$68.465,1440512451453,"135,562",60% bullish,of 5 ratings,$101.50
CMFN,$11.7,1440512451676,"1,998",100% bearish,of 1 rating,$15.50
CCNE,$16.6,1440512451712,"1,700",50% bullish,of 2 ratings,$21.50
CME,$90.755,1440512451740,"263,380",67% bullish,of 3 ratings,$102
CISG,$7.5,1440512451810,"34,639",100% bullish,of 5 ratings,$10
COKE,$158.871,1440512451841,"2,404",79% bullish,of 19 ratings,N/A
CNV,$4.6,1440512451868,942,50% bullish,of 2 ratings,$7.15
CWAY,$11.4,1440512451908,600,Not yet rated,NULL,N/A
CDRB,$10.64,1440512451937,732,67% bullish,of 3 ratings,N/A
COBZ,$12.48,1440512452090,"4,126",100% bullish,of 1 rating,$14
CDXS,$3.676,1440512452123,"11,702",64% bullish,of 11 ratings,$6
CVLY,$20.55,1440512452316,"2,202",Not yet rated,NULL,N/A
CCOI,$27.8,1440512452364,"24,198",50% bullish,of 4 ratings,$35
JVA,$4.42,1440512452390,"6,203",83% bullish,of 6 ratings,$7
CGNT,$1.54,1440512452459,"12,510",100% bullish,of 2 ratings,$2
CTSH,$61.52,1440512452525,"746,034",90% bullish,of 10 ratings,$75
CGNX,$34.84,1440512452591,"74,251",50% bullish,of 2 ratings,$47
COHR,$55.52,1440512452627,"12,479",50% bullish,of 2 ratings,$72
COHU,$9.47,1440512452759,"7,746",100% bearish,of 1 rating,$14.25
CLRX,$0.58,1440512452785,"15,723",50% bullish,of 2 ratings,N/A
CHRS,$27.96,1440512452820,"20,965",67% bearish,of 3 ratings,$37
COLL,$14.355,1440512452847,"2,455",100% bearish,of 1 rating,$26
CLCT,$18.52,1440512452920,"3,428",100% bearish,of 1 rating,N/A
CBAN,$8.82,1440512452991,700,Not yet rated,NULL,N/A
CIGI,$42.73,1440512453126,"1,414",100% bearish,of 1 rating,$52
CLCD,$6.63,1440512453152,"6,628",100% bearish,of 1 rating,$20.50
COLB,$29.53,1440512453224,"10,007",Not yet rated,NULL,$36
COLM,$59.66,1440512453311,"13,814",100% bearish,of 1 rating,$71
CMCO,$18.4,1440512453396,"3,518",60% bullish,of 5 ratings,$28
CMCSA,$55.29,1440512453422,"1,991,644",66% bullish,of 35 ratings,$69.50
CBSHP,$25.14,1440512453548,385,100% bearish,of 1 rating,N/A
CBSH,$43.92,1440512453576,"72,527",50% bullish,of 2 ratings,$46
CBMX,$1.2,1440512453597,"27,000",83% bullish,of 6 ratings,$3.15
CMCSK,$55.95,1440512453644,"562,738",Not yet rated,NULL,$84
CVGI,$4.53,1440512453785,"12,628",50% bullish,of 2 ratings,$6
CSAL,$20.09,1440512453811,"83,380",75% bullish,of 4 ratings,$30
CUBN,NULL,1440512453839,0,Not yet rated,NULL,N/A
COMM,$28.08,1440512453887,"54,006",67% bearish,of 3 ratings,$35
JCS,$9,1440512454069,"2,400",67% bullish,of 3 ratings,N/A
ESXB,$5.1,1440512454095,"69,100",Not yet rated,NULL,N/A
CWBC,NULL,1440512454236,0,Not yet rated,NULL,N/A
CYHHZ,$0.01,1440512454264,"61,161",100% bullish,of 1 rating,N/A
CTBI,$34.33,1440512454293,"8,956",Not yet rated,NULL,$36
COB,$10.42,1440512454396,"1,781",100% bullish,of 1 rating,$11.75
CVLT,$35.41,1440512454464,"43,215",75% bullish,of 4 ratings,$44.50
CSA,$32.64,1440512454491,400,Not yet rated,NULL,N/A
CIZ,$33.41,1440512454522,494,100% bearish,of 1 rating,N/A
CID,NULL,1440512454622,0,Not yet rated,NULL,N/A
CDC,$34.41,1440512454654,"6,224",Not yet rated,NULL,N/A
CIL,NULL,1440512454678,0,Not yet rated,NULL,N/A
CSF,$35.93,1440512454723,530,100% bearish,of 1 rating,N/A
CFO,$34.87,1440512454861,"24,008",100% bearish,of 1 rating,N/A
CFA,NULL,1440512454989,0,100% bearish,of 1 rating,N/A
CSB,$32.96,1440512455095,200,Not yet rated,NULL,N/A
CDL,NULL,1440512455122,0,Not yet rated,NULL,N/A
CGEN,$4.9,1440512455148,"37,298",50% bullish,of 2 ratings,$11
CTG,$6.5,1440512455194,"1,649",100% bearish,of 1 rating,$8.50
SCOR,$54.62,1440512455274,"36,666",100% bearish,of 1 rating,$66
CPSI,$45.28,1440512455303,"13,722",100% bearish,of 1 rating,$45.50
CHCI,$0.56,1440512455414,480,50% bullish,of 2 ratings,N/A
CNSI,$18.38,1440512455484,"11,798",100% bearish,of 2 ratings,$29
CNAT,$3.75,1440512455513,"12,109",83% bullish,of 6 ratings,$13
CMTL,$26.1816,1440512455555,"3,976",100% bearish,of 2 ratings,$37
CXRX,$70.93,1440512455650,100,100% bearish,of 1 rating,$90
CCUR,$5.11,1440512455807,"6,100",75% bullish,of 4 ratings,N/A
CNCE,$15.31,1440512455833,"34,337",75% bullish,of 4 ratings,$22
CDOR,NULL,1440512455854,0,100% bullish,of 1 rating,N/A
CFMS,$20.08,1440512455999,"19,691",Not yet rated,NULL,$27
CDORP,NULL,1440512456027,0,100% bearish,of 1 rating,N/A
CDORO,$16.6,1440512456048,150,100% bearish,of 1 rating,N/A
CNOB,$18.94,1440512456295,"10,344",100% bullish,of 1 rating,$23.50
CNFR,$10.251,1440512456323,"1,300",Not yet rated,NULL,N/A
CTWS,$34.67,1440512456360,"1,574",100% bearish,of 1 rating,$44
CNMD,$52.9,1440512456381,"7,666",Not yet rated,NULL,$59
CNSL,$19.34,1440512456455,"38,170",100% bearish,of 1 rating,$23
CNXR,$6.7,1440512456482,"5,826",100% bearish,of 1 rating,$12
CONN,$30.205,1440512456507,"49,137",67% bullish,of 3 ratings,$48.50
CTCT,$23.92,1440512456711,"60,497",67% bullish,of 3 ratings,$37
CWCO,$10.29,1440512456767,"9,529",67% bullish,of 3 ratings,$14.50
CPSS,$5.62,1440512456798,"8,313",100% bullish,of 1 rating,$10
CFRXW,$2,1440512456841,"3,491",100% bearish,of 1 rating,N/A
CFRX,$4.9765,1440512456896,"3,052",Not yet rated,NULL,$14
CFRXZ,$0.46,1440512456928,550,Not yet rated,NULL,N/A
CTRV,$3.9,1440512457031,"3,335",Not yet rated,NULL,$6.40
CTRL,$7.85,1440512457106,"9,772",50% bullish,of 2 ratings,$11
CPRT,$34,1440512457178,"53,247",67% bearish,of 3 ratings,$40
CRBP,$1.884,1440512457210,"99,026",100% bullish,of 2 ratings,$6.25
CORT,$4.56,1440512457309,"86,295",67% bullish,of 3 ratings,$12
CORE,$60.26,1440512457344,"7,620",100% bearish,of 1 rating,$72
BVA,NULL,1440512457439,0,50% bullish,of 2 ratings,N/A
CORI,$9.89,1440512457465,"6,767",100% bearish,of 1 rating,$18
CRVL,$31.24,1440512457662,"20,198",100% bearish,of 1 rating,N/A
COSI,$1.07,1440512457692,"55,848",100% bullish,of 1 rating,N/A
CSOD,$35.58,1440512457722,"79,074",50% bullish,of 2 ratings,$42
COST,$137.57,1440512457783,"825,371",79% bullish,of 24 ratings,$154.50
CSGP,$174.273,1440512457810,"14,806",50% bullish,of 2 ratings,$235
CPAH,NULL,1440512457856,0,50% bullish,of 2 ratings,N/A
ICBK,$18,1440512457888,200,Not yet rated,NULL,$21
CVTI,$21.85,1440512457909,"10,114",67% bearish,of 3 ratings,$39
COWN,$5.03,1440512458158,"122,968",75% bullish,of 4 ratings,$7
COVS,$2.52,1440512458187,"7,906",67% bullish,of 3 ratings,N/A
COWNL,$26.7976,1440512458260,980,Not yet rated,NULL,N/A
CPSH,$2.0501,1440512458317,"5,800",Not yet rated,NULL,N/A
BREW,$7.2385,1440512458344,"22,238",67% bullish,of 6 ratings,$15
CBRL,$138.37,1440512458411,"96,604",50% bullish,of 2 ratings,$155
CRAY,$20.19,1440512458472,"49,303",83% bullish,of 6 ratings,$38.50
CRAI,$21.76,1440512458498,"2,024",100% bearish,of 1 rating,$36
SLVO,$10.043,1440512458667,902,100% bearish,of 1 rating,N/A
CREE,$26.43,1440512458697,"162,085",65% bullish,of 17 ratings,$29.50
CRESY,$9.7301,1440512458718,"12,848",100% bearish,of 1 rating,$19
GLDI,$11.0205,1440512458797,"2,289",100% bearish,of 1 rating,N/A
CROX,$13.73,1440512458866,"52,848",63% bullish,of 8 ratings,$16.50
CRTO,$42.87,1440512458892,"65,717",67% bullish,of 6 ratings,$64
CACC,$193.68,1440512459118,"15,911",50% bullish,of 2 ratings,$158.50
CRDS,NULL,1440512459150,0,50% bullish,of 4 ratings,$4.50
CCRN,$13.59,1440512459172,"31,334",100% bearish,of 1 rating,$14.25
CRWN,$4.5,1440512459258,"14,568",75% bullish,of 4 ratings,N/A
CRWS,$7.986,1440512459303,"5,710",Not yet rated,NULL,$10
CYRXW,$0.9001,1440512459360,500,Not yet rated,NULL,N/A
CYRX,$3.02,1440512459385,"9,424",Not yet rated,NULL,$9
CSPI,$5.87,1440512459548,317,67% bullish,of 3 ratings,N/A
CCLP,$14.02,1440512459624,"13,397",67% bearish,of 3 ratings,$20
CSGS,$30.495,1440512459652,"15,943",Not yet rated,NULL,$40
CTIC,$1.67,1440512459684,"286,237",84% bullish,of 76 ratings,$5.75
CTCM,$1.7,1440512459792,"21,447",80% bearish,of 5 ratings,$3.90
CTRP,$63.38,1440512459825,"544,075",75% bullish,of 8 ratings,$92
CTIB,$3.55,1440512459890,400,100% bearish,of 1 rating,N/A
CUNB,$20.945,1440512459917,"1,012",Not yet rated,NULL,$24.50
CPIX,$5.85,1440512460097,800,Not yet rated,NULL,N/A
CUI,$5.005,1440512460126,"19,167",50% bullish,of 2 ratings,$10
CMLS,$1.28,1440512460155,"67,905",50% bullish,of 4 ratings,$6
CRIS,$2.41,1440512460259,"46,264",100% bullish,of 8 ratings,$6
CUTR,$13.7,1440512460325,"3,927",67% bearish,of 3 ratings,$18
CVV,$11.03,1440512460406,"1,704",100% bullish,of 5 ratings,N/A
CVBF,$15.75,1440512460435,"36,943",Not yet rated,NULL,$18
CYAN,NULL,1440512460536,0,100% bearish,of 1 rating,N/A
CYBR,$49.86,1440512460596,"400,967",86% bullish,of 7 ratings,$66
CYBX,$64.429,1440512460625,"25,847",50% bullish,of 4 ratings,$71.50
CYCC,$0.5646,1440512460664,"8,111",73% bullish,of 11 ratings,N/A
CYBE,$5.79,1440512460755,606,100% bearish,of 1 rating,N/A
CYCCP,NULL,1440512460794,0,100% bearish,of 1 rating,N/A
CBAY,$2.6,1440512460862,"14,944",100% bullish,of 1 rating,$4
CYNA,$16.22,1440512460892,"7,072",100% bullish,of 1 rating,$31.50
CYNO,$30.8,1440512460992,"21,475",67% bearish,of 3 ratings,$45.50
CY,$9.29,1440512461051,"746,547",80% bullish,of 10 ratings,$15.50
CONE,$32.14,1440512461209,"89,192",67% bearish,of 3 ratings,$35
CYRN,$1.6,1440512461236,"3,346",67% bullish,of 3 ratings,$4
CYTK,$6.65,1440512461262,"33,136",71% bullish,of 14 ratings,$13.50
CYTX,$0.3586,1440512461294,"294,386",83% bullish,of 12 ratings,$5.50
CYTR,$1.99,1440512461373,"205,240",67% bullish,of 6 ratings,$10
CTSO,$6.8,1440512461421,"12,056",Not yet rated,NULL,$15.625
ZIV,$42.71,1440512461578,"22,782",Not yet rated,NULL,N/A
TVIZ,$16.96,1440512461605,"2,959",100% bearish,of 1 rating,N/A
DAEG,$0.3398,1440512461636,"3,541",100% bearish,of 1 rating,N/A
XIV,$29.9299,1440512461667,"7,377,519",75% bearish,of 4 ratings,N/A
TVIX,$10.587,1440512461736,"4,421,869",81% bullish,of 16 ratings,N/A
DJCO,NULL,1440512461768,0,Not yet rated,NULL,N/A
DARA,$0.879,1440512462050,"13,727",83% bullish,of 6 ratings,$1.50
DAKT,$9.9,1440512462107,"145,015",50% bullish,of 2 ratings,$14
DAIO,$2.57,1440512462132,"5,324",Not yet rated,NULL,N/A
DTLK,$5.385,1440512462166,"4,331",100% bearish,of 1 rating,$9
DWCH,$4.83,1440512462265,"1,828",75% bullish,of 4 ratings,$8.25
DTEA,$13.45,1440512462295,"26,596",100% bearish,of 2 ratings,$24
DRAM,$1.323,1440512462321,100,78% bullish,of 9 ratings,N/A
PLAY,$32.945,1440512462405,"18,445",100% bullish,of 5 ratings,$42
DWSN,$4.15,1440512462649,450,67% bullish,of 3 ratings,$6
TRAK,$62.89,1440512462703,"108,521",50% bullish,of 2 ratings,$62.50
DFRG,$14.19,1440512462735,"18,538",100% bearish,of 1 rating,$20
DBVT,$38.41,1440512462792,"15,352",100% bearish,of 1 rating,$53
TACO,$12.79,1440512462822,"11,662",75% bullish,of 4 ratings,$20
TACOW,$4.08,1440512462927,825,100% bullish,of 1 rating,N/A
DCTH,$0.4502,1440512462952,"7,716",78% bullish,of 9 ratings,N/A
DHRM,$1.6244,1440512463170,"3,759",Not yet rated,NULL,N/A
DGAS,$20.125,1440512463197,"1,526",67% bearish,of 3 ratings,N/A
DELT,NULL,1440512463223,0,Not yet rated,NULL,N/A
DENN,$11.38,1440512463253,"42,436",100% bullish,of 3 ratings,$15
DEPO,$27.96,1440512463415,"104,089",60% bullish,of 5 ratings,$29
DELTW,NULL,1440512463442,0,Not yet rated,NULL,N/A
DSCI,$5.98,1440512463478,"3,542",50% bullish,of 2 ratings,$16
DEST,$11.1,1440512463653,"4,501",50% bullish,of 2 ratings,N/A
DERM,$23.86,1440512463688,"18,858",100% bearish,of 1 rating,$33.50
DSWL,NULL,1440512463719,0,100% bullish,of 1 rating,N/A
XRAY,$52.14,1440512463785,"70,909",100% bullish,of 1 rating,$58
DXLG,$4.44,1440512463813,"7,967",100% bearish,of 1 rating,$8
DXM,$0.3001,1440512463841,"6,630",50% bullish,of 2 ratings,N/A
DXCM,$89.725,1440512464012,"186,603",57% bullish,of 7 ratings,$98
DHXM,NULL,1440512464075,0,Not yet rated,NULL,N/A
FANG,$62.49,1440512464207,"131,124",50% bullish,of 2 ratings,$86.50
DMND,$29.04,1440512464259,"16,232",75% bullish,of 12 ratings,$32
DCIX,$1.66,1440512464289,"7,464",50% bullish,of 4 ratings,$3.50
DHIL,$192.85,1440512464350,300,Not yet rated,NULL,N/A
DGII,$9.68,1440512464389,"4,050",100% bearish,of 1 rating,$10
DRNA,$10.49,1440512464415,"15,992",67% bearish,of 3 ratings,$25
DMRC,$35.67,1440512464547,"7,843",100% bearish,of 1 rating,$44
DRAD,$3.75,1440512464617,"5,567",100% bullish,of 1 rating,$5.25
DGLY,$6.6999,1440512464680,"52,735",50% bullish,of 6 ratings,$20
APPS,$2.29,1440512464732,"9,501",100% bearish,of 1 rating,$10.25
DCOM,$16.31,1440512464758,"10,036",100% bearish,of 2 ratings,$16.50
DIOD,$19.17,1440512464891,"31,689",75% bearish,of 4 ratings,$24
DPRX,$12.97,1440512464919,"6,504",100% bullish,of 2 ratings,$27.75
DISCA,$26.18,1440512464953,"385,493",67% bullish,of 3 ratings,$34
DISCB,$26,1440512465120,200,100% bearish,of 1 rating,$35
DISCK,$24.75,1440512465150,"312,020",100% bearish,of 1 rating,$32
DSCO,$0.3906,1440512465287,"116,623",83% bullish,of 6 ratings,$2.75
DISH,$59.61,1440512465384,"128,398",69% bullish,of 13 ratings,$73
DVCR,$11.065,1440512465412,200,100% bullish,of 1 rating,N/A
BAGR,$2.85,1440512465434,"11,368",100% bearish,of 1 rating,$6
DLHC,$2.3001,1440512465466,"1,015",100% bearish,of 1 rating,N/A
DLTR,$75.02,1440512465599,"277,781",82% bullish,of 11 ratings,$88
DNBF,$26.44,1440512465628,300,Not yet rated,NULL,$27.50
DGICA,$14.54,1440512465654,719,100% bearish,of 1 rating,$17
DGICB,NULL,1440512465794,0,100% bearish,of 1 rating,N/A
DORM,$49.94,1440512465836,"42,641",100% bearish,of 1 rating,$56
DMLP,$13.45,1440512465904,"9,203",100% bearish,of 1 rating,N/A
DRWI,$0.2415,1440512465983,"17,600",60% bullish,of 5 ratings,$.45
HILL,$9.675,1440512466037,"383,876",60% bearish,of 5 ratings,$9.75
DRWIW,$0.06,1440512466194,7,Not yet rated,NULL,N/A
DWA,$19.3,1440512466253,"193,855",63% bullish,of 8 ratings,$26
DRYS,$0.3411,1440512466281,"508,437",77% bullish,of 31 ratings,$.60
DSKX,$2.9399,1440512466325,"50,372",100% bullish,of 1 rating,N/A
DSPG,$8.21,1440512466352,"6,644",100% bearish,of 1 rating,$13.50
CADTR,NULL,1440512466380,0,Not yet rated,NULL,N/A
DNKN,$50.43,1440512466619,"149,785",67% bullish,of 15 ratings,$56.50
CADTU,NULL,1440512466656,0,Not yet rated,NULL,N/A
CADT,NULL,1440512466758,0,Not yet rated,NULL,N/A
DTSI,$24.98,1440512466784,"20,504",100% bearish,of 2 ratings,$39.50
CADTW,NULL,1440512466805,0,Not yet rated,NULL,N/A
DRRX,$1.95,1440512466945,"17,995",50% bullish,of 6 ratings,$3
BOOM,$9.63,1440512467046,"15,972",67% bullish,of 3 ratings,$12
DYAX,$21.49,1440512467076,"78,926",89% bullish,of 9 ratings,$30
DYSL,$1.48,1440512467101,"8,900",100% bullish,of 2 ratings,N/A
DXPE,$27.44,1440512467142,"33,606",50% bullish,of 2 ratings,N/A
DYNT,$2.85,1440512467209,"2,509",75% bullish,of 4 ratings,N/A
DVAX,$26.28,1440512467273,"84,632",70% bullish,of 10 ratings,$40
EBMT,$11.9,1440512467312,"4,474",Not yet rated,NULL,$13.50
ETFC,$25,1440512467401,"397,497",57% bullish,of 14 ratings,$33
EGBN,$41.64,1440512467564,"11,848",Not yet rated,NULL,$48
EGLE,$6.085,1440512467640,"2,711",60% bullish,of 5 ratings,N/A
EGRX,$67.35,1440512467741,"62,405",67% bullish,of 3 ratings,$97
ELNK,$8.05,1440512467805,"111,131",60% bullish,of 5 ratings,$9.50
EROC,$1.18,1440512467832,"53,314",50% bullish,of 2 ratings,$3
EACQU,$10.2,1440512467873,100,Not yet rated,NULL,N/A
EML,$16.29,1440512468008,400,Not yet rated,NULL,N/A
EBAY,$25.485,1440512468033,"1,796,962",81% bullish,of 117 ratings,$48
EWBC,$38.78,1440512468063,"206,111",100% bearish,of 1 rating,$50
ELON,$0.5357,1440512468197,"11,700",50% bullish,of 2 ratings,N/A
ECTE,$1.41,1440512468285,"1,584",75% bullish,of 4 ratings,N/A
EVBS,$6.4501,1440512468328,"5,603",Not yet rated,NULL,$7
ECHO,$23.61,1440512468368,"22,120",67% bearish,of 3 ratings,$35.50
EBIX,$26.57,1440512468424,"80,358",69% bullish,of 13 ratings,$40
EEI,$10.7901,1440512468598,"1,100",67% bearish,of 3 ratings,N/A
SATS,$42.775,1440512468671,"13,059",50% bullish,of 2 ratings,$60
EFUT,NULL,1440512468829,0,Not yet rated,NULL,N/A
ESES,NULL,1440512468854,0,100% bearish,of 1 rating,$7
ECACU,NULL,1440512468880,0,Not yet rated,NULL,N/A
EGAN,$3.35,1440512469017,"1,900",50% bullish,of 2 ratings,$6.25
EDGW,$6.79,1440512469070,"2,204",100% bearish,of 1 rating,N/A
EDUC,$4.8545,1440512469174,"3,406",100% bearish,of 1 rating,N/A
EDAP,$3.3399,1440512469331,"31,185",60% bullish,of 5 ratings,$4.50
EHTH,$13.34,1440512469361,"12,654",50% bullish,of 4 ratings,$16.50
EMITF,$1.236,1440512469383,"2,500",75% bullish,of 4 ratings,N/A
ESLT,$77.54,1440512469520,"4,808",67% bullish,of 3 ratings,N/A
LOCO,$12.371,1440512469556,"275,188",69% bullish,of 13 ratings,$20
EGLT,$10.25,1440512469665,"13,706",50% bullish,of 2 ratings,$21
ELRC,$10.25,1440512469810,"6,539",100% bearish,of 1 rating,N/A
ERI,$8.96,1440512469872,"12,818",100% bearish,of 1 rating,$10
EA,$64.82,1440512469897,"880,030",77% bullish,of 35 ratings,$80
ESIO,$4.385,1440512470025,"16,106",50% bullish,of 2 ratings,$10
EFII,$43.23,1440512470075,"34,560",80% bullish,of 5 ratings,$55
ELECU,NULL,1440512470125,0,Not yet rated,NULL,N/A
ELEC,NULL,1440512470157,0,Not yet rated,NULL,N/A
EBIO,$3.2501,1440512470184,"34,330",100% bearish,of 2 ratings,$8.35
ELSE,$3.8801,1440512470255,200,60% bullish,of 5 ratings,N/A
CAPX,NULL,1440512470456,0,Not yet rated,NULL,N/A
ELECW,NULL,1440512470545,0,Not yet rated,NULL,N/A
LONG,$16.76,1440512470643,"13,524",67% bullish,of 3 ratings,$15.75
ESBK,$19.83,1440512470680,200,Not yet rated,NULL,N/A
ELTK,$1.06,1440512470749,100,67% bearish,of 3 ratings,N/A
RDEN,$9.99,1440512470778,"8,045",100% bearish,of 4 ratings,$15
EMCF,NULL,1440512470855,0,100% bearish,of 1 rating,N/A
EMCI,$22.54,1440512470953,"1,791",Not yet rated,NULL,N/A
EMKR,$6.86,1440512470979,"14,020",75% bullish,of 4 ratings,$8.50
EMMS,$1.2153,1440512471107,"1,194",67% bullish,of 6 ratings,N/A
NYNY,$4.12,1440512471147,"8,430",50% bullish,of 2 ratings,N/A
ERS,$2.81,1440512471198,1,Not yet rated,NULL,N/A
EMMSP,NULL,1440512471398,0,100% bearish,of 1 rating,N/A
ENTA,$39.69,1440512471424,"23,516",50% bullish,of 2 ratings,$42
ECPG,$39.37,1440512471478,"13,292",100% bullish,of 2 ratings,$52
WIRE,$30.835,1440512471552,"13,735",100% bearish,of 1 rating,$37
ELGX,$12.51,1440512471828,"82,022",75% bullish,of 4 ratings,$17
ENDP,$76.51,1440512471853,"358,850",50% bullish,of 6 ratings,$104
EIGI,$14.99,1440512471885,"20,495",67% bearish,of 3 ratings,$22.50
WATT,$6.13,1440512471926,"62,849",50% bullish,of 2 ratings,$13
ERII,$2.87,1440512471988,"8,191",80% bullish,of 5 ratings,$2.50
EXXI,$1.33,1440512472058,"321,715",86% bullish,of 7 ratings,$3.50
ECYT,$5.07,1440512472159,"40,382",83% bullish,of 6 ratings,$12
EFOI,$16.5401,1440512472259,"149,767",50% bullish,of 2 ratings,$20.50
ENG,$0.9999,1440512472288,"5,189",100% bullish,of 3 ratings,N/A
ENOC,$8.4,1440512472344,"54,426",75% bullish,of 4 ratings,$18
ENPH,$4.72,1440512472390,"146,944",75% bullish,of 4 ratings,$11
ESGR,$148.486,1440512472603,"4,603",100% bearish,of 1 rating,$185
ENTL,$20.9808,1440512472665,"2,475",Not yet rated,NULL,$28
ENTG,$13.3,1440512472727,"75,529",100% bearish,of 1 rating,$18
ETRM,$0.2352,1440512472753,"307,195",69% bearish,of 35 ratings,$1.625
ENFC,$18.16,1440512472779,"1,200",Not yet rated,NULL,N/A
EGT,$2.05,1440512472814,624,100% bullish,of 1 rating,N/A
EBTC,$21.04,1440512472839,400,Not yet rated,NULL,N/A
EFSC,$24,1440512472907,"14,511",Not yet rated,NULL,$27
ENVI,$1.78,1440512473059,63,67% bullish,of 3 ratings,N/A
ENZY,$9.1699,1440512473164,"4,924",67% bullish,of 3 ratings,$9.50
ENZN,$0.9414,1440512473193,"185,068",100% bullish,of 9 ratings,N/A
EPIQ,$13.3813,1440512473256,"7,685",100% bearish,of 1 rating,$18
EPRS,$4.905,1440512473399,"13,116",82% bullish,of 11 ratings,$15
PLUS,$75.595,1440512473532,"5,925",50% bullish,of 2 ratings,$88
ERIC,$9.7399,1440512473678,"398,650",63% bullish,of 8 ratings,$12.20
EQIX,$260.74,1440512473704,"101,457",75% bullish,of 4 ratings,$312.50
EPZM,$17.7,1440512473730,"73,730",60% bullish,of 5 ratings,$34
EQFN,NULL,1440512473786,0,100% bearish,of 1 rating,N/A
ESCA,$17.58,1440512473862,"1,984",100% bearish,of 1 rating,$22
ERIE,$81.81,1440512473887,"11,868",Not yet rated,NULL,$73
EAC,$3.4,1440512473915,"5,378",100% bearish,of 1 rating,$8
ESCR,$0.18,1440512473946,"28,473",50% bullish,of 2 ratings,N/A
ESPR,$53.38,1440512474322,"133,441",70% bearish,of 10 ratings,$123
ESCRP,NULL,1440512474348,0,100% bearish,of 1 rating,N/A
ESSA,$12.62,1440512474479,"1,550",100% bearish,of 1 rating,N/A
EPIX,NULL,1440512474521,0,Not yet rated,NULL,N/A
ESMC,NULL,1440512474545,0,Not yet rated,NULL,N/A
ESSX,$0.428,1440512474623,"15,427",50% bullish,of 2 ratings,N/A
ESEA,$5.59,1440512474755,100,100% bullish,of 1 rating,$15
EEFT,$63.81,1440512474785,"29,702",100% bearish,of 1 rating,$67.50
ESND,$34.22,1440512474815,"9,870",100% bearish,of 2 ratings,$40
ETSY,$13.3202,1440512474886,"118,378",80% bullish,of 5 ratings,$16
CLWT,$2.5,1440512474910,306,100% bearish,of 1 rating,N/A
EVLV,$2.12,1440512475086,"23,851",60% bullish,of 5 ratings,$6.50
EVK,NULL,1440512475107,0,75% bearish,of 4 ratings,N/A
EVEP,$7.145,1440512475137,"98,531",50% bullish,of 2 ratings,$15
EVOL,$6,1440512475190,"4,156",75% bullish,of 4 ratings,$10
EVOK,$3.85,1440512475218,"18,084",100% bearish,of 1 rating,$13.375
EXAS,$20.27,1440512475485,"249,445",78% bullish,of 9 ratings,$31
EXA,$10.76,1440512475583,"2,800",100% bearish,of 1 rating,$13
EXEL,$5.275,1440512475615,"1,319,684",81% bullish,of 16 ratings,$6
EXAC,$17.91,1440512475637,"4,236",100% bearish,of 1 rating,$22.50
EXFO,$2.55,1440512475718,"2,852",67% bearish,of 3 ratings,$3.95
EXPO,$41.33,1440512475777,"5,474",100% bearish,of 1 rating,$45.50
EXLS,$36.14,1440512475806,"28,626",50% bullish,of 2 ratings,$41
ESRX,$83.98,1440512475830,"641,622",67% bearish,of 6 ratings,$101
EXLP,$18.04,1440512475878,"41,951",100% bearish,of 1 rating,$25
EXPD,$47.915,1440512476014,"244,287",80% bullish,of 5 ratings,$51.50
EYEGW,NULL,1440512476143,0,Not yet rated,NULL,N/A
EXPE,$112.1372,1440512476172,"167,328",64% bullish,of 11 ratings,$130
EYEG,NULL,1440512476200,0,Not yet rated,NULL,N/A
EXTR,$2.755,1440512476238,"87,077",80% bullish,of 5 ratings,$3
EZCH,$21.27,1440512476273,"11,455",75% bullish,of 8 ratings,$19.50
EZPW,$5.95,1440512476412,"40,388",50% bullish,of 4 ratings,$7.50
FRP,$16.31,1440512476594,"3,171",100% bearish,of 1 rating,$18
FCS,$13.08,1440512476621,"105,501",67% bearish,of 3 ratings,$17
FWM,$2.27,1440512476686,"23,987",100% bearish,of 2 ratings,$3.20
FFIV,$119.59,1440512476712,"109,888",63% bullish,of 8 ratings,$132
FB,$85.7601,1440512476734,"9,425,354",73% bullish,of 1066 ratings,$111
DAVE,$14.13,1440512476876,"2,007",100% bearish,of 1 rating,$15.50
FALC,$1.5421,1440512476946,"2,800",63% bearish,of 8 ratings,N/A
FARM,$21.72,1440512476972,"4,131",100% bearish,of 1 rating,$35
FFKT,$26.07,1440512477005,"1,520",Not yet rated,NULL,$29
FARO,$37.42,1440512477099,"23,069",50% bullish,of 2 ratings,$48
FAST,$37.41,1440512477136,"587,900",80% bullish,of 5 ratings,$45.50
FMNB,$8,1440512477171,800,Not yet rated,NULL,N/A
FATE,$6.0301,1440512477305,"6,032",50% bullish,of 2 ratings,$11
FBSS,$15.92,1440512477437,"1,615",Not yet rated,NULL,N/A
FBRC,$21.75,1440512477510,"4,309",100% bearish,of 1 rating,$29
FDML,$8.63,1440512477539,"35,544",50% bullish,of 4 ratings,$14
FHCO,$1.4,1440512477576,"17,231",50% bullish,of 4 ratings,N/A
FEIC,$74.5,1440512477646,"27,111",50% bullish,of 2 ratings,$95.50
FNHC,$21.786,1440512477675,"6,988",100% bearish,of 1 rating,$35
FCSC,$5.5,1440512477804,"77,728",100% bearish,of 1 rating,$8.125
FENX,$9.65,1440512477887,"9,505",100% bullish,of 1 rating,$14.25
FDUS,$13.89,1440512477937,"11,674",50% bullish,of 2 ratings,$18
LION,$18.685,1440512478066,"11,695",100% bullish,of 1 rating,$20
ONEQ,$183.25,1440512478095,"25,034",100% bullish,of 1 rating,N/A
FGEN,$22.75,1440512478117,"41,224",100% bearish,of 1 rating,$39
FRGI,$51.5,1440512478246,"15,646",50% bullish,of 2 ratings,$70
FSC,$6.21,1440512478331,"356,947",75% bullish,of 4 ratings,$8
FSAM,$8.54,1440512478387,"1,516",100% bearish,of 1 rating,$11
FSFR,$8.7601,1440512478468,"33,202",100% bearish,of 1 rating,$11.50
FSCFL,$24.85,1440512478554,371,Not yet rated,NULL,N/A
FISI,$24.47,1440512478653,"10,733",100% bullish,of 2 ratings,$24.50
FNGN,$31.6899,1440512478679,"53,639",67% bullish,of 3 ratings,$47
FITBI,$26.81,1440512478710,"4,988",Not yet rated,NULL,N/A
FITB,$19.14,1440512478737,"990,109",54% bullish,of 13 ratings,$22
FNJN,$1.5987,1440512478814,"4,733",100% bearish,of 1 rating,$5
FNTC,NULL,1440512478983,0,Not yet rated,NULL,N/A
FNSR,$15.13,1440512479046,"74,367",71% bullish,of 7 ratings,$24.50
FNTCU,$10.42,1440512479112,186,Not yet rated,NULL,N/A
FEYE,$37.9199,1440512479139,"894,216",87% bullish,of 15 ratings,$55.50
FNLC,$18.366,1440512479267,"4,908",100% bullish,of 1 rating,N/A
FNTCW,NULL,1440512479413,0,Not yet rated,NULL,N/A
BUSE,$6.2894,1440512479450,"131,248",Not yet rated,NULL,$6.875
FBNC,$16.87,1440512479477,"2,628",100% bullish,of 1 rating,$20
FBIZ,$43.95,1440512479514,719,100% bearish,of 2 ratings,$52
FCAP,$27.32,1440512479545,350,Not yet rated,NULL,N/A
FCVA,NULL,1440512479648,0,Not yet rated,NULL,N/A
FRBA,$5.97,1440512479727,302,Not yet rated,NULL,$8
FCFS,$38.53,1440512479776,"24,369",100% bearish,of 3 ratings,$48
FCNCA,$232,1440512479917,325,Not yet rated,NULL,N/A
FCLF,$9.08,1440512479973,100,Not yet rated,NULL,N/A
FCCO,$11.73,1440512479998,100,Not yet rated,NULL,$13.25
FCBC,$17.18,1440512480024,"1,154",Not yet rated,NULL,$18
FCFP,$6.9,1440512480187,200,Not yet rated,NULL,N/A
FBNK,$16.48,1440512480263,"1,986",100% bearish,of 1 rating,$17.50
FDEF,$37.14,1440512480289,"4,711",Not yet rated,NULL,$38
FFNM,$6.38,1440512480319,100,Not yet rated,NULL,N/A
FFBCW,NULL,1440512480447,0,100% bearish,of 1 rating,N/A
FFIN,$29.855,1440512480478,"24,938",50% bullish,of 2 ratings,$31.75
FFNW,$12.12,1440512480499,"7,840",Not yet rated,NULL,$14
FFBC,$18.19,1440512480521,"18,488",67% bearish,of 3 ratings,$20.25
THFF,$32.96,1440512480579,"1,057",Not yet rated,NULL,$35
FFWM,$20.96,1440512480806,600,Not yet rated,NULL,$24
FIBK,$26.02,1440512480844,"11,824",Not yet rated,NULL,$32
INBK,$30.4595,1440512480869,"5,904",50% bullish,of 2 ratings,$37
FMBH,NULL,1440512481066,0,Not yet rated,NULL,N/A
FMBI,$17.15,1440512481134,"38,682",Not yet rated,NULL,$20
FRME,$25.05,1440512481161,"6,406",Not yet rated,NULL,$26.50
FNWB,$11.86,1440512481235,700,Not yet rated,NULL,N/A
FSFG,$29.8,1440512481295,300,Not yet rated,NULL,N/A
FNBC,$33.5,1440512481323,"14,175",Not yet rated,NULL,$41.50
FSGI,$2.45,1440512481402,"2,286",Not yet rated,NULL,N/A
FSBK,$7.59,1440512481533,"1,500",100% bullish,of 1 rating,N/A
FSLR,$45.31,1440512481563,"293,101",74% bullish,of 39 ratings,$65
FNFG,$8.89,1440512481634,"468,056",80% bullish,of 5 ratings,$9
FBZ,$10.06,1440512481661,240,Not yet rated,NULL,N/A
FCAN,$23.4,1440512481832,"5,001",Not yet rated,NULL,N/A
BICK,$19.7199,1440512481857,320,100% bullish,of 1 rating,N/A
FTCS,$35.95,1440512481996,"15,995",100% bearish,of 1 rating,N/A
FCA,$19.14,1440512482081,25,Not yet rated,NULL,N/A
FV,$22.7738,1440512482127,"662,025",100% bearish,of 1 rating,N/A
IFV,$17.7195,1440512482152,"335,925",100% bearish,of 1 rating,N/A
FEMB,NULL,1440512482179,0,Not yet rated,NULL,N/A
FEUZ,NULL,1440512482230,0,Not yet rated,NULL,N/A
FTSM,$59.89,1440512482314,"4,093",100% bearish,of 1 rating,N/A
TDIV,$24.11,1440512482363,"11,760",100% bearish,of 1 rating,N/A
FGM,$35.86,1440512482492,"6,204",Not yet rated,NULL,N/A
FTHI,NULL,1440512482519,0,Not yet rated,NULL,N/A
MDIV,$18.915,1440512482549,"35,475",Not yet rated,NULL,N/A
FTGC,$21.91,1440512482651,"14,574",Not yet rated,NULL,N/A
FHK,$32.48,1440512482709,"10,628",Not yet rated,NULL,N/A
HYLS,$48.9752,1440512482791,"7,013",100% bearish,of 1 rating,N/A
FPXI,$26.89,1440512482889,"1,000",Not yet rated,NULL,N/A
CU,$12.4,1440512482961,"4,421",100% bearish,of 1 rating,N/A
SKYY,$28.16,1440512482989,"9,650",100% bullish,of 1 rating,N/A
YDIV,$16.42,1440512483045,100,Not yet rated,NULL,N/A
FTLB,$19.05,1440512483182,300,100% bearish,of 1 rating,N/A
FJP,$45.95,1440512483209,"4,561",Not yet rated,NULL,N/A
PLTM,$6.31,1440512483286,"2,909",100% bearish,of 1 rating,N/A
QABA,$36.65,1440512483447,"5,393",100% bearish,of 1 rating,N/A
LMBS,$50.05,1440512483477,"1,318",Not yet rated,NULL,N/A
FMB,NULL,1440512483498,0,Not yet rated,NULL,N/A
CIBR,$17.87,1440512483576,"15,593",Not yet rated,NULL,N/A
FONE,NULL,1440512483726,0,Not yet rated,NULL,N/A
QCLN,$14.45,1440512483782,"8,939",Not yet rated,NULL,N/A
CARZ,$34.2681,1440512483811,"2,340",100% bearish,of 1 rating,N/A
GRID,NULL,1440512483841,0,100% bearish,of 1 rating,N/A
QQEW,$40.686,1440512483867,"42,611",Not yet rated,NULL,N/A
RDVY,$20.65,1440512483937,871,Not yet rated,NULL,N/A
QTEC,$38.792,1440512484091,"13,980",Not yet rated,NULL,N/A
QQXT,$39.2901,1440512484117,"1,126",Not yet rated,NULL,N/A
AIRR,$15.79,1440512484252,"3,963",100% bearish,of 1 rating,N/A
FTSL,$48.5435,1440512484355,"4,515",100% bearish,of 1 rating,N/A
QINC,NULL,1440512484387,0,Not yet rated,NULL,N/A
FKO,$22.35,1440512484442,530,Not yet rated,NULL,N/A
FSZ,$39.37,1440512484484,"7,011",Not yet rated,NULL,N/A
FTW,$29.95,1440512484509,"1,800",Not yet rated,NULL,N/A
TUSA,NULL,1440512484543,0,Not yet rated,NULL,N/A
FDIV,NULL,1440512484637,0,100% bearish,of 1 rating,N/A
FKU,$41.6304,1440512484732,"10,286",Not yet rated,NULL,N/A
FUNC,$8.18,1440512484838,700,Not yet rated,NULL,N/A
SVVC,$9.41,1440512484864,"1,493",50% bullish,of 2 ratings,$26
FMER,$17.38,1440512484904,"260,289",50% bullish,of 2 ratings,$20
FISV,$82.69,1440512485001,"214,489",100% bearish,of 3 ratings,$90
FSV,$31.05,1440512485158,600,Not yet rated,NULL,$33.60
FLKS,$13.48,1440512485293,"7,796",50% bullish,of 2 ratings,$27
FPRX,$18.655,1440512485320,"65,319",50% bullish,of 2 ratings,$35
FIVN,$4.205,1440512485345,"26,802",100% bullish,of 1 rating,$8.50
FLXN,$23.25,1440512485373,"6,707",100% bearish,of 1 rating,$40
FLML,$20.6105,1440512485399,"15,811",50% bullish,of 2 ratings,$30
SKOR,NULL,1440512485531,0,Not yet rated,NULL,N/A
FIVE,$35.79,1440512485564,"53,670",75% bearish,of 4 ratings,$44
MBSD,NULL,1440512485668,0,Not yet rated,NULL,N/A
FLIR,$27.79,1440512485866,"121,628",100% bearish,of 1 rating,$38.50
FLXS,$30.32,1440512485895,"3,020",100% bearish,of 2 ratings,N/A
FLEX,$10.35,1440512485921,"506,967",63% bullish,of 8 ratings,$12
FOMX,$9.58,1440512485999,"14,600",50% bullish,of 2 ratings,$23.50
FOGO,$17.9152,1440512486080,"43,916",50% bullish,of 2 ratings,$25.50
FLDM,$12.3425,1440512486162,"27,354",67% bearish,of 3 ratings,$21.50
FES,$0.9039,1440512486220,405,50% bullish,of 2 ratings,$1
FFIC,$19.63,1440512486248,"4,424",Not yet rated,NULL,$21
FORTY,$31.46,1440512486310,150,100% bearish,of 1 rating,N/A
FORM,$6.04,1440512486342,"27,679",67% bullish,of 3 ratings,$10.50
FONR,$9.47,1440512486363,"2,950",100% bullish,of 1 rating,N/A
FORR,$31.94,1440512486417,"1,467",Not yet rated,NULL,N/A
FTNT,$42.1853,1440512486699,"189,709",80% bullish,of 10 ratings,$52
FWRD,$45.05,1440512486798,"19,723",100% bearish,of 1 rating,$50
FBIO,$2.405,1440512486927,"47,418",83% bullish,of 6 ratings,N/A
FWP,$25.37,1440512486958,"2,042",100% bearish,of 1 rating,$45
FMI,$20.31,1440512486979,"32,412",100% bearish,of 2 ratings,$27.50
FORD,$1.4101,1440512487008,"599,280",50% bullish,of 2 ratings,N/A
FOXF,$15.52,1440512487036,"4,874",100% bearish,of 1 rating,$19
FOSL,$59.56,1440512487062,"142,437",50% bullish,of 4 ratings,$80
FXCB,$16.95,1440512487237,"2,229",Not yet rated,NULL,$19
FREE,$0.3479,1440512487294,"99,165",92% bullish,of 12 ratings,N/A
FRED,$13.27,1440512487342,"11,186",50% bullish,of 2 ratings,$16.50
FRAN,$10.4,1440512487370,"94,782",50% bullish,of 4 ratings,$15
RAIL,$19.29,1440512487395,"21,746",100% bearish,of 1 rating,$24.50
FELE,$28.42,1440512487594,"19,875",50% bullish,of 4 ratings,$33
FEIM,$10.79,1440512487671,107,100% bearish,of 1 rating,N/A
FTR,$5.065,1440512487748,"2,324,176",78% bullish,of 27 ratings,$6.25
FRPT,$13.0918,1440512487774,"59,386",67% bearish,of 3 ratings,$23.50
FRPH,$30.8099,1440512487834,"1,433",100% bearish,of 1 rating,N/A
FTRPR,$100.797,1440512487906,"11,004",100% bearish,of 1 rating,N/A
FTD,$29.19,1440512488043,"11,914",100% bearish,of 1 rating,$40
FCEL,$0.7321,1440512488105,"564,361",88% bullish,of 40 ratings,$2.65
FULL,$3.07,1440512488141,"3,414",67% bearish,of 3 ratings,$4.25
FSBW,$22.78,1440512488208,130,Not yet rated,NULL,N/A
FULLL,$24.88,1440512488233,"3,300",Not yet rated,NULL,N/A
FSYS,$6.12,1440512488262,"5,902",67% bullish,of 3 ratings,$10
FTEK,$2.0599,1440512488361,"19,108",75% bullish,of 4 ratings,N/A
FLL,$1.4914,1440512488448,"1,129",75% bullish,of 4 ratings,$3.50
FULT,$12,1440512488506,"176,223",100% bearish,of 1 rating,$13
FSNN,$2.34,1440512488581,"2,600",67% bullish,of 3 ratings,$6
FXEN,$0.8249,1440512488717,"13,770",75% bullish,of 4 ratings,$1.10
FFHL,NULL,1440512488751,0,50% bullish,of 4 ratings,N/A
FXENP,$16.6,1440512488789,200,100% bearish,of 1 rating,N/A
WILC,NULL,1440512488921,0,100% bullish,of 2 ratings,N/A
GK,$68.31,1440512488952,"5,107",Not yet rated,NULL,$78
GAIA,$5.809,1440512489057,"1,349",50% bullish,of 2 ratings,$8.50
GALTU,NULL,1440512489115,0,100% bearish,of 1 rating,N/A
GLPG,$63.08,1440512489222,"8,093",100% bullish,of 1 rating,$75
GALT,$1.925,1440512489249,"13,870",80% bullish,of 5 ratings,N/A
GALTW,NULL,1440512489274,0,100% bullish,of 1 rating,N/A
GLMD,$8.31,1440512489326,"10,340",67% bullish,of 3 ratings,$20.50
GALE,$1.555,1440512489431,"352,565",89% bullish,of 47 ratings,$4
GLPI,$30.9599,1440512489497,"25,246",100% bearish,of 1 rating,$37.50
GPIC,$10.27,1440512489675,200,100% bearish,of 1 rating,N/A
GRMN,$38.11,1440512489701,"234,270",50% bullish,of 6 ratings,$48
GGAC,NULL,1440512489732,0,100% bearish,of 1 rating,N/A
GGACU,NULL,1440512489757,0,Not yet rated,NULL,N/A
GGACR,NULL,1440512489837,0,100% bullish,of 1 rating,N/A
GARS,$14.29,1440512490007,"6,015",Not yet rated,NULL,$16
GNCMA,$16.53,1440512490042,"19,242",100% bearish,of 1 rating,$12
GGACW,NULL,1440512490063,0,Not yet rated,NULL,N/A
GFN,$3.25,1440512490137,"5,790",100% bearish,of 2 ratings,$8
GENC,$9.32,1440512490195,"1,200",100% bearish,of 1 rating,N/A
GFNCP,$89.01,1440512490222,204,Not yet rated,NULL,N/A
GFNSL,$25.6,1440512490295,400,Not yet rated,NULL,N/A
GENE,$2.1655,1440512490320,"38,060",100% bullish,of 12 ratings,N/A
GNMK,$9.14,1440512490499,"29,738",67% bullish,of 6 ratings,$14
GHDX,$24.125,1440512490524,"17,993",50% bullish,of 2 ratings,$30
GTWN,$17.85,1440512490652,125,Not yet rated,NULL,N/A
GNCA,$12.22,1440512490678,"18,368",100% bearish,of 1 rating,$20
THRM,$43.1595,1440512490704,"31,977",75% bearish,of 4 ratings,$55.50
GNTX,$15.139,1440512490732,"376,139",Not yet rated,NULL,$20
GNVC,$2.24,1440512490892,"22,046",90% bullish,of 10 ratings,$8.50
GEOS,$14.51,1440512490980,"22,886",100% bearish,of 3 ratings,$21
GABC,$29.08,1440512491011,"3,092",Not yet rated,NULL,$31.50
GERN,$3.05,1440512491034,"334,629",88% bullish,of 16 ratings,$5.25
GEVO,$2.44,1440512491115,"142,935",75% bullish,of 12 ratings,$5
GIGM,$0.55,1440512491183,500,100% bullish,of 2 ratings,N/A
ROCK,$16.64,1440512491243,"9,327",80% bullish,of 5 ratings,$24
GILT,$4.32,1440512491416,"6,723",50% bullish,of 2 ratings,N/A
GIGA,$1.6196,1440512491438,"150,875",100% bearish,of 1 rating,N/A
GILD,$106.5553,1440512491476,"3,234,359",91% bullish,of 87 ratings,$129
GIII,$64.81,1440512491522,"42,499",67% bullish,of 3 ratings,$75
GBCI,$25.16,1440512491583,"34,395",50% bullish,of 2 ratings,$31
GLAD,$8.14,1440512491610,"16,716",50% bullish,of 2 ratings,$8.75
GOOD,$14.48,1440512491754,"40,439",Not yet rated,NULL,$19
GOODN,$25.3,1440512491803,600,Not yet rated,NULL,N/A
GOODO,$25.1,1440512491835,300,Not yet rated,NULL,N/A
GLADO,$25.25,1440512491870,201,Not yet rated,NULL,N/A
GOODP,$25,1440512491964,100,Not yet rated,NULL,N/A
GAIN,$7.31,1440512491991,"55,389",100% bullish,of 2 ratings,$8.25
GAINN,$25.2,1440512492019,"6,844",Not yet rated,NULL,N/A
GAINO,$25.35,1440512492180,478,Not yet rated,NULL,N/A
GAINP,$25.6,1440512492242,902,Not yet rated,NULL,N/A
LAND,$9.2999,1440512492373,"13,500",50% bullish,of 2 ratings,$13.75
GBT,$43.215,1440512492406,"30,344",100% bearish,of 1 rating,N/A
GLBZ,NULL,1440512492503,0,Not yet rated,NULL,N/A
GDEF,NULL,1440512492534,0,Not yet rated,NULL,N/A
ENT,$10.98,1440512492561,"40,988",100% bearish,of 1 rating,$18
GBLI,$26.105,1440512492583,"1,102",Not yet rated,NULL,N/A
GPACU,NULL,1440512492638,0,Not yet rated,NULL,N/A
QQQC,$18.691,1440512492773,"1,815",100% bearish,of 1 rating,N/A
GSOL,$8.19,1440512492842,"11,675",100% bearish,of 1 rating,N/A
ACTX,$12.75,1440512492944,2,100% bullish,of 1 rating,N/A
ALTY,NULL,1440512492974,0,Not yet rated,NULL,N/A
SOCL,$16.94,1440512493002,"22,137",100% bullish,of 2 ratings,N/A
SRET,$13.2507,1440512493041,383,Not yet rated,NULL,N/A
YLCO,$11.8,1440512493070,60,Not yet rated,NULL,N/A
GAI,$5.76,1440512493277,"2,124",50% bullish,of 2 ratings,N/A
GSM,$12.55,1440512493336,"21,551",50% bullish,of 2 ratings,$23
GLRI,$1.05,1440512493415,"4,134",100% bearish,of 1 rating,$4.25
GBIM,NULL,1440512493445,0,50% bullish,of 2 ratings,N/A
GLUU,$4.21,1440512493514,"250,901",92% bullish,of 26 ratings,$9
GLBS,$1.08,1440512493540,54,67% bullish,of 3 ratings,N/A
GLYC,$6.9,1440512493670,"8,838",50% bullish,of 2 ratings,$14
GOGO,$15.505,1440512493701,"220,213",80% bullish,of 5 ratings,$25
GLNG,$34.068,1440512493732,"83,631",83% bullish,of 6 ratings,$58
GMLP,$18.245,1440512493803,"46,221",50% bullish,of 4 ratings,$32.50
GDEN,$9.04,1440512493866,418,50% bullish,of 2 ratings,N/A
GOGL,$2.6701,1440512493892,"60,316",75% bullish,of 4 ratings,$5
GLDC,NULL,1440512493920,0,50% bullish,of 2 ratings,N/A
GTIM,$6.55,1440512494093,"9,905",Not yet rated,NULL,$11.50
GBDC,$16.52,1440512494135,"27,563",Not yet rated,NULL,$17.75
GOOG,$606.2,1440512494161,"419,226",89% bullish,of 70 ratings,$825
GPRO,$49.695,1440512494330,"1,371,797",78% bullish,of 58 ratings,$72
GOOGL,$635.575,1440512494359,"437,533",88% bullish,of 1080 ratings,$749
GMAN,$4.3017,1440512494380,"6,434",60% bullish,of 5 ratings,$8.50
GPIA,NULL,1440512494417,0,Not yet rated,NULL,N/A
GPIAU,$9.98,1440512494507,"1,200",Not yet rated,NULL,N/A
LOPE,$36.87,1440512494604,"23,222",100% bearish,of 2 ratings,$50
GBSNU,NULL,1440512494629,0,NULL,NULL,NULL
GRVY,$3.29,1440512494658,100,50% bullish,of 2 ratings,N/A
GPIAW,NULL,1440512494703,0,Not yet rated,NULL,N/A
GBSN,$0.8601,1440512494788,"478,540",100% bearish,of 1 rating,$8.25
GSBC,$38.97,1440512494879,"4,980",100% bullish,of 1 rating,$44
GLDD,$5.2,1440512494919,"24,364",100% bearish,of 4 ratings,$7.75
GNBC,$11.19,1440512495061,"14,392",100% bearish,of 1 rating,$17
GPP,$14.3,1440512495095,610,Not yet rated,NULL,$20.50
GRBK,$12.29,1440512495116,"26,987",77% bullish,of 13 ratings,N/A
GPRE,$18.381,1440512495192,"83,120",67% bullish,of 6 ratings,$28.50
GCBC,NULL,1440512495322,0,100% bullish,of 1 rating,N/A
GLRE,$24.13,1440512495372,"22,490",50% bullish,of 2 ratings,$41
GRIF,NULL,1440512495400,0,100% bearish,of 1 rating,N/A
OMAB,$39.375,1440512495456,"8,552",100% bullish,of 1 rating,$44
GRFS,$30.83,1440512495484,"29,658",50% bullish,of 2 ratings,$35
GRPN,$4.09,1440512495512,"762,351",61% bullish,of 71 ratings,$6.75
GGAL,$18.34,1440512495561,"26,481",80% bullish,of 5 ratings,$40
GSIT,$4.71,1440512495710,"44,106",100% bearish,of 1 rating,N/A
GSIG,$12.44,1440512495746,"5,996",100% bearish,of 2 ratings,N/A
GSVC,$8.535,1440512495851,"13,018",50% bullish,of 2 ratings,$14.50
GBNK,$15.43,1440512495876,"7,073",100% bearish,of 1 rating,$18
GFED,$14.9,1440512496052,300,Not yet rated,NULL,$17
GULTU,$0.29,1440512496150,172,100% bearish,of 1 rating,N/A
GTXI,$0.82,1440512496172,"31,322",100% bullish,of 5 ratings,$.75
GUID,$6.96,1440512496204,"16,726",100% bearish,of 3 ratings,$10
GPOR,$33.48,1440512496252,"180,945",75% bullish,of 4 ratings,$55
GURE,$1.5701,1440512496273,"12,661",88% bullish,of 8 ratings,N/A
GIFI,$11.67,1440512496307,"8,664",100% bearish,of 1 rating,$16
GWGH,NULL,1440512496353,0,100% bearish,of 1 rating,$15.05
GWPH,$102.28,1440512496458,"27,803",78% bullish,of 9 ratings,$148.50
HEES,$16.0283,1440512496640,"48,048",67% bearish,of 3 ratings,$31
HLG,NULL,1440512496668,0,100% bearish,of 1 rating,N/A
GYRO,NULL,1440512496693,0,100% bearish,of 1 rating,N/A
HALL,$11.44,1440512496858,"5,988",Not yet rated,NULL,N/A
HNRG,$7.14,1440512496935,"9,959",100% bearish,of 1 rating,$10
HBHC,$25.905,1440512497004,"119,647",50% bullish,of 2 ratings,$30
HALO,$17.16,1440512497068,"229,281",67% bullish,of 3 ratings,$22.50
HBK,$13.75,1440512497095,200,50% bullish,of 2 ratings,N/A
HMPR,$1.87,1440512497132,"7,000",100% bullish,of 1 rating,N/A
HBHCL,$24.12,1440512497162,"5,790",Not yet rated,NULL,N/A
HAFC,$23.7,1440512497235,"20,781",100% bullish,of 2 ratings,$28.50
HNH,$25.9,1440512497264,847,100% bullish,of 1 rating,N/A
HNSN,$0.5054,1440512497339,"4,063",88% bullish,of 8 ratings,$.40
HQCL,$9.01,1440512497398,"9,025",67% bullish,of 3 ratings,$14
HDNG,$9.87,1440512497561,"1,440",50% bullish,of 4 ratings,N/A
HLIT,$5.51,1440512497698,"92,581",100% bearish,of 1 rating,$6.50
HRMNU,NULL,1440512497830,0,Not yet rated,NULL,N/A
HRMNW,NULL,1440512497858,0,Not yet rated,NULL,N/A
TINY,$2.54,1440512497930,"33,840",50% bullish,of 2 ratings,$5.26
HBIO,$4.32,1440512497993,"10,500",Not yet rated,NULL,$10
HART,$0.88,1440512498031,"20,036",100% bearish,of 1 rating,N/A
HRMN,NULL,1440512498061,0,Not yet rated,NULL,N/A
HCAP,$12.27,1440512498095,603,50% bullish,of 2 ratings,$15
HCAPL,$25.47,1440512498191,100,Not yet rated,NULL,N/A
HAS,$72.53,1440512498218,"188,989",63% bullish,of 8 ratings,$84.50
HWKN,$37.17,1440512498363,"1,764",Not yet rated,NULL,N/A
HA,$22.502,1440512498403,"110,833",67% bullish,of 9 ratings,$27
HCOM,$22.04,1440512498466,600,100% bearish,of 1 rating,$28
HWBK,$13.12,1440512498538,300,100% bearish,of 1 rating,N/A
HAYN,$35.62,1440512498681,"4,569",100% bearish,of 1 rating,$59
HIIQ,$4.42,1440512498710,"10,137",50% bullish,of 2 ratings,$7
HDS,$32.13,1440512498731,"248,254",100% bearish,of 2 ratings,$39.50
HQY,$28.76,1440512498764,"11,838",67% bullish,of 3 ratings,$31
HCSG,$32.79,1440512498796,"21,473",50% bullish,of 4 ratings,$35
HTLF,$35,1440512498892,"1,053",100% bullish,of 1 rating,$39.50
HSTM,$24.57,1440512498920,"5,944",50% bullish,of 2 ratings,$33.75
HWAY,$11.88,1440512498947,"26,144",100% bearish,of 1 rating,$15
HTLD,$20.03,1440512499079,"42,131",Not yet rated,NULL,$22.50
HTWR,$81.505,1440512499109,"32,027",50% bullish,of 2 ratings,$103
HTBX,$5.22,1440512499136,"1,970",50% bullish,of 2 ratings,$15.50
HSII,$20,1440512499211,"13,013",100% bullish,of 3 ratings,$25
HELE,$84.385,1440512499344,"24,674",67% bearish,of 3 ratings,$100
HMNY,$2.1601,1440512499396,453,100% bearish,of 1 rating,N/A
HERO,NULL,1440512499589,0,NULL,NULL,NULL
HCACU,$9.95,1440512499621,6,Not yet rated,NULL,N/A
HSIC,$135.25,1440512499642,"46,980",83% bullish,of 6 ratings,$146
HNNA,$24.65,1440512499676,"2,476",Not yet rated,NULL,N/A
HTBK,$10.619,1440512499698,"2,421",Not yet rated,NULL,$12
HMTV,$13.25,1440512499730,"20,689",100% bearish,of 1 rating,$16
HFWA,$17.34,1440512499772,"7,128",100% bullish,of 1 rating,$20
HEOP,$7.535,1440512499953,800,Not yet rated,NULL,$8.50
HCCI,$11.34,1440512500006,482,100% bearish,of 1 rating,$16.50
MLHR,$27.215,1440512500027,"62,400",50% bullish,of 2 ratings,$33.50
HSKA,$32.19,1440512500162,"10,288",100% bearish,of 1 rating,$38
HFFC,$15.98,1440512500183,800,Not yet rated,NULL,N/A
HRTX,$34.14,1440512500212,"80,649",67% bullish,of 6 ratings,$41
HIBB,$37.98,1440512500402,"52,978",100% bearish,of 1 rating,$48.50
HIHO,$4.03,1440512500465,"2,164",Not yet rated,NULL,N/A
HPJ,$2.17,1440512500544,"3,905",75% bullish,of 4 ratings,$12.43
HSGX,$6.23,1440512500762,100,100% bearish,of 1 rating,$17
HMNF,NULL,1440512500789,0,Not yet rated,NULL,N/A
HIMX,$6.3101,1440512500817,"253,460",86% bullish,of 21 ratings,$8.50
HMSY,$10.05,1440512500858,"641,154",67% bullish,of 3 ratings,$19.35
HIFS,$113.6,1440512500920,415,Not yet rated,NULL,N/A
HOLI,$17.15,1440512500989,"76,936",50% bullish,of 4 ratings,$27
HOLX,$38.68,1440512501020,"280,330",67% bullish,of 3 ratings,$42
HBCP,$24.83,1440512501130,200,Not yet rated,NULL,$29
HOMB,$37.38,1440512501203,"28,627",Not yet rated,NULL,$41
HFBL,$22,1440512501275,400,Not yet rated,NULL,N/A
HMIN,$26.9,1440512501332,"54,867",100% bearish,of 2 ratings,$35
AWAY,$28.58,1440512501358,"146,642",67% bullish,of 3 ratings,$36
HMST,$21.245,1440512501406,"12,078",100% bullish,of 2 ratings,$27
HKTV,$4.5,1440512501574,"70,820",100% bearish,of 1 rating,N/A
CETC,$0.7141,1440512501606,"10,978",86% bullish,of 7 ratings,N/A
HTBI,$17.89,1440512501636,"6,177",67% bullish,of 3 ratings,$18.625
HBNC,$23.7699,1440512501707,"5,537",100% bullish,of 1 rating,$27
HFBC,$11.34,1440512501738,500,Not yet rated,NULL,N/A
HOFT,$23.56,1440512501842,"5,556",100% bearish,of 1 rating,N/A
HZNP,$28.395,1440512501912,"466,362",85% bullish,of 20 ratings,$40
HRZN,$9.93,1440512501945,"121,135",100% bearish,of 1 rating,$14.25
ZINC,$6.88,1440512502053,"92,143",100% bearish,of 1 rating,$17
HDP,$24.71,1440512502083,"42,050",67% bearish,of 3 ratings,$30.50
HWCC,$7.33,1440512502150,"6,378",100% bearish,of 1 rating,$9
HMHC,$22.54,1440512502180,"70,586",Not yet rated,NULL,$27
HBMD,$13.55,1440512502283,100,100% bearish,of 1 rating,N/A
HOVNP,NULL,1440512502417,0,100% bearish,of 1 rating,N/A
HTGM,$5.5,1440512502461,"1,000",100% bearish,of 1 rating,$19.50
HSNI,$59.49,1440512502523,"28,135",Not yet rated,NULL,$80
HUBG,$37.78,1440512502560,"9,272",100% bearish,of 1 rating,$43
HCBK,$9.22,1440512502656,"299,960",83% bullish,of 6 ratings,$8.61
HSON,$2.68,1440512502683,"6,505",100% bearish,of 1 rating,$5
HDSN,$2.9799,1440512502713,"1,602",100% bullish,of 1 rating,$6.25
HBAN,$10.595,1440512502848,"2,021,200",76% bullish,of 17 ratings,$12.29
HBANP,$1325,1440512503011,66,100% bearish,of 1 rating,N/A
HTCH,$1.53,1440512503096,"10,279",100% bearish,of 1 rating,$3.50
HURN,$73.5542,1440512503146,"12,342",50% bullish,of 2 ratings,$80
HURC,$29.12,1440512503174,"2,514",100% bearish,of 1 rating,N/A
HDRA,NULL,1440512503195,0,Not yet rated,NULL,N/A
HBP,$3.11,1440512503224,"13,400",100% bullish,of 1 rating,N/A
HDRAR,NULL,1440512503423,0,Not yet rated,NULL,N/A
HDRAU,NULL,1440512503471,0,Not yet rated,NULL,N/A
IDSY,$3.8699,1440512503498,346,100% bearish,of 1 rating,$7
HDRAW,NULL,1440512503519,0,Not yet rated,NULL,N/A
IBKC,$58.53,1440512503560,"31,414",100% bullish,of 1 rating,$70
HYGS,$7.46,1440512503589,"7,178",50% bullish,of 2 ratings,$13
IACI,$68.57,1440512503661,"87,865",75% bullish,of 4 ratings,$90
IKGH,$1.57,1440512503690,"13,500",75% bullish,of 4 ratings,N/A
IEP,$68.6699,1440512504049,"54,693",75% bullish,of 4 ratings,$99
ICAD,$3.39,1440512504081,"7,636",50% bullish,of 2 ratings,$7.25
ICON,$12.57,1440512504114,"112,366",50% bullish,of 2 ratings,$18.50
ICLR,$77.17,1440512504144,"65,103",100% bearish,of 3 ratings,$85
ICFI,$33.98,1440512504170,"3,669",50% bullish,of 2 ratings,$48.50
ICUI,$111.04,1440512504195,"9,492",Not yet rated,NULL,$122
INVE,$4.45,1440512504225,"20,122",75% bullish,of 4 ratings,$4
IDRA,$2.6901,1440512504250,"307,661",89% bullish,of 9 ratings,$6.50
IPWR,$7.11,1440512504430,"5,500",100% bullish,of 1 rating,$15
IDXX,$71.76,1440512504502,"65,015",100% bearish,of 1 rating,$77
IRG,$4.645,1440512504600,"2,566",100% bearish,of 1 rating,$4.50
IROQ,$16.72,1440512504627,810,100% bullish,of 1 rating,N/A
DSKY,$11.49,1440512504655,"62,143",67% bullish,of 6 ratings,$11.50
RXDX,$12.68,1440512504676,"25,120",100% bullish,of 1 rating,$20
KANG,$14.8,1440512504854,"80,166",50% bullish,of 2 ratings,$22.55
IIVI,$17,1440512504899,"13,258",100% bearish,of 1 rating,$22
ILMN,$196.295,1440512505028,"144,632",80% bullish,of 5 ratings,$240
IKNX,NULL,1440512505056,0,100% bearish,of 1 rating,N/A
IKAN,$2.73,1440512505084,"8,402",83% bullish,of 6 ratings,$5
ISNS,$3.8195,1440512505125,"4,277",50% bullish,of 2 ratings,N/A
IMMR,$11.36,1440512505223,"40,594",80% bullish,of 5 ratings,$15.50
IMDZ,$14.62,1440512505251,"8,570",100% bearish,of 1 rating,$33
ICCC,$7.8399,1440512505381,"2,840",100% bullish,of 1 rating,N/A
IMNP,$1.2299,1440512505425,"32,612",50% bullish,of 2 ratings,$6
IMGN,$13.13,1440512505474,"200,239",75% bullish,of 4 ratings,$17.50
IMMU,$1.84,1440512505606,"116,091",86% bullish,of 7 ratings,$2
IPXL,$42.305,1440512505636,"47,404",67% bullish,of 3 ratings,$46.50
IMMY,$7.32,1440512505676,"1,458",100% bearish,of 1 rating,$11
SAAS,$7.34,1440512505739,"77,937",50% bullish,of 2 ratings,$15
INCY,$101.84,1440512505812,"149,622",50% bullish,of 6 ratings,$125.50
INCR,$42.05,1440512505944,"110,447",50% bullish,of 2 ratings,$53
INDB,$44.16,1440512505977,"17,066",Not yet rated,NULL,$44
IBCP,$13.8,1440512506010,"17,707",100% bullish,of 1 rating,$14.50
IBTX,$39.71,1440512506036,"31,610",100% bullish,of 2 ratings,$47.25
IDSA,NULL,1440512506070,0,Not yet rated,NULL,N/A
INFN,$20.76,1440512506106,"294,253",71% bullish,of 7 ratings,$28
INFI,$8.5701,1440512506318,"72,465",50% bullish,of 4 ratings,$18
IPCC,$78.79,1440512506365,"2,777",Not yet rated,NULL,$77.50
III,$3.9,1440512506428,"38,750",57% bullish,of 7 ratings,$6
IFON,$1.21,1440512506493,"5,390",75% bullish,of 4 ratings,N/A
IMKTA,$50.56,1440512506519,"16,579",100% bearish,of 1 rating,N/A
INWK,$7.235,1440512506564,"12,465",50% bullish,of 2 ratings,$10
INNL,NULL,1440512506590,0,100% bearish,of 1 rating,$16.50
INOD,$2.54,1440512506721,300,100% bearish,of 1 rating,N/A
IPHS,$46.25,1440512506749,"16,956",100% bearish,of 1 rating,$60
IOSP,$46.87,1440512506999,"27,383",100% bearish,of 1 rating,N/A
INOV,$21.01,1440512507035,"71,723",100% bearish,of 1 rating,$33
INGN,$46.44,1440512507065,"34,488",100% bearish,of 1 rating,$50.50
ISSC,NULL,1440512507094,0,67% bearish,of 3 ratings,N/A
ITEK,$12.6,1440512507167,"234,231",100% bearish,of 3 ratings,$20
INO,$6.689,1440512507218,"234,748",89% bullish,of 18 ratings,$20
NSIT,$24.71,1440512507243,"18,258",50% bullish,of 2 ratings,N/A
INSM,$23.03,1440512507409,"79,075",71% bullish,of 7 ratings,$31.50
ISIG,$2.6,1440512507480,52,100% bearish,of 1 rating,N/A
IIIN,$16.77,1440512507506,"5,200",100% bearish,of 2 ratings,N/A
NTEC,$5.89,1440512507533,"2,103",100% bearish,of 1 rating,N/A
PODD,$28.12,1440512507664,"32,432",67% bearish,of 3 ratings,$35
INSY,$31.865,1440512507708,"99,870",75% bullish,of 4 ratings,$48
IDTI,$17.485,1440512507737,"254,637",60% bullish,of 5 ratings,$25
IART,$59.58,1440512507872,"27,763",100% bearish,of 1 rating,$71.50
IESC,$7.14,1440512507903,"1,800",100% bearish,of 1 rating,N/A
INTC,$26.75,1440512508004,"6,407,802",82% bullish,of 238 ratings,$36
ISSI,$22.02,1440512508053,"17,557",67% bullish,of 3 ratings,$19.75
IQNT,$18.36,1440512508080,"38,831",86% bullish,of 7 ratings,$20
IPCI,$2.15,1440512508105,"8,310",67% bullish,of 6 ratings,$8
IBKR,$37.86,1440512508270,"239,746",100% bullish,of 1 rating,N/A
ININ,$36.31,1440512508296,"11,086",67% bearish,of 3 ratings,$57
IPAR,$25.23,1440512508347,"5,126",67% bullish,of 3 ratings,$38
ICPT,$186.755,1440512508439,"48,291",70% bullish,of 10 ratings,$359.50
IDCC,$47.65,1440512508475,"85,371",80% bullish,of 5 ratings,$63
ICLD,$1.7801,1440512508501,"56,163",75% bullish,of 4 ratings,N/A
ICLDW,NULL,1440512508522,0,100% bearish,of 1 rating,N/A
TILE,$24.12,1440512508666,"64,255",67% bearish,of 3 ratings,$27
IMI,$2,1440512508729,"5,096",67% bullish,of 3 ratings,$2.22
INAP,$7.8055,1440512508860,"33,774",75% bullish,of 4 ratings,$11
ISCA,$30.75,1440512508888,"4,708",100% bearish,of 1 rating,N/A
IGLD,$6.4901,1440512508916,"3,865",50% bullish,of 2 ratings,N/A
IBOC,$24.67,1440512508946,"14,540",100% bearish,of 1 rating,N/A
PTNT,NULL,1440512509051,0,Not yet rated,NULL,N/A
IIJI,$9.55,1440512509077,100,50% bullish,of 2 ratings,$11.50
INTX,$2.32,1440512509230,12,67% bullish,of 3 ratings,N/A
XENT,$25.6711,1440512509295,"43,214",50% bullish,of 2 ratings,$36.50
IILG,$19.33,1440512509388,"11,150",100% bearish,of 1 rating,$29
INPH,$0.31,1440512509420,"1,600",50% bullish,of 2 ratings,N/A
ISIL,$10.15,1440512509454,"67,983",50% bullish,of 6 ratings,$15
IVAC,$4.775,1440512509525,716,100% bearish,of 1 rating,$6.625
INTL,$26.11,1440512509555,"12,827",67% bearish,of 3 ratings,N/A
INTLL,$26.12,1440512509653,300,Not yet rated,NULL,N/A
ITCI,$26.08,1440512509697,"116,277",75% bearish,of 4 ratings,$40
IIN,$6.47,1440512509798,14,100% bearish,of 1 rating,$12
INTU,$85.57,1440512509825,"287,181",86% bullish,of 7 ratings,$107.50
ISRG,$506.39,1440512509879,"47,021",67% bullish,of 3 ratings,$600
ISBC,$11.5401,1440512510074,"380,561",100% bullish,of 1 rating,$13.25
SNAK,$8.289,1440512510114,"9,830",50% bullish,of 2 ratings,$14
ISTR,$15.75,1440512510137,302,100% bearish,of 1 rating,$18.50
INVT,$0.2651,1440512510162,"20,750",67% bullish,of 3 ratings,N/A
ITIC,$71.5,1440512510213,100,100% bearish,of 2 ratings,N/A
NVIV,$9.72,1440512510239,"91,941",50% bullish,of 4 ratings,$24.50
IPAS,$1.05,1440512510371,"5,300",67% bullish,of 3 ratings,N/A
IVTY,$12.13,1440512510403,780,Not yet rated,NULL,$18
DFVL,NULL,1440512510506,0,Not yet rated,NULL,N/A
DTUL,NULL,1440512510548,0,Not yet rated,NULL,N/A
IPGP,$83.13,1440512510609,"36,906",100% bearish,of 2 ratings,$109.50
IPCM,$79.3,1440512510682,"30,758",50% bullish,of 2 ratings,$80.125
IRMD,$24.325,1440512510708,"4,083",67% bearish,of 3 ratings,$25
IRDM,$6.86,1440512510840,"119,411",60% bullish,of 5 ratings,$11.50
IRIX,$6.92,1440512510867,"1,600",100% bearish,of 1 rating,N/A
IRBT,$28.5628,1440512511104,"29,350",67% bullish,of 6 ratings,$37
IRDMB,$274.21,1440512511190,"1,134",67% bearish,of 3 ratings,N/A
IRCP,$26,1440512511225,300,100% bullish,of 2 ratings,N/A
COMT,$31.56,1440512511252,500,100% bearish,of 1 rating,N/A
FCHI,NULL,1440512511272,0,NULL,NULL,NULL
IRWD,$10.93,1440512511301,"93,379",100% bearish,of 1 rating,$13
GNMA,$50.2081,1440512511332,"1,423",Not yet rated,NULL,N/A
IFAS,NULL,1440512511350,0,NULL,NULL,NULL
ACWX,$40.4699,1440512511663,"232,322",100% bearish,of 1 rating,N/A
IFEU,$38.33,1440512511688,"7,167",Not yet rated,NULL,N/A
IFGL,$28.66,1440512511720,"11,826",Not yet rated,NULL,N/A
ACWI,$55.03,1440512511741,"400,611",Not yet rated,NULL,N/A
IFNA,NULL,1440512511767,0,NULL,NULL,NULL
AAIT,NULL,1440512511821,0,NULL,NULL,NULL
AXJS,NULL,1440512511924,0,NULL,NULL,NULL
AAXJ,$52.55,1440512511951,"526,050",Not yet rated,NULL,N/A
EMDI,NULL,1440512511985,0,NULL,NULL,NULL
EEME,NULL,1440512512025,0,NULL,NULL,NULL
EEML,$26.74,1440512512117,"1,000",Not yet rated,NULL,N/A
EMEY,NULL,1440512512150,0,NULL,NULL,NULL
EGRW,NULL,1440512512172,0,NULL,NULL,NULL
EVAL,NULL,1440512512252,0,NULL,NULL,NULL
EEMA,$49.3687,1440512512437,"5,223",Not yet rated,NULL,N/A
EUFN,$21.9895,1440512512470,"32,277",100% bearish,of 1 rating,N/A
IEUS,$45.85,1440512512564,830,100% bearish,of 1 rating,N/A
QAT,NULL,1440512512588,0,Not yet rated,NULL,N/A
IBB,$335.17,1440512512657,"359,737",63% bullish,of 8 ratings,N/A
SOXX,$79.13,1440512512682,"55,770",50% bullish,of 2 ratings,N/A
UAE,$17.6699,1440512512762,"1,344",Not yet rated,NULL,N/A
ISHG,$80.8,1440512512819,"2,205",100% bearish,of 1 rating,N/A
EMIF,$27.86,1440512512904,"1,044",Not yet rated,NULL,N/A
INDY,$27.365,1440512512950,"85,106",50% bullish,of 2 ratings,N/A
WOOD,$47.7218,1440512512980,"6,717",50% bullish,of 2 ratings,N/A
IGOV,$92.415,1440512513045,"18,233",100% bearish,of 1 rating,N/A
ICLN,$9.3302,1440512513076,"11,272",50% bullish,of 2 ratings,N/A
ISIS,$46.4044,1440512513106,"224,637",53% bullish,of 15 ratings,$67
ISLE,$16.8404,1440512513266,"45,205",50% bullish,of 4 ratings,$16
ISRL,$125,1440512513440,200,100% bearish,of 1 rating,N/A
ITRN,$24.2196,1440512513467,886,50% bullish,of 2 ratings,N/A
ITRI,$30.765,1440512513488,"28,197",Not yet rated,NULL,$37
XXIA,$15.0039,1440512513541,"44,985",71% bullish,of 7 ratings,$14.625
IXYS,$10.305,1440512513653,"22,792",50% bullish,of 4 ratings,N/A
ITUS,$4.24,1440512513690,1,Not yet rated,NULL,N/A
JJSF,$112.41,1440512513785,"2,215",100% bearish,of 1 rating,N/A
MAYS,NULL,1440512513816,0,Not yet rated,NULL,N/A
JBHT,$75.32,1440512513837,"90,034",50% bullish,of 4 ratings,$89.50
JCOM,$67.83,1440512513923,"39,172",100% bullish,of 2 ratings,$77
JKHY,$66.94,1440512513968,"37,983",50% bullish,of 2 ratings,$72
JASO,$7.101,1440512514105,"200,220",82% bullish,of 17 ratings,$10
JXSB,$23.72,1440512514132,200,Not yet rated,NULL,N/A
JACK,$79.895,1440512514211,"135,017",83% bullish,of 6 ratings,$105
JAXB,$13.33,1440512514264,100,100% bullish,of 1 rating,N/A
JAGX,$2.76,1440512514339,100,Not yet rated,NULL,N/A
JMBA,$13.02,1440512514429,"14,251",75% bullish,of 4 ratings,$18
JRVR,$26.19,1440512514455,"2,208",Not yet rated,NULL,$32
JAKK,$9.335,1440512514584,"34,708",60% bearish,of 5 ratings,$11
JASN,$4.78,1440512514613,"3,800",50% bullish,of 2 ratings,$9.50
ERW,NULL,1440512514634,0,Not yet rated,NULL,N/A
JAZZ,$165.38,1440512514764,"75,562",80% bullish,of 15 ratings,$206.50
JD,$25.9679,1440512514792,"2,291,243",75% bullish,of 16 ratings,$36
JASNW,NULL,1440512514812,0,50% bullish,of 2 ratings,N/A
JBLU,$22.03,1440512514834,"1,471,618",94% bullish,of 18 ratings,$27
JTPY,$2.96,1440512515006,456,100% bearish,of 1 rating,N/A
JCTCF,NULL,1440512515040,0,100% bullish,of 1 rating,N/A
DATE,$5.69,1440512515182,"202,747",75% bullish,of 4 ratings,$9
JST,$3.91,1440512515246,800,75% bullish,of 4 ratings,N/A
WYIGU,$10,1440512515271,"2,500",Not yet rated,NULL,N/A
JOEZ,$0.1702,1440512515352,"67,800",92% bullish,of 12 ratings,N/A
JIVE,$4.165,1440512515404,"39,796",75% bullish,of 4 ratings,$5
JUNO,$36,1440512515481,"299,201",73% bullish,of 11 ratings,$71.50
JNP,$9.68,1440512515578,"5,070",100% bullish,of 3 ratings,$15
JBSS,$50.22,1440512515711,"4,903",67% bearish,of 3 ratings,N/A
JOUT,$22.05,1440512515768,"6,308",100% bearish,of 1 rating,$34
KTWO,$21.37,1440512515870,"25,024",100% bearish,of 1 rating,$28.50
KNDI,$6.205,1440512515925,"111,648",86% bullish,of 22 ratings,N/A
KMDA,$3.34,1440512515952,"1,200",50% bullish,of 2 ratings,$8
KALU,$80.96,1440512515973,"11,235",67% bearish,of 3 ratings,$91
KBIO,$1.8188,1440512516004,"1,416",50% bullish,of 4 ratings,N/A
KPTI,$13.18,1440512516182,"63,082",67% bearish,of 3 ratings,$39
KCLI,$46.46,1440512516244,"4,214",Not yet rated,NULL,N/A
KBSF,NULL,1440512516274,0,100% bullish,of 1 rating,N/A
KCAP,$4.56,1440512516353,"24,595",75% bullish,of 4 ratings,$6
KMPH,$18.89,1440512516385,"11,794",100% bearish,of 2 ratings,$22
KELYA,$13.92,1440512516428,"16,256",67% bullish,of 6 ratings,$20
KRNY,$11.16,1440512516483,"67,452",100% bearish,of 1 rating,$12
KELYB,NULL,1440512516562,0,50% bullish,of 2 ratings,N/A
GMCR,$52,1440512516769,"366,443",71% bullish,of 42 ratings,$64
KERX,$5.65,1440512516800,"152,320",82% bullish,of 11 ratings,$12
KTCC,$9.95,1440512516940,"3,050",100% bearish,of 1 rating,$16
KEQU,$16.7,1440512516969,300,100% bullish,of 1 rating,N/A
KFFB,$8.59,1440512516996,300,100% bearish,of 1 rating,N/A
KTEC,NULL,1440512517070,0,Not yet rated,NULL,N/A
KIN,$5.54,1440512517155,700,50% bullish,of 2 ratings,$6.25
KFRC,$26.27,1440512517183,"33,762",100% bullish,of 2 ratings,$29
KE,$11.23,1440512517212,"7,790",67% bearish,of 3 ratings,$16
KBAL,$10.7,1440512517316,"10,591",50% bullish,of 2 ratings,N/A
KGJI,$0.64,1440512517389,"4,600",89% bullish,of 9 ratings,N/A
KINS,$8.3676,1440512517422,"1,002",100% bullish,of 1 rating,N/A
KIRK,$22.64,1440512517467,"38,857",50% bullish,of 2 ratings,$32
KONE,$4.02,1440512517523,"2,323",Not yet rated,NULL,N/A
KLAC,$48.73,1440512517655,"362,249",100% bearish,of 1 rating,$61.50
KITE,$50.49,1440512517811,"122,276",89% bullish,of 9 ratings,$85
