Symbol,Price,Date,Volume,Rating,RatingVoteCount,OneYearEstimate
TFSCU,NULL,1440864602877,0,Not yet rated,NULL,N/A
FLWS,$8.91,1440864602903,"687,314",80% bullish,of 5 ratings,$15
FCCY,$11.54,1440864602982,933,100% bullish,of 1 rating,$13
TFSC,NULL,1440864603116,0,100% bearish,of 1 rating,N/A
FCTY,$7.96,1440864603164,"3,400",100% bullish,of 1 rating,$8.50
TFSCR,NULL,1440864603193,0,Not yet rated,NULL,N/A
PIH,$7.54,1440864603247,"9,402",100% bearish,of 1 rating,N/A
TFSCW,$0.21,1440864603272,"1,300",100% bearish,of 1 rating,N/A
SRCE,$29.44,1440864603305,"29,029",100% bullish,of 3 ratings,$33
TWOU,$34.99,1440864603330,"129,143",50% bullish,of 2 ratings,$39
DGLD,$81.1,1440864603403,"16,958",100% bullish,of 1 rating,N/A
JOBS,$27.019,1440864603547,"69,549",50% bullish,of 4 ratings,$36
VNET,$18.05,1440864603709,"541,289",60% bullish,of 5 ratings,$35
USLV,$12.45,1440864603762,"242,677",86% bullish,of 7 ratings,N/A
UGLD,$9.31,1440864603787,"340,880",100% bearish,of 1 rating,N/A
DSLV,$69.51,1440864603919,"9,311",100% bearish,of 1 rating,N/A
CAFD,$15.0196,1440864603944,"242,552",Not yet rated,NULL,$25
SHLM,$34.06,1440864604007,"65,672",100% bearish,of 1 rating,$47
SIXD,$2.72,1440864604076,"111,232",Not yet rated,NULL,N/A
ABY,$23.04,1440864604108,"423,555",100% bearish,of 2 ratings,$46
ABGB,$5.71,1440864604238,"37,255",67% bullish,of 3 ratings,$5.50
AVHI,$13.96,1440864604268,"12,911",100% bearish,of 1 rating,$19
AAON,$20.51,1440864604326,"107,410",100% bearish,of 1 rating,$24
EGHT,$7.84,1440864604355,"384,316",82% bullish,of 17 ratings,$11
ABEOW,$1.83,1440864604375,"2,361",100% bullish,of 1 rating,N/A
ABEO,$4.82,1440864604506,"47,964",50% bullish,of 4 ratings,$15.50
ABAX,$47.89,1440864604545,"108,826",100% bearish,of 1 rating,$60
ACTG,$9.43,1440864604676,"194,247",67% bullish,of 3 ratings,$18.50
ACAD,$38.17,1440864604808,"436,567",80% bullish,of 20 ratings,$48
AXAS,$1.92,1440864604862,"949,481",78% bullish,of 9 ratings,$3.50
XLRN,$29.71,1440864604940,"89,309",50% bullish,of 2 ratings,$57
ABMD,$98.23,1440864604965,"317,770",75% bullish,of 4 ratings,$100.50
ACHC,$74.2503,1440864604993,"344,347",50% bullish,of 2 ratings,$92
ACST,$0.3694,1440864605018,"9,260",100% bullish,of 2 ratings,N/A
ARAY,$6.77,1440864605153,"691,224",100% bearish,of 1 rating,$10.50
ANCX,$20.01,1440864605185,"20,165",Not yet rated,NULL,$20
AXDX,$19.1,1440864605287,"112,407",100% bearish,of 1 rating,N/A
ACRX,$4.24,1440864605319,"310,833",67% bearish,of 6 ratings,$5.50
ACET,$22.76,1440864605349,"83,357",75% bullish,of 4 ratings,$30
VXDN,$1.96,1440864605454,"24,710",100% bearish,of 1 rating,N/A
VXUP,$1.6,1440864605481,"49,457",100% bearish,of 1 rating,N/A
AKAO,$6.99,1440864605624,"38,455",75% bullish,of 4 ratings,$15
ACIW,$21.38,1440864605671,"288,136",67% bearish,of 3 ratings,$24
ACHN,$7.76,1440864605696,"1,462,742",90% bullish,of 21 ratings,$16
ACOR,$32.73,1440864605960,"557,265",67% bearish,of 3 ratings,$38.50
ACUR,$2.83,1440864605995,"48,939",100% bullish,of 5 ratings,$1
ACTS,$1.6,1440864606028,"49,648",100% bearish,of 1 rating,N/A
ACPW,$1.81,1440864606090,"38,604",100% bullish,of 4 ratings,$3.50
ACTA,$14.02,1440864606119,"90,621",67% bearish,of 3 ratings,$25
ACNB,$19.85,1440864606157,"4,210",Not yet rated,NULL,N/A
ATVI,$29.28,1440864606182,"135,594,206",68% bullish,of 84 ratings,$31.50
ACXM,$21.15,1440864606218,"258,695",67% bullish,of 3 ratings,N/A
ADMS,$20.61,1440864606381,"60,583",100% bearish,of 2 ratings,$36
AEY,$2.3,1440864606445,"7,434",100% bearish,of 2 ratings,N/A
ADAP,$11.66,1440864606512,"84,789",67% bullish,of 3 ratings,$22
ADMA,$9.37,1440864606607,"14,766",Not yet rated,NULL,$19
ADEP,$6.87,1440864606679,"20,312",50% bullish,of 2 ratings,$10.75
ADBE,$79.4,1440864606754,"2,177,794",65% bullish,of 17 ratings,$90
AEIS,$24.42,1440864607020,"174,991",50% bullish,of 2 ratings,$32.50
ADXS,$14.69,1440864607046,"468,415",64% bullish,of 14 ratings,$27
AMD,$1.85,1440864607074,"6,623,181",83% bullish,of 103 ratings,$2
ADRO,$20.61,1440864607095,"147,897",80% bullish,of 5 ratings,$45.50
ADTN,$15.7,1440864607128,"386,714",67% bullish,of 3 ratings,$17.125
ADXSW,$10.47,1440864607233,"1,850",100% bullish,of 1 rating,N/A
MULT,NULL,1440864607341,0,100% bearish,of 1 rating,N/A
AEHR,$2.27,1440864607549,"2,346",50% bullish,of 2 ratings,N/A
YPRO,$22.79,1440864607618,"3,532",100% bearish,of 1 rating,N/A
AEGR,$17.66,1440864607652,"331,111",50% bullish,of 6 ratings,$26
AEGN,$18.28,1440864607712,"94,812",100% bearish,of 2 ratings,$21
ADMP,$3.69,1440864607747,"11,630",50% bullish,of 2 ratings,$10
AMTX,$3.11,1440864607776,"28,001",50% bullish,of 2 ratings,$26.11
ADUS,$28.71,1440864607847,"18,242",100% bearish,of 1 rating,$31
AEPI,$53.89,1440864607875,"11,740",100% bearish,of 1 rating,N/A
AERI,$16.49,1440864607950,"376,040",75% bullish,of 4 ratings,$31.50
AVAV,$24,1440864608054,"75,229",50% bullish,of 4 ratings,$31
AFMD,$10.43,1440864608079,"107,629",50% bullish,of 4 ratings,$15
AGEN,$7.26,1440864608227,"602,072",85% bullish,of 13 ratings,$14
AEZS,$0.088,1440864608260,"10,110,751",90% bullish,of 21 ratings,$1.50
AEMD,$6.95,1440864608292,"91,259",Not yet rated,NULL,$27.50
AFFX,$9.48,1440864608361,"279,489",80% bullish,of 5 ratings,$12.50
AGRX,$9.16,1440864608463,"22,184",100% bearish,of 1 rating,$17.50
AGIO,$90.62,1440864608554,"186,340",88% bullish,of 8 ratings,$114
AIRT,$22.16,1440864608695,376,100% bullish,of 1 rating,N/A
AGFSW,$1.95,1440864608768,"8,300",100% bearish,of 2 ratings,N/A
AIRM,$37.86,1440864608834,"199,407",80% bearish,of 5 ratings,$53
AGFS,$10.1318,1440864608921,"137,593",100% bearish,of 1 rating,N/A
AGYS,$10.21,1440864608947,"23,032",100% bearish,of 1 rating,N/A
AKAM,$71.9,1440864608972,"1,710,795",63% bullish,of 8 ratings,$77
AMCN,$4.59,1440864608997,"108,503",83% bullish,of 6 ratings,N/A
ATSG,$8.95,1440864609023,"126,980",67% bullish,of 3 ratings,$13
AIMT,$21.11,1440864609044,"136,933",Not yet rated,NULL,N/A
AIXG,$6.38,1440864609666,"27,231",67% bearish,of 3 ratings,$5.25
AKER,$2.48,1440864610364,"28,755",Not yet rated,NULL,N/A
AKBA,$7,1440864610396,"105,064",100% bearish,of 1 rating,$18
AKRX,$41.03,1440864610446,"401,819",78% bullish,of 9 ratings,$56
ABDC,$12.83,1440864610807,"24,564",Not yet rated,NULL,$15
ALDX,$7.06,1440864611084,"18,445",100% bearish,of 1 rating,$14.50
ADHD,$7.94,1440864611110,"131,054",50% bullish,of 4 ratings,$18
ALRM,$16.8,1440864611131,"126,608",100% bearish,of 1 rating,$22
AMRI,$20.6,1440864611163,"158,563",75% bearish,of 4 ratings,$24
ALGN,$57.27,1440864611263,"244,131",100% bearish,of 2 ratings,$73
ALSK,$2.15,1440864611348,"235,932",78% bullish,of 18 ratings,$2
ALIM,$3.44,1440864611419,"27,203",80% bullish,of 5 ratings,$10
ALXA,$1.13,1440864611454,"13,227",83% bullish,of 6 ratings,$2.125
ALXN,$178.86,1440864611481,"1,012,132",88% bullish,of 8 ratings,$223
ALDR,$38.61,1440864611506,"186,540",67% bearish,of 3 ratings,$62
ALCO,$42.25,1440864611548,"5,313",50% bullish,of 2 ratings,N/A
ALKS,$62.0942,1440864611577,"542,032",67% bullish,of 3 ratings,$75
ALLB,$22.72,1440864611690,797,Not yet rated,NULL,N/A
AFOP,$19.05,1440864611752,"104,154",75% bullish,of 8 ratings,$21
ALGT,$208.41,1440864611844,"150,284",100% bearish,of 2 ratings,$235
MDRX,$13.8,1440864612229,"810,640",60% bullish,of 5 ratings,$16
ARLP,$25.32,1440864612257,"280,083",67% bearish,of 3 ratings,$32
ALLT,$5.42,1440864612278,"187,497",75% bullish,of 4 ratings,$6.25
AHPI,$1.44,1440864612306,"1,714",50% bullish,of 2 ratings,N/A
AFAM,$45.43,1440864612334,"41,778",50% bullish,of 2 ratings,$44
AMOT,$18.85,1440864612355,"86,927",100% bearish,of 1 rating,N/A
AOSL,$7.31,1440864612563,"49,947",67% bullish,of 3 ratings,$9
AIQ,$14.35,1440864612591,"6,903",67% bullish,of 3 ratings,N/A
AHGP,$36.41,1440864612614,"89,083",67% bullish,of 3 ratings,N/A
ALNY,$109.1,1440864612666,"357,082",67% bullish,of 3 ratings,$148.50
ATEC,$0.54,1440864612750,"81,514",100% bullish,of 1 rating,$2
ALQA,$4.4,1440864612808,"19,390",75% bullish,of 4 ratings,$8.50
SMCP,NULL,1440864612835,0,Not yet rated,NULL,N/A
ASPS,$25.48,1440864612857,"184,857",67% bullish,of 3 ratings,$46.50
ALTR,$48.61,1440864612918,"1,182,479",80% bearish,of 5 ratings,$54
AIMC,$24.94,1440864613136,"71,616",100% bearish,of 2 ratings,$28.50
AMAG,$65.85,1440864613167,"315,677",100% bullish,of 2 ratings,$77.50
AMRK,$10.28,1440864613193,"2,016",50% bullish,of 2 ratings,$14
AMZN,$519.59,1440864613271,"1,553,310",81% bullish,of 264 ratings,$646
AYA,$20.7,1440864613299,"10,578",100% bearish,of 1 rating,$40
AMRN,$2.23,1440864613400,"1,409,147",85% bullish,of 39 ratings,$8
AMBCW,$7.65,1440864613531,"1,012",100% bearish,of 1 rating,N/A
AMCX,$73.6,1440864613559,"349,491",67% bullish,of 3 ratings,$87.50
EPAX,$2.69,1440864613594,"86,785",100% bearish,of 1 rating,N/A
AMBC,$15.61,1440864613615,"222,561",100% bearish,of 1 rating,$16.50
AMBA,$96.15,1440864613689,"1,960,685",83% bullish,of 12 ratings,$102.50
AMDA,$0.4798,1440864613715,"643,528",90% bullish,of 10 ratings,$1
DOX,$57.75,1440864613746,"257,565",67% bearish,of 3 ratings,$60
UHAL,$375.77,1440864613853,"28,990",100% bullish,of 2 ratings,$393.50
AMED,$39.09,1440864614005,"188,323",100% bearish,of 1 rating,$42
ATAX,$5.27,1440864614094,"73,836",100% bullish,of 1 rating,$6.50
AGNC,$19.36,1440864614192,"1,941,092",71% bullish,of 28 ratings,$22
ASBI,$22.64,1440864614249,"1,069",Not yet rated,NULL,N/A
AGNCP,$25.34,1440864614387,"6,144",Not yet rated,NULL,N/A
ACAS,$13.8357,1440864614424,"897,392",60% bullish,of 5 ratings,$16.75
AMOV,$18.46,1440864614452,"2,614",100% bearish,of 1 rating,N/A
AGNCB,$24.29,1440864614516,"19,098",Not yet rated,NULL,N/A
AAL,$38.6,1440864614581,"7,110,829",93% bullish,of 88 ratings,$57
ACSF,$12.38,1440864614612,"29,182",100% bearish,of 1 rating,$15
MTGE,$15.29,1440864614637,"623,994",75% bullish,of 4 ratings,$19.50
ANCI,$1.46,1440864614719,474,100% bearish,of 1 rating,N/A
AMIC,NULL,1440864614978,0,Not yet rated,NULL,N/A
ANAT,$100.8502,1440864615008,"25,880",100% bullish,of 1 rating,N/A
AETI,$3.75,1440864615034,881,67% bearish,of 3 ratings,N/A
AMNB,$23.29,1440864615055,"4,556",Not yet rated,NULL,$25.50
MTGEP,$24.5,1440864615089,583,Not yet rated,NULL,N/A
APEI,$22.36,1440864615187,"59,822",100% bearish,of 1 rating,$25.50
ARII,$40.76,1440864615325,"146,168",67% bearish,of 3 ratings,$45
ASEI,$39.03,1440864615351,"21,414",100% bearish,of 1 rating,$52.50
AMRB,$10.05,1440864615413,"2,153",Not yet rated,NULL,$11
AMWD,$66.55,1440864615486,"77,289",50% bullish,of 2 ratings,$70
ASRV,$3.22,1440864615716,"12,469",100% bullish,of 2 ratings,N/A
AMSWA,$9.06,1440864615745,"131,254",100% bearish,of 2 ratings,$10.75
AMSF,$46.91,1440864615772,"49,852",Not yet rated,NULL,$57.50
ABCB,$26.8,1440864615793,"86,002",Not yet rated,NULL,$31
ASRVP,NULL,1440864615829,0,Not yet rated,NULL,N/A
AMSC,$4.67,1440864615850,"80,461",50% bullish,of 4 ratings,N/A
CRMT,$35.97,1440864615930,"40,468",100% bearish,of 1 rating,$39
ATLO,$23.59,1440864616146,"4,506",Not yet rated,NULL,N/A
AMGN,$155.95,1440864616172,"3,400,173",89% bullish,of 19 ratings,$185
AMKR,$5.07,1440864616193,"1,277,833",100% bearish,of 2 ratings,$5
FOLD,$14.87,1440864616352,"612,656",56% bullish,of 9 ratings,$21
AMPH,$13.39,1440864616410,"106,975",50% bullish,of 2 ratings,$20
AFSI,$58.4717,1440864616542,"168,515",60% bullish,of 5 ratings,$72
AMRS,$1.69,1440864616573,"51,285",70% bullish,of 10 ratings,N/A
AMSGP,$149.3,1440864616625,"33,058",Not yet rated,NULL,N/A
ANAD,$0.33,1440864616675,"133,227",100% bullish,of 2 ratings,$.50
AMSG,$80.06,1440864616854,"252,052",100% bearish,of 1 rating,$85.50
ALOG,$80.27,1440864616879,"65,588",100% bearish,of 2 ratings,$100.50
ADI,$56.45,1440864616904,"2,245,427",67% bullish,of 3 ratings,$69
ANAC,$135.45,1440864616936,"264,448",80% bullish,of 5 ratings,$180.50
ABCW,$40.28,1440864617037,"7,717",67% bullish,of 3 ratings,N/A
ASYS,$5.39,1440864617068,"36,672",67% bullish,of 3 ratings,$12
ANCB,$21.98,1440864617130,"29,500",Not yet rated,NULL,$23
ANGI,$5.21,1440864617264,"319,439",64% bullish,of 11 ratings,$5.50
AMCF,$0.22,1440864617346,"1,426",100% bullish,of 7 ratings,N/A
ANSS,$89.74,1440864617484,"244,251",100% bearish,of 1 rating,$100
ABAC,$0.75,1440864617510,"11,927",100% bearish,of 1 rating,N/A
ANGO,$14.67,1440864617537,"69,486",67% bullish,of 3 ratings,$19
ANIK,$35.94,1440864617591,"100,275",60% bullish,of 5 ratings,$51.25
ANIP,$52,1440864617682,"129,189",89% bullish,of 19 ratings,$66
ATRS,$1.79,1440864617760,"332,285",92% bullish,of 12 ratings,$4.50
ANTH,$7.41,1440864617828,"469,427",80% bullish,of 10 ratings,$13
ATNY,$2.26,1440864617891,"4,237",50% bullish,of 2 ratings,$3.75
AINV,$6.6,1440864617924,"696,100",50% bullish,of 4 ratings,$8
APIC,$6.91,1440864617958,"86,505",100% bearish,of 1 rating,$19
APOL,$11.47,1440864618020,"654,267",87% bearish,of 68 ratings,$14
APOG,$50.82,1440864618053,"111,095",50% bullish,of 2 ratings,$67
APPF,$16.3,1440864618371,"22,796",50% bullish,of 2 ratings,$22
AAPL,$113.37,1440864618422,"32,540,481",86% bullish,of 2353 ratings,$150
ARCI,NULL,1440864618512,0,Not yet rated,NULL,N/A
AGTC,$16.69,1440864618579,"40,739",50% bullish,of 2 ratings,$33
AMAT,$15.9916,1440864618604,"7,111,784",82% bullish,of 11 ratings,$23
AAOI,$21.11,1440864618629,"169,287",50% bullish,of 4 ratings,$26
APDN,$3.46,1440864618659,"72,814",Not yet rated,NULL,$9
AREX,$2.17,1440864618763,"985,162",100% bearish,of 1 rating,$3
APDNW,$1.27,1440864618840,"2,254",Not yet rated,NULL,N/A
APRI,$1.33,1440864618918,"381,591",83% bullish,of 6 ratings,$4.86
AUMA,$9.89,1440864618946,230,Not yet rated,NULL,N/A
AMCC,$5.77,1440864619083,"326,270",80% bullish,of 5 ratings,$8
AQXP,$16.76,1440864619110,"147,931",50% bullish,of 2 ratings,$2
AQMS,$5.2,1440864619136,"53,706",Not yet rated,NULL,N/A
APTO,$5.28,1440864619181,"32,201",Not yet rated,NULL,$17
AUMAU,NULL,1440864619267,0,Not yet rated,NULL,N/A
PETX,$17.64,1440864619459,"156,925",100% bearish,of 2 ratings,$26
AUMAW,NULL,1440864619485,0,Not yet rated,NULL,N/A
ARDM,NULL,1440864619515,0,100% bullish,of 1 rating,$26
ARCW,$3.63,1440864619560,"4,066",100% bearish,of 2 ratings,$10.50
ABIO,$0.89,1440864619622,"57,096",50% bullish,of 2 ratings,$3.75
ABUS,$7.36,1440864619650,"240,604",86% bullish,of 14 ratings,$23
RKDA,$6.36,1440864619703,"9,839",100% bearish,of 2 ratings,$10
ARCB,$29.04,1440864619786,"134,492",67% bearish,of 3 ratings,$39.50
ACAT,$26.55,1440864619890,"114,131",100% bearish,of 3 ratings,$33
ARDX,$18.75,1440864619915,"63,461",50% bullish,of 2 ratings,$24.50
ARNA,$2.71,1440864620117,"2,247,385",90% bullish,of 78 ratings,$5.50
AGIIL,$25.36,1440864620179,"11,027",Not yet rated,NULL,N/A
ACGL,$68.1836,1440864620210,"313,921",50% bullish,of 2 ratings,$72
ARCC,$15.6189,1440864620265,"1,375,235",67% bearish,of 3 ratings,$17.875
ARGS,$6.16,1440864620297,"18,498",50% bullish,of 2 ratings,$19.50
AGII,$54.77,1440864620340,"101,334",Not yet rated,NULL,$59.50
ARIA,$9.65,1440864620367,"22,314,095",87% bullish,of 46 ratings,$9
ARIS,$3.54,1440864620396,"40,749",Not yet rated,NULL,$4.50
ARWA,NULL,1440864620598,0,Not yet rated,NULL,N/A
ARMH,$42.62,1440864620682,"865,391",54% bearish,of 13 ratings,$60
ARKR,$24.54,1440864620728,604,50% bullish,of 2 ratings,N/A
ARTX,$1.45,1440864620759,"63,093",88% bullish,of 16 ratings,$4.50
ARWAU,NULL,1440864620828,0,100% bullish,of 1 rating,N/A
ARWAR,NULL,1440864620854,0,Not yet rated,NULL,N/A
ARWAW,NULL,1440864620891,0,Not yet rated,NULL,N/A
ARQL,$1.76,1440864620995,"76,309",75% bullish,of 4 ratings,$5
ARRY,$5.94,1440864621237,"718,947",100% bullish,of 7 ratings,$10
ARWR,$5.77,1440864621271,"437,585",75% bullish,of 4 ratings,$10.50
ARRS,$26.82,1440864621292,"723,865",50% bullish,of 2 ratings,$38
DWAT,$9.98,1440864621323,"2,550",100% bearish,of 1 rating,N/A
ARTNA,$22.24,1440864621344,"8,516",100% bearish,of 1 rating,$29
ARTW,$4.27,1440864621379,"1,665",75% bearish,of 4 ratings,N/A
ASBB,$24.2,1440864621473,191,Not yet rated,NULL,N/A
AROW,$27.26,1440864621507,"13,804",Not yet rated,NULL,N/A
APWC,$1.91,1440864621727,"1,704",100% bearish,of 1 rating,N/A
ASTI,$0.1027,1440864621776,"1,274,925",83% bullish,of 6 ratings,$3
ASND,$19.17,1440864621806,"58,087",50% bullish,of 2 ratings,$30
ASCMA,$27.4,1440864621859,"54,550",100% bearish,of 1 rating,$45
ASNA,$12,1440864621884,"3,325,555",50% bullish,of 2 ratings,$18
ASML,$91.98,1440864621914,"376,653",50% bullish,of 4 ratings,$127
AZPN,$37.9,1440864621940,"471,280",50% bullish,of 2 ratings,$42
ASMI,NULL,1440864622072,0,NULL,NULL,NULL
ASTE,$37.12,1440864622204,"59,288",100% bearish,of 1 rating,$48
ASFI,$8.9,1440864622238,"6,440",100% bullish,of 1 rating,N/A
ATRO,$52.84,1440864622265,"104,448",100% bearish,of 2 ratings,$80
ASMB,$13.33,1440864622296,"40,085",67% bullish,of 3 ratings,N/A
ALOT,$13.97,1440864622323,"5,000",100% bearish,of 1 rating,N/A
ASTC,$2.07,1440864622350,"13,827",100% bullish,of 5 ratings,N/A
ASUR,$5.97,1440864622507,"1,342",50% bullish,of 2 ratings,$8
ATRA,$40.22,1440864622643,"86,077",50% bullish,of 2 ratings,$68
AAPC,$10.1,1440864622722,524,Not yet rated,NULL,N/A
AFCB,$26.58,1440864622747,43,Not yet rated,NULL,N/A
ATAI,$2.53,1440864622806,"5,759",100% bearish,of 1 rating,N/A
ATHX,$1.15,1440864622835,"150,153",89% bullish,of 9 ratings,$5
ATHN,$134.56,1440864622932,"144,558",67% bearish,of 3 ratings,$153
ACFC,$5.59,1440864622985,"23,302",100% bearish,of 1 rating,$6.50
ATLC,$3.82,1440864623039,"1,000",67% bullish,of 3 ratings,N/A
AAME,$3.51,1440864623116,"1,614",Not yet rated,NULL,N/A
ATNI,$71.89,1440864623142,"30,836",100% bearish,of 1 rating,$69.50
AFH,$16.25,1440864623173,"45,444",Not yet rated,NULL,$21.50
AAWW,$41.57,1440864623202,"344,090",50% bullish,of 2 ratings,$65
ATML,$8.21,1440864623306,"5,323,862",78% bullish,of 9 ratings,$9.50
ATOS,$0.76,1440864623332,"146,526",100% bullish,of 7 ratings,$7
ATRC,$25.5,1440864623466,"75,032",100% bullish,of 1 rating,$30
ATRI,$390.57,1440864623527,"1,710",Not yet rated,NULL,N/A
AUBN,$26.68,1440864623803,652,Not yet rated,NULL,N/A
AUPH,$3.03,1440864623866,"48,213",100% bearish,of 1 rating,$8
LIFE,$14.79,1440864623902,"59,987",86% bullish,of 7 ratings,$43
ATRM,$2.83,1440864623923,"5,169",50% bullish,of 2 ratings,N/A
ATTU,$13.2582,1440864623954,"43,316",100% bearish,of 1 rating,$20.50
AUDC,$3.34,1440864623997,"41,046",80% bullish,of 5 ratings,$5
EARS,$4.86,1440864624024,"61,876",100% bearish,of 2 ratings,$11.50
AVGO,$127.49,1440864624208,"2,365,644",88% bullish,of 8 ratings,$165
ADP,$78.41,1440864624237,"1,833,355",100% bearish,of 1 rating,$88
ADSK,$47.52,1440864624301,"7,664,747",67% bullish,of 6 ratings,$69.50
ADAT,$0.2901,1440864624330,"286,619",100% bullish,of 2 ratings,N/A
ABTL,$17.48,1440864624367,"56,816",100% bullish,of 4 ratings,$20.25
AAVL,$10.78,1440864624563,"281,210",100% bearish,of 1 rating,$20
AVEO,$1.42,1440864624591,"525,234",75% bullish,of 8 ratings,$3
AVNU,$12.35,1440864624621,"4,686",Not yet rated,NULL,$14
AVNW,$1.13,1440864624666,"120,526",50% bullish,of 2 ratings,$2.20
AVGR,$14.96,1440864624726,"28,648",100% bearish,of 1 rating,$20
AVID,$8.51,1440864624767,"262,047",100% bearish,of 1 rating,$20
AWRE,$3.18,1440864624810,"9,746",67% bullish,of 3 ratings,N/A
AXPW,$1.06,1440864624937,"50,386",83% bullish,of 6 ratings,N/A
CAR,$43.59,1440864625041,"772,875",80% bullish,of 5 ratings,$60
AXGN,$4.88,1440864625070,"266,524",Not yet rated,NULL,$5
AXTI,$2.2,1440864625096,"30,041",50% bullish,of 2 ratings,$2.75
AXPWW,NULL,1440864625264,0,Not yet rated,NULL,N/A
ACLS,$3.17,1440864625309,"211,572",67% bullish,of 6 ratings,$4.75
RILY,NULL,1440864625365,0,Not yet rated,NULL,N/A
BCOM,$18.86,1440864625410,80,100% bearish,of 1 rating,N/A
BOSC,$2.17,1440864625435,"2,700",50% bullish,of 2 ratings,N/A
BCPC,$58.23,1440864625578,"129,590",100% bearish,of 1 rating,$75
BEAV,$49.39,1440864625626,"564,180",67% bearish,of 3 ratings,$59
BWINA,NULL,1440864625717,0,Not yet rated,NULL,N/A
BWINB,$23.05,1440864625749,"5,630",Not yet rated,NULL,N/A
BLDP,$1.28,1440864625781,"333,343",91% bullish,of 22 ratings,$2.50
BIDU,$152.41,1440864625846,"2,202,325",81% bullish,of 88 ratings,$210
BANF,$59.87,1440864625944,"10,874",Not yet rated,NULL,$68
BANFP,NULL,1440864626003,0,Not yet rated,NULL,N/A
BOCH,$5.75,1440864626133,"7,098",Not yet rated,NULL,$6.50
BMRC,$47.78,1440864626160,"6,078",Not yet rated,NULL,$52
BKSC,$16.38,1440864626186,"1,895",Not yet rated,NULL,N/A
BKMU,$7.2,1440864626212,"106,117",Not yet rated,NULL,$8
BFIN,$11.98,1440864626347,"805,971",Not yet rated,NULL,$13
BWFG,$17.89,1440864626430,"86,221",100% bearish,of 1 rating,N/A
BANR,$43.67,1440864626484,"52,487",100% bullish,of 3 ratings,$50
OZRK,$41.65,1440864626512,"340,296",67% bullish,of 3 ratings,$49.50
BZUN,$5.29,1440864626542,"324,008",50% bullish,of 2 ratings,$11.50
BOTJ,$10.93,1440864626570,51,Not yet rated,NULL,N/A
TAPR,$31.36,1440864626643,"1,065",100% bearish,of 1 rating,N/A
BHACR,NULL,1440864626737,0,Not yet rated,NULL,N/A
BHACW,NULL,1440864626899,0,Not yet rated,NULL,N/A
BHACU,NULL,1440864627043,0,Not yet rated,NULL,N/A
BSET,$28.97,1440864627092,"65,844",100% bearish,of 1 rating,$35
BYBK,$4.88,1440864627121,"12,262",100% bearish,of 1 rating,N/A
BYLK,$12.75,1440864627223,"3,944",Not yet rated,NULL,$14
BV,$5.16,1440864627254,"390,911",67% bullish,of 6 ratings,$9
BHAC,$9.81,1440864627275,400,Not yet rated,NULL,N/A
BBCN,$14.41,1440864627359,"235,503",100% bearish,of 1 rating,$16
BDCV,$4.92,1440864627459,"8,428",100% bearish,of 1 rating,$10.19
BCBP,$11.51,1440864627503,"2,786",Not yet rated,NULL,N/A
BSF,$8.56,1440864627568,"14,316",Not yet rated,NULL,N/A
BEBE,$1.35,1440864627632,"2,507,789",75% bullish,of 4 ratings,$3.075
BBSI,$35.46,1440864627671,"44,948",67% bearish,of 3 ratings,$62.50
BECN,$35.38,1440864627700,"319,053",50% bullish,of 2 ratings,$40
BBBY,$62.32,1440864627800,"1,490,780",71% bullish,of 7 ratings,$75
BBGI,$4.07,1440864628007,514,100% bearish,of 1 rating,N/A
BELFB,$17.97,1440864628118,"23,081",100% bearish,of 1 rating,N/A
BELFA,$16.95,1440864628148,24,100% bearish,of 1 rating,N/A
BLCM,$17.34,1440864628219,"156,508",50% bullish,of 4 ratings,$40
BNCL,$12.42,1440864628245,"203,255",100% bullish,of 3 ratings,$12.50
BLPH,$5.04,1440864628379,"6,129",100% bearish,of 1 rating,$12.50
BGCP,$8.735,1440864628470,"654,941",88% bullish,of 8 ratings,$14
BGMD,$0.7251,1440864628602,"219,421",100% bullish,of 10 ratings,N/A
BGFV,$11.1,1440864628627,"86,024",57% bullish,of 7 ratings,$12
BIND,$4.45,1440864628652,"49,598",75% bullish,of 4 ratings,$13.50
ORPN,$5.97,1440864628678,"20,587",100% bullish,of 1 rating,$28.50
BNFT,$36.35,1440864628808,"83,611",67% bullish,of 3 ratings,$46
BCDA,NULL,1440864628833,0,Not yet rated,NULL,N/A
BASI,$1.6,1440864628862,"3,810",Not yet rated,NULL,N/A
BIOC,$1.98,1440864628883,"102,773",83% bullish,of 6 ratings,$3.85
BIOD,$0.6435,1440864629013,"49,279",80% bullish,of 5 ratings,$4
BNTC,$7.9937,1440864629038,"46,904",100% bullish,of 1 rating,N/A
BDSI,$6.87,1440864629064,"493,039",88% bullish,of 8 ratings,$17
BCRX,$11.42,1440864629288,"314,110",63% bullish,of 8 ratings,$18
BIOL,$1.43,1440864629497,"19,466",Not yet rated,NULL,N/A
BIIB,$303.69,1440864629560,"1,407,281",88% bullish,of 16 ratings,$400
BLFS,$1.98,1440864629600,"21,237",100% bearish,of 1 rating,$4.75
BVXVW,$0.7,1440864629809,300,100% bearish,of 1 rating,N/A
BMRN,$132.0147,1440864629888,"575,644",80% bullish,of 5 ratings,$160
BVXV,$3.6325,1440864629916,"2,361",Not yet rated,NULL,N/A
BLRX,$1.53,1440864629941,"208,226",100% bullish,of 12 ratings,$5
BIOS,$2.46,1440864630116,"689,760",71% bullish,of 7 ratings,$4
BPTH,$1.11,1440864630143,"55,103",100% bullish,of 2 ratings,$5
BSPM,$0.67,1440864630218,"65,101",50% bullish,of 2 ratings,N/A
BBP,$33.4,1440864630271,"19,508",Not yet rated,NULL,N/A
BRLI,NULL,1440864630297,0,NULL,NULL,NULL
BSTC,$52.12,1440864630318,"40,800",100% bearish,of 1 rating,$76
BBC,$31.95,1440864630347,"9,881",Not yet rated,NULL,N/A
TECH,$96.5,1440864630623,"280,906",100% bullish,of 1 rating,$117
BOTA,$2.18,1440864630811,"25,205",88% bullish,of 8 ratings,N/A
BEAT,$14.67,1440864630943,"218,630",67% bearish,of 3 ratings,$15
BDMS,$12.64,1440864630979,84,100% bearish,of 1 rating,N/A
BBOX,$15.07,1440864631218,"96,363",100% bearish,of 1 rating,N/A
BITI,$17.095,1440864631256,"19,344",100% bullish,of 1 rating,$28
BKCC,$9.304,1440864631345,"302,275",50% bullish,of 2 ratings,$10
BDE,$7.5,1440864631372,"75,507",50% bullish,of 2 ratings,$9
HAWK,$40.26,1440864631393,"239,630",91% bullish,of 11 ratings,$49
BBRY,$7.32,1440864631426,"3,500,684",61% bullish,of 330 ratings,$9
BJRI,$44.26,1440864631447,"170,972",50% bullish,of 2 ratings,$55
BLKB,$57.86,1440864631482,"156,655",100% bearish,of 2 ratings,$66
ADRD,$22.21,1440864631581,"11,305",100% bearish,of 1 rating,N/A
ADRA,$27.5,1440864631623,"2,800",100% bearish,of 1 rating,N/A
BLMN,$20.51,1440864631837,"1,243,002",83% bullish,of 6 ratings,$27.50
ADRE,$30.08,1440864631862,"10,155",100% bearish,of 1 rating,N/A
ADRU,$21.9113,1440864631910,"1,280",100% bearish,of 1 rating,N/A
BUFF,$26.31,1440864632058,"184,065",83% bullish,of 12 ratings,$31.50
NILE,$34.3,1440864632341,"81,168",50% bullish,of 2 ratings,$34
BHBK,$13.84,1440864632362,"32,621",100% bullish,of 1 rating,$14.50
BCOR,$13.81,1440864632403,"189,735",57% bullish,of 7 ratings,$15
BBLU,$0.78,1440864632424,"112,994",100% bullish,of 2 ratings,$4.43
BKEP,$6.34,1440864632459,"19,498",100% bearish,of 1 rating,$8.50
BLUE,$137.47,1440864632492,"296,264",71% bullish,of 7 ratings,$217.50
BPMC,$26.84,1440864632520,"69,527",50% bullish,of 2 ratings,$47.50
BLBD,$11.96,1440864632554,"9,660",Not yet rated,NULL,N/A
BKEPP,$7.61,1440864632656,"6,200",100% bearish,of 1 rating,N/A
BNCN,$20.56,1440864632731,"117,776",Not yet rated,NULL,$24
BOFI,$117.62,1440864632756,"213,540",100% bullish,of 6 ratings,$144
WIFI,$7.62,1440864632992,"145,572",50% bullish,of 2 ratings,$13.50
BOJA,$21.44,1440864633018,"58,055",100% bullish,of 1 rating,$30
BOBE,$43.6,1440864633050,"117,836",75% bullish,of 4 ratings,$57
BAMM,$3.1,1440864633090,"24,796",60% bullish,of 5 ratings,N/A
BNSO,$1.31,1440864633120,630,100% bearish,of 1 rating,N/A
BOKF,$62.3925,1440864633148,"164,013",100% bearish,of 1 rating,$69
BPFHP,$24.85,1440864633179,"11,250",100% bearish,of 1 rating,N/A
BPFH,$11.79,1440864633218,"250,539",100% bearish,of 1 rating,$14
BONA,$11.64,1440864633322,"107,333",75% bullish,of 4 ratings,$8.50
BDBD,$8.39,1440864633423,"451,957",60% bullish,of 5 ratings,$10
BPFHW,$5.15,1440864633451,"3,330",100% bearish,of 1 rating,N/A
EPAY,$26.94,1440864633588,"177,935",100% bearish,of 2 ratings,$30
BCLI,$3.04,1440864633610,"50,501",80% bullish,of 5 ratings,$12
BBRG,$12.72,1440864633637,"69,040",67% bullish,of 3 ratings,$14.50
BBEP,$2.94,1440864633692,"2,796,108",69% bullish,of 13 ratings,$5.625
BBEPP,$13.4,1440864633775,"61,890",100% bearish,of 1 rating,N/A
BRID,NULL,1440864633884,0,100% bearish,of 1 rating,N/A
BCOV,$5.32,1440864633935,"68,688",67% bullish,of 3 ratings,$10.20
BRCM,$51.79,1440864633961,"2,529,830",75% bullish,of 12 ratings,$56
BDGE,$26.21,1440864633982,"17,166",Not yet rated,NULL,$31.75
BLIN,$1.36,1440864634019,"5,087",100% bullish,of 2 ratings,$2.20
BYFC,$1.36,1440864634113,"5,967",50% bullish,of 2 ratings,N/A
BSFT,$31.63,1440864634193,"88,378",57% bullish,of 7 ratings,$40.50
BVSN,$6.01,1440864634253,"13,669",60% bearish,of 5 ratings,N/A
BWEN,$3.18,1440864634324,"34,309",100% bullish,of 3 ratings,$8
BRCD,$10.553,1440864634356,"2,104,384",92% bullish,of 13 ratings,$11.50
BRKL,$10.51,1440864634383,"272,340",100% bearish,of 1 rating,$10.75
BRKS,$10.41,1440864634519,"127,627",67% bullish,of 3 ratings,$15.25
BMTC,$29.2,1440864634549,"98,064",Not yet rated,NULL,$34
BRKR,$18.4692,1440864634590,"392,981",100% bearish,of 2 ratings,$22
BSQR,$6.15,1440864634650,"55,497",67% bullish,of 3 ratings,N/A
BWLD,$194.06,1440864634716,"166,257",82% bullish,of 11 ratings,$205
BLMT,$20.6,1440864634752,"11,270",Not yet rated,NULL,N/A
BLDR,$14.48,1440864634782,"484,766",67% bullish,of 3 ratings,$22
BUR,$1.74,1440864634917,"6,743",100% bearish,of 1 rating,$8
CFFI,$36.19,1440864634946,"7,589",100% bearish,of 1 rating,N/A
CHRW,$67.2467,1440864634975,"1,365,634",Not yet rated,NULL,$72
CA,$27.26,1440864635057,"2,293,564",50% bullish,of 4 ratings,$33
CDNS,$20.14,1440864635119,"1,265,237",75% bullish,of 4 ratings,$22.50
CCMP,$43.53,1440864635146,"79,642",50% bullish,of 2 ratings,$59
CDZI,$8.14,1440864635226,"84,491",100% bearish,of 1 rating,N/A
CZR,$9.17,1440864635273,"738,436",60% bearish,of 5 ratings,$10.50
CACQ,$7.53,1440864635300,"56,359",100% bearish,of 1 rating,$12.25
CSTE,$40.5,1440864635363,"114,834",50% bullish,of 2 ratings,$65
CLBS,$1.44,1440864635435,"118,591",79% bullish,of 14 ratings,$4
PRSS,$4.55,1440864635463,"10,528",80% bullish,of 5 ratings,$4.50
CHY,$11.47,1440864635539,"160,991",Not yet rated,NULL,N/A
CCD,$19.38,1440864635608,"81,611",Not yet rated,NULL,N/A
CLMS,$10.61,1440864635633,"65,837",Not yet rated,NULL,$10.50
CHI,$10.6,1440864635683,"101,782",100% bearish,of 1 rating,N/A
CFGE,NULL,1440864635774,0,Not yet rated,NULL,N/A
CHW,$7.64,1440864635800,"278,918",100% bearish,of 1 rating,N/A
CSQ,$9.96,1440864636156,"222,801",Not yet rated,NULL,N/A
CGO,$12.01,1440864636185,"13,619",100% bearish,of 1 rating,N/A
CVGW,$59.23,1440864636225,"104,521",50% bullish,of 2 ratings,$58.50
CAMP,$16.59,1440864636256,"249,483",88% bullish,of 8 ratings,$25
CALA,$5.78,1440864636283,"350,686",100% bullish,of 3 ratings,$19.50
CFNB,$13.31,1440864636415,301,100% bearish,of 1 rating,N/A
CALD,$15.94,1440864636474,"214,263",100% bearish,of 1 rating,$21
CLMT,$26.1156,1440864636507,"157,345",75% bullish,of 8 ratings,$31
CALM,$50.25,1440864636557,"273,365",80% bullish,of 5 ratings,$65
CAMBU,NULL,1440864636608,0,100% bearish,of 1 rating,N/A
CAMB,$9.95,1440864636633,"3,000",Not yet rated,NULL,N/A
CAMBW,NULL,1440864636664,0,Not yet rated,NULL,N/A
ABCD,$5.28,1440864636686,"155,994",83% bullish,of 6 ratings,N/A
CSIQ,$18.9253,1440864636824,"1,536,120",86% bullish,of 28 ratings,$42.50
CAMT,$2.72,1440864636871,"11,795",73% bullish,of 11 ratings,$4
CAC,$40.25,1440864636929,"5,351",Not yet rated,NULL,N/A
CGIX,$9.96,1440864637123,"20,078",67% bullish,of 3 ratings,$14.375
CPHC,$10.3,1440864637160,"1,608",100% bearish,of 1 rating,N/A
CSWC,$45.86,1440864637216,"14,727",Not yet rated,NULL,N/A
CBF,$29.0025,1440864637242,"163,441",Not yet rated,NULL,$32
CPLP,$6.85,1440864637309,"246,034",71% bullish,of 7 ratings,$11
CBNJ,$11.09,1440864637340,"17,605",100% bullish,of 1 rating,N/A
CCBG,$14.99,1440864637368,"18,070",Not yet rated,NULL,$17.25
CPTA,$13.69,1440864637443,"45,514",100% bearish,of 1 rating,$18.50
CFFN,$12.03,1440864637501,"444,730",Not yet rated,NULL,$12.75
CPLA,$49.2,1440864637534,"111,385",67% bearish,of 3 ratings,$65
CAPNW,NULL,1440864637633,0,Not yet rated,NULL,N/A
CAPN,$2.27,1440864637660,"216,917",100% bullish,of 1 rating,$10.85
CAPR,$4.28,1440864637685,"3,636",Not yet rated,NULL,$12
CPST,$0.4182,1440864637826,"1,396,611",95% bullish,of 22 ratings,$1.25
CBYL,$5.38,1440864637965,"28,815",100% bearish,of 1 rating,$20
CARA,$19.25,1440864638034,"104,767",50% bullish,of 4 ratings,$25
CSII,$24.24,1440864638069,"97,779",100% bearish,of 2 ratings,$42.125
CARB,$11.28,1440864638095,"80,399",75% bullish,of 4 ratings,$12
CRDC,$0.37,1440864638128,"98,459",100% bullish,of 1 rating,$1.25
CATM,$34.65,1440864638165,"145,056",100% bearish,of 1 rating,$44
CFNL,$21.88,1440864638195,"97,527",Not yet rated,NULL,$24
CRME,$8.86,1440864638226,"6,283",89% bullish,of 9 ratings,$11.25
CDNA,$6.86,1440864638366,"9,849",100% bearish,of 1 rating,$9
CECO,$3.78,1440864638502,"325,880",67% bearish,of 3 ratings,$6
CKEC,$23.45,1440864638528,"112,092",50% bullish,of 2 ratings,$35.915
CTRE,$11.32,1440864638561,"366,158",50% bullish,of 2 ratings,$13.50
CART,$5.35,1440864638658,"1,687",100% bearish,of 1 rating,N/A
CLBH,$12.7,1440864638682,"1,504",Not yet rated,NULL,$16.50
CARO,$15.52,1440864638707,686,100% bearish,of 1 rating,$19
TAST,$12.68,1440864638872,"294,920",Not yet rated,NULL,$14.25
CACB,$5.28,1440864638922,"28,460",Not yet rated,NULL,$5.50
CRZO,$35.27,1440864638956,"1,680,807",67% bearish,of 3 ratings,$55
CASM,$1.13,1440864639006,"169,953",100% bullish,of 1 rating,$3.50
CARV,$7,1440864639037,"3,573",50% bullish,of 2 ratings,N/A
CWST,$6.25,1440864639070,"94,168",50% bullish,of 2 ratings,$7.25
CRTN,$2.49,1440864639091,"4,420",100% bearish,of 1 rating,N/A
CSCD,$14.97,1440864639137,"29,328",100% bullish,of 2 ratings,$17
CASY,$106.08,1440864639362,"164,558",50% bullish,of 2 ratings,$99.50
CASI,$1.45,1440864639428,"16,210",100% bullish,of 1 rating,$3.50
CASS,$48.74,1440864639511,"12,195",100% bearish,of 1 rating,N/A
CATB,$12.3,1440864639655,"12,584",100% bearish,of 1 rating,$28
CVCO,$71.58,1440864639686,"22,860",100% bearish,of 1 rating,N/A
CAVM,$68.35,1440864639708,"259,220",67% bearish,of 3 ratings,$72
CPRX,$3.64,1440864639729,"252,829",71% bullish,of 7 ratings,$7
CATY,$29.47,1440864639769,"526,220",100% bearish,of 1 rating,$33.50
CBFV,$20.23,1440864639796,"1,904",Not yet rated,NULL,$25
CNLM,$9.92,1440864639877,"5,100",Not yet rated,NULL,N/A
CATYW,NULL,1440864639926,0,100% bearish,of 1 rating,N/A
CNLMU,NULL,1440864640009,0,100% bullish,of 1 rating,N/A
CNLMW,NULL,1440864640037,0,Not yet rated,NULL,N/A
CBOE,$63.82,1440864640067,"270,550",Not yet rated,NULL,$60
CNLMR,NULL,1440864640145,0,Not yet rated,NULL,N/A
CDK,$49.69,1440864640219,"401,908",67% bearish,of 3 ratings,$50
CDW,$39.95,1440864640348,"682,521",75% bullish,of 4 ratings,$44
CELG,$123.72,1440864640404,"3,113,278",92% bullish,of 13 ratings,$155.50
CPXX,$2.09,1440864640429,"73,775",100% bullish,of 2 ratings,$7
CECE,$9.72,1440864640481,"43,721",50% bullish,of 2 ratings,$16
CLDX,$15.36,1440864640672,"795,869",89% bullish,of 9 ratings,$36
CELGZ,$1.84,1440864640700,130,80% bullish,of 5 ratings,N/A
CLRB,$3.07,1440864640732,"3,191",100% bearish,of 1 rating,N/A
CLDN,$1.11,1440864640754,"380,623",71% bullish,of 7 ratings,$3
CLLS,$33.23,1440864640775,"43,557",75% bullish,of 4 ratings,$51.50
CBMG,$23.56,1440864640813,"38,037",50% bullish,of 2 ratings,N/A
CLRBW,NULL,1440864640834,0,Not yet rated,NULL,N/A
CYAD,NULL,1440864641042,0,100% bullish,of 1 rating,$87.50
CLSN,$2.06,1440864641071,"73,145",80% bullish,of 10 ratings,$7.50
CLTX,$2.42,1440864641137,"133,553",100% bullish,of 2 ratings,N/A
CEMP,$35.8,1440864641167,"347,148",71% bullish,of 7 ratings,$52
CETX,$2.36,1440864641236,"4,400",Not yet rated,NULL,$5.60
CSFL,$13.59,1440864641336,"87,153",Not yet rated,NULL,$15
CETV,$2.14,1440864641371,"134,612",67% bullish,of 3 ratings,$2.80
CFBK,$1.37,1440864641403,"2,096",Not yet rated,NULL,N/A
CENTA,$12.55,1440864641470,"406,884",Not yet rated,NULL,N/A
CVCY,$11.26,1440864641635,"19,319",Not yet rated,NULL,$12
CENT,$12.18,1440864641694,"51,466",Not yet rated,NULL,$10
CENX,$5.51,1440864641770,"2,154,129",67% bullish,of 6 ratings,$9
CNTY,$5.65,1440864641831,"30,032",80% bullish,of 5 ratings,$7.75
CNBKA,$41.6,1440864641856,"1,243",50% bullish,of 2 ratings,N/A
CRNT,$1.43,1440864641886,"82,256",50% bullish,of 2 ratings,$2
CPHD,$50.36,1440864641934,"387,374",67% bearish,of 3 ratings,$66.50
CERU,$3.78,1440864641990,"42,073",75% bullish,of 4 ratings,$15
CERN,$63.13,1440864642121,"1,747,634",67% bullish,of 3 ratings,$79
CERE,$1.14,1440864642155,"230,627",88% bullish,of 8 ratings,N/A
KOOL,$0.67,1440864642180,"40,840",100% bullish,of 5 ratings,$7
CERS,$4.85,1440864642204,"305,160",75% bullish,of 4 ratings,$7
CEVA,$19.13,1440864642257,"98,749",100% bearish,of 1 rating,$25
CYOU,$20.64,1440864642362,"99,352",50% bullish,of 6 ratings,$24
HOTR,$1.42,1440864642426,"119,259",100% bullish,of 2 ratings,$5
HOTRW,NULL,1440864642491,0,Not yet rated,NULL,N/A
CTHR,$1.3,1440864642556,"7,326",50% bullish,of 2 ratings,$2.50
GTLS,$24.36,1440864642658,"352,866",50% bullish,of 4 ratings,$40
CHTR,$180.1921,1440864642687,"506,492",100% bearish,of 2 ratings,$196
CHFN,$12.38,1440864642728,"17,917",Not yet rated,NULL,$14
CHEK,$2.1,1440864642790,"3,047",Not yet rated,NULL,$7.75
CHEKW,NULL,1440864642815,0,Not yet rated,NULL,N/A
CHKP,$78.7204,1440864642858,"690,963",50% bullish,of 4 ratings,$92
CHFC,$31.4,1440864642888,"83,177",100% bearish,of 1 rating,$36
CEMI,$4.25,1440864642992,"18,500",50% bullish,of 2 ratings,$7.50
CCXI,$6.5,1440864643017,"58,200",67% bullish,of 3 ratings,$14
CHMG,$26.15,1440864643152,520,Not yet rated,NULL,$30
CHEV,$14.42,1440864643212,"2,230",Not yet rated,NULL,N/A
CHKE,$25.46,1440864643240,"11,637",100% bearish,of 1 rating,$32.50
CHMA,$25.42,1440864643271,"56,946",Not yet rated,NULL,$40
CBNK,$16.25,1440864643376,"7,266",100% bearish,of 1 rating,N/A
PLCE,$59.63,1440864643406,"171,366",100% bearish,of 1 rating,$69
CMRX,$50.48,1440864643510,"233,277",50% bullish,of 2 ratings,$57
CADC,NULL,1440864643550,0,78% bullish,of 9 ratings,N/A
CBAK,$2.02,1440864643581,"47,677",67% bullish,of 9 ratings,N/A
CAAS,$6.55,1440864643685,"22,438",93% bullish,of 14 ratings,$11.50
CCCL,$0.783,1440864643716,"8,319",100% bullish,of 6 ratings,N/A
CALI,$0.89,1440864643748,"13,298",67% bullish,of 3 ratings,N/A
CCCR,$0.79,1440864643769,"1,440",67% bearish,of 3 ratings,N/A
CBPO,$99.9369,1440864643853,"135,210",75% bullish,of 8 ratings,$140.50
CHOP,$1.16,1440864643984,"3,443",50% bullish,of 2 ratings,N/A
JRJC,$3.64,1440864644021,"75,212",82% bullish,of 11 ratings,N/A
HGSH,$1.81,1440864644069,"5,114",67% bullish,of 3 ratings,N/A
CHLN,$1.99,1440864644123,"5,524",67% bullish,of 3 ratings,N/A
CJJD,$1.87,1440864644254,"12,291",100% bullish,of 1 rating,N/A
CNIT,$1.37,1440864644283,"110,498",67% bullish,of 6 ratings,N/A
CPGI,NULL,1440864644350,0,Not yet rated,NULL,N/A
CHNR,$1.57,1440864644383,"4,716",100% bearish,of 1 rating,N/A
HTHT,$25.57,1440864644452,"81,705",50% bullish,of 2 ratings,$28.40
CSUN,$1.48,1440864644480,"12,166",80% bullish,of 5 ratings,N/A
CREG,$0.7,1440864644514,"37,457",100% bullish,of 3 ratings,N/A
CXDC,$5.72,1440864644611,"37,730",67% bearish,of 3 ratings,N/A
CNYD,$3.35,1440864644658,"14,299",67% bullish,of 3 ratings,N/A
CNTF,$0.804,1440864644691,"91,538",Not yet rated,NULL,N/A
CCIH,$7.31,1440864644826,"195,215",67% bullish,of 6 ratings,$12.65
CNET,$0.898,1440864644856,"40,200",50% bullish,of 2 ratings,N/A
CHSCL,$27.01,1440864644958,"14,960",Not yet rated,NULL,N/A
IMOS,$18.56,1440864644986,"157,340",60% bullish,of 5 ratings,$21.50
CHSCM,$26.12,1440864645011,"14,760",Not yet rated,NULL,N/A
CHSCN,$27.27,1440864645039,"2,175",Not yet rated,NULL,N/A
CHSCO,$28.31,1440864645066,"2,888",Not yet rated,NULL,N/A
CHDN,$133.5,1440864645202,"100,896",Not yet rated,NULL,$165
CHUY,$31.57,1440864645234,"143,174",50% bullish,of 2 ratings,$34
CHSCP,$30.51,1440864645294,"4,500",Not yet rated,NULL,N/A
CDTX,$14.67,1440864645360,"15,045",Not yet rated,NULL,$22
CIFC,$7.04,1440864645395,"4,824",100% bearish,of 1 rating,N/A
CMCT,$15.3899,1440864645463,200,100% bearish,of 1 rating,N/A
CINF,$52.79,1440864645607,"561,411",50% bullish,of 4 ratings,$50.50
CIDM,$0.5736,1440864645641,"95,380",50% bullish,of 2 ratings,$2.10
CMPR,$73.46,1440864645667,"272,387",50% bullish,of 2 ratings,$72.50
CTAS,$85.3785,1440864645740,"330,304",100% bearish,of 1 rating,$91
CPHR,$5.33,1440864645801,"49,892",100% bearish,of 1 rating,$17
CSCO,$26.02,1440864645829,"21,265,874",84% bullish,of 209 ratings,$32
CRUS,$30.21,1440864645926,"732,197",75% bullish,of 12 ratings,$44.50
CZWI,$8.97,1440864646026,974,Not yet rated,NULL,N/A
CTRN,$26.73,1440864646056,"81,046",100% bearish,of 1 rating,$31.50
CZNC,$19.84,1440864646087,"9,181",Not yet rated,NULL,N/A
CZFC,NULL,1440864646159,0,Not yet rated,NULL,N/A
CIZN,$19.33,1440864646183,"2,439",Not yet rated,NULL,N/A
CHCO,$47.25,1440864646392,"42,647",Not yet rated,NULL,$46
CIVBP,$33.21,1440864646424,353,Not yet rated,NULL,N/A
CTXS,$68.69,1440864646452,"1,229,256",86% bullish,of 7 ratings,$80
CIVB,$10.07,1440864646526,"6,435",Not yet rated,NULL,$11
CDTI,$1.61,1440864646556,"54,168",75% bullish,of 4 ratings,$3.20
CLNT,$1.5,1440864646582,"17,654",75% bullish,of 8 ratings,N/A
CLNE,$5.18,1440864646661,"972,530",80% bullish,of 15 ratings,$9
CLFD,$17.21,1440864646738,"38,655",67% bullish,of 3 ratings,$18
CLRO,$11.51,1440864646794,"4,079",50% bullish,of 2 ratings,$14.25
CLIR,$4.67,1440864646894,"79,948",100% bullish,of 3 ratings,N/A
CBLI,$3.8,1440864646926,"30,681",60% bullish,of 5 ratings,N/A
CSBK,$13.62,1440864646975,"66,040",Not yet rated,NULL,N/A
CMFN,$11.17,1440864647024,"26,820",100% bearish,of 1 rating,$15.50
CLVS,$80.54,1440864647246,"406,345",60% bullish,of 5 ratings,$101.50
CME,$94.62,1440864647276,"1,009,749",67% bullish,of 3 ratings,$102
CCNE,$16.98,1440864647308,"9,188",50% bullish,of 2 ratings,$21.50
CISG,$7.81,1440864647336,"67,936",100% bullish,of 5 ratings,$10
COBZ,$12.84,1440864647377,"40,728",100% bullish,of 1 rating,$14
CNV,$4.43,1440864647406,"28,444",50% bullish,of 2 ratings,$7.15
CWAY,$11.11,1440864647471,"4,726",Not yet rated,NULL,N/A
COKE,$157.56,1440864647503,"23,920",79% bullish,of 19 ratings,N/A
CDRB,$13.97,1440864647633,"24,525",67% bullish,of 3 ratings,N/A
CVLY,$20.32,1440864647663,722,Not yet rated,NULL,N/A
CDXS,$3.8,1440864647707,"19,698",64% bullish,of 11 ratings,$6
JVA,$4.63,1440864647764,"11,572",83% bullish,of 6 ratings,$7
CCOI,$27.46,1440864647910,"445,468",50% bullish,of 4 ratings,$35
CGNT,$1.53,1440864647972,"56,889",100% bullish,of 2 ratings,$2
CGNX,$35.49,1440864648040,"359,217",50% bullish,of 2 ratings,$47
CTSH,$63.72,1440864648069,"2,758,536",90% bullish,of 10 ratings,$75
COHU,$9.65,1440864648114,"127,716",100% bearish,of 1 rating,$14.25
COHR,$57.83,1440864648146,"78,704",50% bullish,of 2 ratings,$72
CHRS,$28.98,1440864648177,"79,672",67% bearish,of 3 ratings,$37
CLRX,$0.54,1440864648243,"44,213",50% bullish,of 2 ratings,N/A
CLCT,$18.27,1440864648277,"26,386",100% bearish,of 1 rating,N/A
COLL,$15.34,1440864648382,"40,817",100% bearish,of 1 rating,$26
CBAN,$8.75,1440864648451,"1,516",Not yet rated,NULL,N/A
CIGI,$43.29,1440864648480,"40,937",100% bearish,of 1 rating,$52
CLCD,$6.63,1440864648583,"68,876",100% bearish,of 1 rating,$20.50
COLB,$30.05,1440864648641,"150,126",Not yet rated,NULL,$36
CMCO,$18.73,1440864648742,"73,520",60% bullish,of 5 ratings,$28
CBMX,$1.1,1440864648767,"19,525",83% bullish,of 6 ratings,$3.15
CMCSK,$57.62,1440864648921,"1,941,868",Not yet rated,NULL,$84
CBSH,$44.5989,1440864648947,"229,533",50% bullish,of 2 ratings,$46
COLM,$60.64,1440864649083,"88,479",100% bearish,of 1 rating,$71
CBSHP,$25.42,1440864649117,"26,034",100% bearish,of 1 rating,N/A
CVGI,$4.96,1440864649138,"43,835",50% bullish,of 2 ratings,$6
CMCSA,$56.77,1440864649170,"7,743,132",66% bullish,of 35 ratings,$69.50
CUBN,NULL,1440864649195,0,Not yet rated,NULL,N/A
COMM,$31.9,1440864649225,"725,355",67% bearish,of 3 ratings,$35
CSAL,$20.6041,1440864649327,"433,349",75% bullish,of 4 ratings,$30
JCS,$8.61,1440864649520,"7,525",67% bullish,of 3 ratings,N/A
ESXB,$5.06,1440864649548,"3,468",Not yet rated,NULL,N/A
CYHHZ,$0.01,1440864649586,"76,000",100% bullish,of 1 rating,N/A
CTBI,$34.87,1440864649651,"53,139",Not yet rated,NULL,$36
CVLT,$35.7,1440864649783,"499,857",75% bullish,of 4 ratings,$44.50
CWBC,$6.7,1440864649813,"1,519",Not yet rated,NULL,N/A
COB,$10.44,1440864649845,"13,253",100% bullish,of 1 rating,$11.75
CIL,NULL,1440864649870,0,Not yet rated,NULL,N/A
CIZ,$33.45,1440864649949,"1,507",100% bearish,of 1 rating,N/A
CID,NULL,1440864650004,0,Not yet rated,NULL,N/A
CSA,NULL,1440864650029,0,Not yet rated,NULL,N/A
CDC,$34.78,1440864650166,"3,743",Not yet rated,NULL,N/A
CSF,$36.75,1440864650203,"4,489",100% bearish,of 1 rating,N/A
CFO,$35.63,1440864650291,"150,250",100% bearish,of 1 rating,N/A
CFA,$35.7,1440864650321,900,100% bearish,of 1 rating,N/A
CDL,NULL,1440864650345,0,Not yet rated,NULL,N/A
CSB,$32.92,1440864650394,200,Not yet rated,NULL,N/A
CGEN,$5.2,1440864650418,"49,804",50% bullish,of 2 ratings,$11
CPSI,$45.63,1440864650556,"70,148",100% bearish,of 1 rating,$45.50
SCOR,$53.74,1440864650635,"303,382",100% bearish,of 1 rating,$66
CMTL,$25.29,1440864650666,"132,707",100% bearish,of 2 ratings,$37
CTG,$6.51,1440864650688,"63,423",100% bearish,of 1 rating,$8.50
CHCI,$0.65,1440864650723,"20,669",50% bullish,of 2 ratings,N/A
CNSI,$18.77,1440864650821,"63,344",100% bearish,of 2 ratings,$29
CNAT,$4.05,1440864650851,"58,100",83% bullish,of 6 ratings,$13
CXRX,$75.05,1440864650977,"5,908",100% bearish,of 1 rating,$90
CNCE,$15.95,1440864651043,"103,480",75% bullish,of 4 ratings,$22
CDOR,$1.35,1440864651072,"4,361",100% bullish,of 1 rating,N/A
CCUR,$5.46,1440864651175,"80,309",75% bullish,of 4 ratings,N/A
CDORP,$7,1440864651206,400,100% bearish,of 1 rating,N/A
CDORO,$18.95,1440864651230,"1,200",100% bearish,of 1 rating,N/A
CFMS,$19.77,1440864651307,"86,468",Not yet rated,NULL,$27
CNFR,$10.18,1440864651436,"11,241",Not yet rated,NULL,N/A
CNMD,$53.23,1440864651493,"80,020",Not yet rated,NULL,$59
CNXR,$6.93,1440864651521,"72,869",100% bearish,of 1 rating,$12
CTWS,$34.5,1440864651555,"20,376",100% bearish,of 1 rating,$44
CONN,$29.44,1440864651576,"528,417",67% bullish,of 3 ratings,$48.50
CNOB,$19.01,1440864651605,"42,656",100% bullish,of 1 rating,$23.50
CNSL,$19.76,1440864651652,"196,877",100% bearish,of 1 rating,$23
CWCO,$10.94,1440864651823,"91,573",67% bullish,of 3 ratings,$14.50
CTCT,$25.04,1440864651956,"195,271",67% bullish,of 3 ratings,$37
CFRX,$5.08,1440864651984,"7,722",Not yet rated,NULL,$14
CPSS,$5.6,1440864652011,"22,982",100% bullish,of 1 rating,$10
CFRXW,$1.95,1440864652087,"2,650",100% bearish,of 1 rating,N/A
CTRV,$3.68,1440864652154,"4,034",Not yet rated,NULL,$6.40
CRBP,$1.92,1440864652219,"146,083",100% bullish,of 2 ratings,$6.25
CTRL,$8.97,1440864652254,"133,195",50% bullish,of 2 ratings,$11
CFRXZ,$0.599,1440864652286,600,Not yet rated,NULL,N/A
CORT,$5.18,1440864652348,"216,538",67% bullish,of 3 ratings,$12
CORE,$59.67,1440864652379,"118,215",100% bearish,of 1 rating,$72
CPRT,$34.99,1440864652415,"286,933",67% bearish,of 3 ratings,$40
BVA,$3.75,1440864652511,627,50% bullish,of 2 ratings,N/A
CORI,$10.45,1440864652537,"37,147",100% bearish,of 1 rating,$18
CSOD,$36.17,1440864652562,"273,201",50% bullish,of 2 ratings,$42
CRVL,$30.91,1440864652790,"28,940",100% bearish,of 1 rating,N/A
COST,$140.29,1440864652827,"1,445,606",79% bullish,of 24 ratings,$154.50
COSI,$1.17,1440864652854,"158,610",100% bullish,of 1 rating,N/A
CSGP,$181.38,1440864652876,"68,173",50% bullish,of 2 ratings,$235
ICBK,$18.11,1440864652918,228,Not yet rated,NULL,$21
CPAH,$0.4301,1440864653039,"2,700",50% bullish,of 2 ratings,N/A
COVS,$2.7,1440864653060,"62,906",67% bullish,of 3 ratings,N/A
COWN,$5.23,1440864653094,"635,563",75% bullish,of 4 ratings,$7
CVTI,$23.51,1440864653123,"93,135",67% bearish,of 3 ratings,$39
COWNL,$26.65,1440864653229,"2,100",Not yet rated,NULL,N/A
CRAI,$22.05,1440864653264,"27,938",100% bearish,of 1 rating,$36
CPSH,$2.18,1440864653358,"1,167",Not yet rated,NULL,N/A
CBRL,$145.82,1440864653387,"142,127",50% bullish,of 2 ratings,$155
BREW,$7.97,1440864653492,"39,101",67% bullish,of 6 ratings,$15
CRAY,$20.41,1440864653524,"251,324",83% bullish,of 6 ratings,$38.50
CACC,$197.5495,1440864653658,"34,208",50% bullish,of 2 ratings,$158.50
SLVO,$10.04,1440864653687,"2,848",100% bearish,of 1 rating,N/A
CRESY,$10.35,1440864653717,"27,734",100% bearish,of 1 rating,$19
GLDI,$11.01,1440864653738,"3,640",100% bearish,of 1 rating,N/A
CREE,$26.99,1440864653786,"801,140",65% bullish,of 17 ratings,$29.50
CRTO,$43.1,1440864653822,"295,607",67% bullish,of 6 ratings,$64
CCRN,$14.14,1440864653954,"142,037",100% bearish,of 1 rating,$14.25
CRDS,$1,1440864653988,"42,738",75% bullish,of 4 ratings,$4.50
CROX,$14.52,1440864654086,"662,990",63% bullish,of 8 ratings,$16.50
CRWS,$8.07,1440864654137,"4,508",Not yet rated,NULL,$10
CRWN,$4.47,1440864654178,"38,249",75% bullish,of 4 ratings,N/A
CYRX,$2.885,1440864654217,"11,794",Not yet rated,NULL,$9
CSGS,$31.14,1440864654353,"222,878",Not yet rated,NULL,$40
CYRXW,$0.83,1440864654379,200,Not yet rated,NULL,N/A
CCLP,$15.38,1440864654416,"30,912",67% bearish,of 3 ratings,$20
CSPI,$5.71,1440864654511,516,67% bullish,of 3 ratings,N/A
CTCM,$1.83,1440864654540,"114,360",80% bearish,of 5 ratings,$3.90
CTIC,$1.6,1440864654592,"646,597",84% bullish,of 76 ratings,$5.75
CTIB,$3.63,1440864654646,"3,890",100% bearish,of 1 rating,N/A
CTRP,$71.1413,1440864654671,"1,216,212",75% bullish,of 8 ratings,$93
CUNB,$21.18,1440864654699,"14,251",Not yet rated,NULL,$24.50
CPIX,$6.04,1440864654902,"5,828",Not yet rated,NULL,N/A
CUI,$5.32,1440864654949,"29,604",50% bullish,of 2 ratings,$10
CUTR,$14.46,1440864655085,"32,831",67% bearish,of 3 ratings,$18
CVBF,$16,1440864655112,"493,743",Not yet rated,NULL,$18
CRIS,$2.59,1440864655133,"166,862",100% bullish,of 8 ratings,$6
CMLS,$1.42,1440864655165,"374,324",50% bullish,of 4 ratings,$6
CYAN,$7.6,1440864655267,"2,172",100% bearish,of 1 rating,N/A
CVV,$10.97,1440864655312,"7,294",100% bullish,of 5 ratings,N/A
CYBR,$52.4,1440864655341,"680,705",75% bullish,of 8 ratings,$66
CYBX,$67,1440864655407,"196,566",50% bullish,of 4 ratings,$71.50
CYCC,$0.55,1440864655439,"63,851",73% bullish,of 11 ratings,N/A
CYBE,$6.76,1440864655473,"22,725",100% bearish,of 1 rating,N/A
CYCCP,NULL,1440864655499,0,100% bearish,of 1 rating,N/A
CBAY,$2.63,1440864655568,"56,866",100% bullish,of 1 rating,$4
CYNA,$16.17,1440864655650,"27,144",50% bullish,of 2 ratings,$31.50
CYNO,$31.41,1440864655783,"137,063",67% bearish,of 3 ratings,$45.50
CY,$10.09,1440864655886,"2,674,911",80% bullish,of 10 ratings,$15.50
CYRN,$1.7,1440864655950,"29,421",67% bullish,of 3 ratings,$4
CTSO,$6.89,1440864655979,"27,244",Not yet rated,NULL,$15.625
CONE,$32.3,1440864656017,"247,421",67% bearish,of 3 ratings,$35.50
CYTR,$2.39,1440864656042,"318,266",67% bullish,of 6 ratings,$10
CYTK,$7,1440864656077,"180,145",71% bullish,of 14 ratings,$13.50
CYTX,$0.315,1440864656283,"2,360,173",83% bullish,of 12 ratings,$5.50
TVIZ,$19.51,1440864656340,"3,315",100% bearish,of 1 rating,N/A
XIV,$27,1440864656371,"18,307,444",75% bearish,of 4 ratings,N/A
DJCO,$191.42,1440864656401,502,Not yet rated,NULL,N/A
DAEG,$0.35,1440864656422,"11,063",100% bearish,of 1 rating,N/A
TVIX,$13.35,1440864656454,"14,107,659",81% bullish,of 16 ratings,N/A
ZIV,$40.01,1440864656475,"153,112",Not yet rated,NULL,N/A
DAIO,$2.49,1440864656747,"4,973",Not yet rated,NULL,N/A
DTLK,$5.85,1440864656773,"72,201",100% bearish,of 1 rating,$9
DARA,$0.86,1440864656802,"24,822",83% bullish,of 6 ratings,$1.50
DAKT,$8.64,1440864656853,"421,544",50% bullish,of 2 ratings,$12
DWCH,$5.26,1440864656902,"21,471",75% bullish,of 4 ratings,$8.25
DRAM,$1.28,1440864656957,"16,449",78% bullish,of 9 ratings,N/A
PLAY,$34.43,1440864657000,"121,342",100% bullish,of 5 ratings,$42
DTEA,$13.15,1440864657030,"48,592",100% bearish,of 2 ratings,$24
DWSN,$4.54,1440864657090,"13,558",67% bullish,of 3 ratings,N/A
DBVT,$41.26,1440864657130,"32,497",100% bearish,of 1 rating,$53
TRAK,$62.85,1440864657162,"645,671",50% bullish,of 2 ratings,$62.50
DFRG,$14.59,1440864657263,"99,897",100% bearish,of 1 rating,$20
TACO,$13.1236,1440864657292,"97,042",75% bullish,of 4 ratings,$20
DHRM,$1.48,1440864657314,"7,227",Not yet rated,NULL,N/A
TACOW,$4.05,1440864657360,"18,932",100% bullish,of 1 rating,N/A
DCTH,$0.4003,1440864657450,"122,121",78% bullish,of 9 ratings,N/A
DELT,$2.52,1440864657720,"6,000",Not yet rated,NULL,N/A
DGAS,$20.12,1440864657751,"3,626",67% bearish,of 3 ratings,N/A
XRAY,$53.26,1440864657782,"455,198",100% bullish,of 1 rating,$58
DENN,$11.48,1440864657814,"411,859",100% bullish,of 3 ratings,$15
DEPO,$28.38,1440864657835,"492,842",60% bullish,of 5 ratings,$29
DERM,$27.24,1440864657865,"101,807",100% bearish,of 1 rating,$33.50
DELTW,NULL,1440864657892,0,Not yet rated,NULL,N/A
DSCI,$5.93,1440864657919,"30,721",50% bullish,of 2 ratings,$16
DXLG,$5.62,1440864658054,"88,393",100% bearish,of 1 rating,$8
DEST,$11.13,1440864658183,"20,183",50% bullish,of 2 ratings,N/A
DXM,$0.26,1440864658209,"140,456",50% bullish,of 2 ratings,N/A
DXCM,$94.3009,1440864658230,"601,324",57% bullish,of 7 ratings,$98
DSWL,$1.71,1440864658260,"4,300",100% bullish,of 1 rating,N/A
DHXM,$6.82,1440864658389,"1,035",Not yet rated,NULL,N/A
DMND,$29.77,1440864658452,"137,181",75% bullish,of 12 ratings,$32
DHIL,$194.72,1440864658518,"3,494",Not yet rated,NULL,N/A
DCIX,$1.74,1440864658546,"50,106",50% bullish,of 4 ratings,$3.50
FANG,$66.56,1440864658567,"945,281",50% bullish,of 2 ratings,$86.50
DRNA,$11.13,1440864658709,"76,464",67% bearish,of 3 ratings,$25
DMRC,$37.81,1440864658738,"119,126",100% bearish,of 1 rating,$44
DGII,$10.06,1440864658765,"88,413",100% bearish,of 1 rating,$10
DGLY,$8.6,1440864658810,"110,448",50% bullish,of 6 ratings,$20
DRAD,$3.7,1440864658873,"14,268",100% bullish,of 1 rating,$5.25
APPS,$2.43,1440864658940,"110,613",100% bearish,of 1 rating,$10.25
DCOM,$17.01,1440864658967,"121,317",100% bearish,of 2 ratings,$16.50
DISCB,NULL,1440864659183,0,100% bearish,of 1 rating,$35
DPRX,$13.52,1440864659210,"8,669",100% bullish,of 2 ratings,$27.75
DIOD,$19.93,1440864659245,"100,117",75% bearish,of 4 ratings,$24
DISCA,$27.1127,1440864659267,"1,476,936",67% bullish,of 3 ratings,$34
DSCO,$0.42,1440864659297,"233,070",83% bullish,of 6 ratings,$2.75
DISCK,$25.71,1440864659341,"1,450,570",100% bearish,of 1 rating,$32
DISH,$59.62,1440864659368,"664,919",69% bullish,of 13 ratings,$73
BAGR,$2.77,1440864659430,"10,502",100% bearish,of 1 rating,$6
DVCR,$10.8,1440864659502,"5,362",100% bullish,of 1 rating,N/A
DNBF,$25.76,1440864659642,408,Not yet rated,NULL,$27.50
DLTR,$76.7377,1440864659667,"1,695,005",82% bullish,of 11 ratings,$88
DLHC,$2.45,1440864659692,"2,228",100% bearish,of 1 rating,N/A
DGICA,$14.27,1440864659731,"10,088",100% bearish,of 1 rating,$17
DORM,$50.42,1440864659862,"213,968",100% bearish,of 1 rating,$56
DMLP,$14.39,1440864659932,"9,844",100% bearish,of 1 rating,N/A
DGICB,NULL,1440864660004,0,100% bearish,of 1 rating,N/A
DRWIW,$0.04,1440864660067,318,Not yet rated,NULL,N/A
DRWI,$0.21,1440864660096,"608,108",60% bullish,of 5 ratings,$.45
DWA,$20.29,1440864660117,"780,239",63% bullish,of 8 ratings,$26
HILL,$9.665,1440864660146,"1,225,949",60% bearish,of 5 ratings,$9.75
DRYS,$0.44,1440864660282,"3,465,209",77% bullish,of 31 ratings,$.60
DSKX,$3.25,1440864660319,"269,494",100% bullish,of 1 rating,N/A
CADT,NULL,1440864660414,0,Not yet rated,NULL,N/A
DSPG,$8.55,1440864660446,"86,341",100% bearish,of 1 rating,$13.50
CADTR,NULL,1440864660490,0,Not yet rated,NULL,N/A
CADTW,NULL,1440864660547,0,Not yet rated,NULL,N/A
CADTU,NULL,1440864660575,0,Not yet rated,NULL,N/A
DTSI,$27.07,1440864660681,"64,293",100% bearish,of 2 ratings,$39.50
DXPE,$28.01,1440864660761,"198,401",50% bullish,of 2 ratings,N/A
DRRX,$2.1,1440864660789,"174,261",50% bullish,of 6 ratings,$3
DNKN,$51.69,1440864660810,"615,001",67% bullish,of 15 ratings,$56.50
BOOM,$10.64,1440864660944,"121,109",67% bullish,of 3 ratings,$12
DYSL,$1.44,1440864660995,"9,241",100% bullish,of 2 ratings,N/A
DYAX,$23.69,1440864661042,"450,638",89% bullish,of 9 ratings,$30
DVAX,$29.76,1440864661067,"286,822",70% bullish,of 10 ratings,$40
DYNT,$3,1440864661094,"2,521",75% bullish,of 4 ratings,N/A
EBMT,$11.54,1440864661289,"1,076",Not yet rated,NULL,$13.50
ETFC,$26.53,1440864661315,"1,656,489",57% bullish,of 14 ratings,$32.50
EGBN,$41.91,1440864661346,"45,548",Not yet rated,NULL,$48
EROC,$1.54,1440864661444,"321,569",50% bullish,of 2 ratings,$3
EGLE,$6.51,1440864661476,"44,799",60% bullish,of 5 ratings,N/A
EGRX,$83.67,1440864661522,"183,576",67% bullish,of 3 ratings,$97
ELNK,$8.45,1440864661551,"507,260",60% bullish,of 5 ratings,$9.50
EACQU,NULL,1440864661691,0,Not yet rated,NULL,N/A
EVBS,$6.6,1440864661722,"16,168",Not yet rated,NULL,$7
EML,$16.47,1440864661823,"7,046",Not yet rated,NULL,N/A
EWBC,$40.36,1440864661848,"524,091",100% bearish,of 1 rating,$50
EBIX,$28.21,1440864661875,"195,546",69% bullish,of 13 ratings,$40
EBAY,$27.25,1440864661901,"6,618,106",81% bullish,of 117 ratings,$34
ECHO,$23.01,1440864662047,"541,539",67% bearish,of 3 ratings,$35.50
ELON,$0.5649,1440864662080,"28,406",50% bullish,of 2 ratings,N/A
ECTE,$1.46,1440864662110,"3,701",75% bullish,of 4 ratings,N/A
SATS,$44.59,1440864662190,"56,536",50% bullish,of 2 ratings,$60
ECACU,$10.1,1440864662217,"3,602",Not yet rated,NULL,N/A
EEI,$11.15,1440864662248,"3,106",67% bearish,of 3 ratings,N/A
ESES,$3.22,1440864662386,"2,164",100% bearish,of 1 rating,$7
EDAP,$3.6,1440864662433,"25,350",60% bullish,of 5 ratings,$4.50
EDGW,$7.01,1440864662492,"10,591",100% bearish,of 1 rating,N/A
EDUC,$5.55,1440864662520,"21,651",100% bearish,of 1 rating,N/A
EFUT,$4.63,1440864662563,700,Not yet rated,NULL,N/A
EGAN,$3.64,1440864662589,"7,806",50% bullish,of 2 ratings,$6.25
EGLT,$10.66,1440864662757,"20,932",50% bullish,of 2 ratings,$21
LOCO,$13.72,1440864662787,"1,206,901",77% bullish,of 13 ratings,$20
EHTH,$14.1,1440864662824,"168,301",50% bullish,of 4 ratings,$16.50
ERI,$9.7,1440864662891,"144,246",100% bearish,of 1 rating,$10
ELRC,$10.71,1440864662919,"16,406",100% bearish,of 1 rating,N/A
EMITF,$1.18,1440864662946,"3,474",75% bullish,of 4 ratings,N/A
ESLT,$76.65,1440864662972,"2,915",67% bullish,of 3 ratings,N/A
EA,$67.91,1440864663163,"2,056,941",77% bullish,of 35 ratings,$80
ESIO,$4.43,1440864663199,"140,353",50% bullish,of 2 ratings,$10
EFII,$44.09,1440864663294,"127,147",80% bullish,of 5 ratings,$55
ELEC,NULL,1440864663319,0,Not yet rated,NULL,N/A
ELSE,$3.9999,1440864663346,500,60% bullish,of 5 ratings,N/A
ELECU,NULL,1440864663377,0,Not yet rated,NULL,N/A
ELECW,NULL,1440864663402,0,Not yet rated,NULL,N/A
EBIO,$3.55,1440864663595,"154,084",100% bearish,of 2 ratings,$8.35
ESBK,$19.66,1440864663661,423,Not yet rated,NULL,N/A
LONG,$17.04,1440864663731,"9,996",67% bullish,of 3 ratings,$15.75
CAPX,$22.93,1440864663763,"13,900",Not yet rated,NULL,N/A
EMCI,$23.2,1440864663795,"15,362",Not yet rated,NULL,N/A
ELTK,$1.34,1440864663824,"144,213",67% bearish,of 3 ratings,N/A
EMCF,$23.06,1440864663859,100,100% bearish,of 1 rating,N/A
RDEN,$10.95,1440864663890,"74,308",100% bearish,of 4 ratings,$15
EMKR,$7.06,1440864663991,"65,081",75% bullish,of 4 ratings,$8.50
EMMSP,$3,1440864664122,200,100% bearish,of 1 rating,N/A
EMMS,$1.12,1440864664148,"136,017",83% bullish,of 6 ratings,N/A
NYNY,$4.37,1440864664196,"30,167",50% bullish,of 2 ratings,N/A
ERS,$2.83,1440864664297,"6,582",Not yet rated,NULL,N/A
ENTA,$41.18,1440864664330,"122,390",50% bullish,of 2 ratings,$42
ECPG,$40.13,1440864664371,"153,412",100% bullish,of 2 ratings,$52
ENDP,$78.7,1440864664403,"843,248",50% bullish,of 6 ratings,$104
WIRE,$31.67,1440864664470,"90,127",100% bearish,of 1 rating,$37
ECYT,$5.28,1440864664502,"159,581",83% bullish,of 6 ratings,$12
WATT,$6.99,1440864664608,"124,032",50% bullish,of 2 ratings,$13
ELGX,$13.04,1440864664640,"310,868",75% bullish,of 4 ratings,$17
EFOI,$22,1440864664699,"907,367",50% bullish,of 2 ratings,$20.50
EIGI,$15.55,1440864664769,"197,582",67% bearish,of 3 ratings,$22.50
ERII,$2.69,1440864664831,"49,581",80% bullish,of 5 ratings,$2.50
EXXI,$1.83,1440864664858,"2,134,615",86% bullish,of 7 ratings,$3.50
ENOC,$9.35,1440864664909,"300,726",75% bullish,of 4 ratings,$18
ENPH,$4.58,1440864665108,"408,795",75% bullish,of 4 ratings,$11
ENG,$1,1440864665165,"10,728",100% bullish,of 3 ratings,N/A
ENFC,$17.63,1440864665191,"14,896",Not yet rated,NULL,N/A
ENTL,$22.19,1440864665218,"11,224",Not yet rated,NULL,$28
ETRM,$0.27,1440864665260,"540,107",69% bearish,of 35 ratings,$1.625
ESGR,$146.02,1440864665289,"29,141",100% bearish,of 1 rating,$185
ENTG,$13.7,1440864665386,"498,237",100% bearish,of 1 rating,$18
EGT,$2.14,1440864665434,"13,092",100% bullish,of 1 rating,N/A
EBTC,$21.14,1440864665463,"4,216",Not yet rated,NULL,N/A
ENVI,$1.85,1440864665600,"22,541",67% bullish,of 3 ratings,N/A
ENZN,$1.05,1440864665626,"191,259",100% bullish,of 9 ratings,N/A
EFSC,$23.84,1440864665647,"31,437",Not yet rated,NULL,$27
ENZY,$9.69,1440864665681,"20,091",67% bullish,of 3 ratings,$9.50
EPRS,$5.3,1440864665830,"65,326",82% bullish,of 11 ratings,$15
EPZM,$20.1,1440864665935,"274,818",60% bullish,of 5 ratings,$34
EQIX,$268.78,1440864665986,"317,195",75% bullish,of 4 ratings,$312.50
EAC,$3.37,1440864666016,"4,106",100% bearish,of 1 rating,$8
EPIQ,$12.94,1440864666043,"95,473",100% bearish,of 1 rating,$18
PLUS,$76.75,1440864666072,"44,219",50% bullish,of 2 ratings,$88
ERIE,$82.6965,1440864666098,"23,830",Not yet rated,NULL,$73
EQFN,NULL,1440864666123,0,100% bearish,of 1 rating,N/A
ERIC,$9.95,1440864666270,"1,517,001",67% bullish,of 9 ratings,$12.20
ESCA,$18,1440864666342,"15,345",100% bearish,of 1 rating,$22
ESCRP,$1.15,1440864666403,"3,261",100% bearish,of 1 rating,N/A
ESCR,$0.12,1440864666428,"313,269",50% bullish,of 2 ratings,N/A
ESMC,$1.31,1440864666490,"1,148",Not yet rated,NULL,N/A
ESPR,$52.27,1440864666594,"597,174",70% bearish,of 10 ratings,$123
ESND,$34.46,1440864666681,"110,118",100% bearish,of 2 ratings,$40
ESSA,$12.81,1440864666779,"2,219",100% bearish,of 1 rating,N/A
EPIX,NULL,1440864666807,0,Not yet rated,NULL,N/A
ETSY,$14.82,1440864666834,"411,302",80% bullish,of 5 ratings,$16
ESSX,$0.4461,1440864666858,"121,833",50% bullish,of 2 ratings,N/A
CLWT,NULL,1440864666888,0,100% bullish,of 1 rating,N/A
EEFT,$65.62,1440864666913,"156,788",100% bearish,of 1 rating,$67.50
ESEA,$5.37,1440864667048,"3,809",100% bullish,of 1 rating,$15
EVEP,$8.27,1440864667076,"378,682",50% bullish,of 2 ratings,$15
EVK,$3.75,1440864667233,267,75% bearish,of 4 ratings,N/A
EVOK,$3.75,1440864667260,"45,220",100% bearish,of 1 rating,$13.375
EVLV,$2.68,1440864667288,"224,794",60% bullish,of 5 ratings,$5.125
EVOL,$5.98,1440864667423,"4,531",75% bullish,of 4 ratings,$10
EXAS,$22.34,1440864667454,"466,825",78% bullish,of 9 ratings,$31
EXEL,$6.06,1440864667555,"3,042,838",81% bullish,of 16 ratings,$6
EXA,$11.19,1440864667594,"12,872",100% bearish,of 1 rating,$13
EXLS,$36.47,1440864667621,"100,676",50% bullish,of 2 ratings,$41
EXAC,$18.64,1440864667684,"19,525",100% bearish,of 1 rating,$22.50
EXPO,$42.71,1440864667749,"77,752",100% bearish,of 1 rating,$45.50
EXPE,$116.5217,1440864667780,"591,733",64% bullish,of 11 ratings,$130
EXFO,$2.74,1440864667807,"3,109",67% bearish,of 3 ratings,$3.95
EXPD,$49.66,1440864667879,"1,275,347",80% bullish,of 5 ratings,$52
ESRX,$84.46,1440864667935,"2,106,762",67% bearish,of 6 ratings,$101
EXLP,$20.8232,1440864668022,"166,876",100% bearish,of 1 rating,$25
EXTR,$2.85,1440864668047,"441,776",80% bullish,of 5 ratings,$3
EYEG,$3.63,1440864668203,"8,530",Not yet rated,NULL,N/A
EZCH,$22.5819,1440864668228,"100,750",75% bullish,of 8 ratings,$19.50
EYEGW,NULL,1440864668259,0,Not yet rated,NULL,N/A
FCS,$13.71,1440864668357,"593,435",67% bearish,of 3 ratings,$17
EZPW,$5.83,1440864668444,"233,828",50% bullish,of 4 ratings,$7.50
FB,$90.997,1440864668473,"21,405,623",73% bullish,of 1070 ratings,$111
FFIV,$122.97,1440864668505,"535,549",63% bullish,of 8 ratings,$132
FRP,$16.22,1440864668553,"95,097",100% bearish,of 1 rating,$18
FALC,$1.76,1440864668610,"108,050",63% bearish,of 8 ratings,N/A
DAVE,$15.36,1440864668658,"17,244",100% bearish,of 1 rating,$15.50
FWM,$2.25,1440864668791,"117,046",100% bearish,of 2 ratings,$3.20
FARM,$22.94,1440864668846,"20,353",100% bearish,of 1 rating,$35
FMNB,$8.27,1440864668942,"9,733",Not yet rated,NULL,N/A
FFKT,$25.89,1440864669041,"7,909",Not yet rated,NULL,$29
FARO,$38.01,1440864669102,"102,628",50% bullish,of 2 ratings,$48
FAST,$38.69,1440864669170,"1,512,410",80% bullish,of 5 ratings,$45.50
FBSS,$15.29,1440864669199,200,Not yet rated,NULL,N/A
FBRC,$22.28,1440864669220,"11,421",100% bearish,of 1 rating,$29
FATE,$7.21,1440864669263,"24,853",50% bullish,of 2 ratings,$11
FEIC,$75.72,1440864669352,"219,243",50% bullish,of 2 ratings,$95.50
FDML,$8.72,1440864669383,"236,899",50% bullish,of 4 ratings,$14
FNHC,$21.79,1440864669485,"82,959",100% bearish,of 1 rating,$35
FENX,$9.97,1440864669515,"142,317",100% bullish,of 1 rating,$14.25
FCSC,$5.74,1440864669587,"84,641",100% bearish,of 1 rating,$8.125
FHCO,$1.37,1440864669617,"24,116",50% bullish,of 4 ratings,N/A
FGEN,$25,1440864669721,"155,438",100% bearish,of 1 rating,$39
ONEQ,$189.9,1440864669746,"11,934",100% bullish,of 1 rating,N/A
FDUS,$14.64,1440864669899,"23,047",50% bullish,of 2 ratings,$18
LION,$19.23,1440864669931,"74,002",100% bullish,of 1 rating,$20
FSC,$6.45,1440864670006,"607,315",60% bullish,of 5 ratings,$8
FRGI,$52.21,1440864670031,"105,363",50% bullish,of 2 ratings,$70
FSFR,$8.89,1440864670111,"67,547",100% bearish,of 1 rating,$11.50
FITB,$19.97,1440864670164,"3,708,357",54% bullish,of 13 ratings,$22
FSCFL,$24.65,1440864670193,"6,848",Not yet rated,NULL,N/A
FNGN,$33.23,1440864670300,"176,570",67% bullish,of 3 ratings,$47
FITBI,$27.525,1440864670351,"34,706",Not yet rated,NULL,N/A
FSAM,$8.19,1440864670406,"11,024",100% bearish,of 1 rating,$10.25
FISI,$24.52,1440864670568,"15,149",100% bullish,of 2 ratings,$24.50
FNSR,$15.77,1440864670597,"515,888",71% bullish,of 7 ratings,$24.50
FNTC,NULL,1440864670864,0,Not yet rated,NULL,N/A
FBNC,$16.95,1440864670968,"17,226",100% bullish,of 1 rating,$20
FNJN,$1.9,1440864670997,"33,173",100% bearish,of 1 rating,$5
FNTCU,NULL,1440864671022,0,Not yet rated,NULL,N/A
FEYE,$39.23,1440864671051,"2,069,894",87% bullish,of 15 ratings,$55.50
FNLC,$18.73,1440864671080,"10,936",100% bullish,of 1 rating,N/A
FNTCW,NULL,1440864671104,0,Not yet rated,NULL,N/A
FRBA,$6.08,1440864671160,"1,488",Not yet rated,NULL,$8
BUSE,$6.36,1440864671419,"86,619",Not yet rated,NULL,$6.875
FCFS,$39.83,1440864671473,"154,214",100% bearish,of 3 ratings,$48
FCVA,$4.61,1440864671501,351,Not yet rated,NULL,N/A
FCNCA,$238.6,1440864671522,"15,051",Not yet rated,NULL,N/A
FBIZ,$44.1,1440864671562,"28,261",100% bearish,of 2 ratings,$52
FCLF,$9.05,1440864671605,"1,666",Not yet rated,NULL,N/A
FCBC,$17.49,1440864671662,"17,432",Not yet rated,NULL,$18
FCAP,$26.77,1440864671688,402,Not yet rated,NULL,N/A
FCCO,$12,1440864671909,"2,065",Not yet rated,NULL,$13.25
FCFP,$6.94,1440864672006,"3,000",Not yet rated,NULL,N/A
FFNM,$6.19,1440864672071,"1,344",Not yet rated,NULL,N/A
FFBC,$18.28,1440864672139,"149,353",67% bearish,of 3 ratings,$20.25
FFIN,$30.67,1440864672170,"141,387",50% bullish,of 2 ratings,$31.75
FDEF,$37.44,1440864672196,"34,556",Not yet rated,NULL,$38
FFBCW,NULL,1440864672221,0,100% bearish,of 1 rating,N/A
FBNK,$17.21,1440864672267,"22,827",100% bearish,of 1 rating,$17.50
FFNW,$12.06,1440864672369,"10,423",Not yet rated,NULL,$14
FFWM,$21.37,1440864672394,"22,466",Not yet rated,NULL,$24
THFF,$32.94,1440864672538,"24,402",Not yet rated,NULL,$35
FRME,$25.92,1440864672568,"130,285",Not yet rated,NULL,$26.50
FIBK,$26.22,1440864672600,"81,866",Not yet rated,NULL,$32
INBK,$30.15,1440864672629,"10,430",50% bullish,of 2 ratings,$37
FMBH,NULL,1440864672696,0,Not yet rated,NULL,N/A
FMBI,$17.43,1440864672726,"263,235",Not yet rated,NULL,$20
FNFG,$9.1568,1440864672979,"1,157,000",80% bullish,of 5 ratings,$9
FSGI,$2.47,1440864673019,"12,130",Not yet rated,NULL,N/A
FNBC,$34.63,1440864673111,"63,076",Not yet rated,NULL,$40
FSLR,$47.8,1440864673137,"1,195,799",72% bullish,of 39 ratings,$65
FSBK,$7.82,1440864673165,"5,412",100% bullish,of 1 rating,N/A
BICK,$19.69,1440864673185,"1,428",100% bullish,of 1 rating,N/A
FNWB,$11.85,1440864673206,"10,217",Not yet rated,NULL,N/A
FSFG,$30.07,1440864673246,71,Not yet rated,NULL,N/A
FCAN,$24.6,1440864673341,"6,052",Not yet rated,NULL,N/A
FBZ,$10.144,1440864673412,600,Not yet rated,NULL,N/A
FCA,$20.44,1440864673505,"2,300",Not yet rated,NULL,N/A
IFV,$17.88,1440864673534,"555,778",100% bearish,of 1 rating,N/A
FV,$23.71,1440864673560,"1,935,175",100% bearish,of 1 rating,N/A
FTCS,$36.63,1440864673581,"18,232",100% bearish,of 1 rating,N/A
FEUZ,$31.5,1440864673867,"1,405",Not yet rated,NULL,N/A
FTGC,$22.39,1440864673901,"76,491",Not yet rated,NULL,N/A
TDIV,$24.9,1440864673929,"74,537",100% bearish,of 1 rating,N/A
FEMB,NULL,1440864673963,0,Not yet rated,NULL,N/A
FGM,$35.58,1440864673994,"2,324",Not yet rated,NULL,N/A
FTSM,$59.85,1440864674022,"7,169",100% bearish,of 1 rating,N/A
MDIV,$19.23,1440864674054,"128,525",Not yet rated,NULL,N/A
HYLS,$49.53,1440864674079,"35,104",100% bearish,of 1 rating,N/A
FHK,$33.3,1440864674251,"2,363",Not yet rated,NULL,N/A
FTHI,$19.5399,1440864674276,640,Not yet rated,NULL,N/A
FPXI,$27.29,1440864674407,500,Not yet rated,NULL,N/A
YDIV,$16.5742,1440864674565,"3,515",Not yet rated,NULL,N/A
FJP,$47.81,1440864674593,"59,841",Not yet rated,NULL,N/A
LMBS,$49.77,1440864674621,"5,298",Not yet rated,NULL,N/A
SKYY,$29.18,1440864674649,"46,046",100% bullish,of 1 rating,N/A
CU,$13.21,1440864674670,"7,015",100% bearish,of 1 rating,N/A
PLTM,$6.38,1440864674691,"6,702",100% bearish,of 1 rating,N/A
FTLB,$19.3188,1440864674726,"3,260",100% bearish,of 1 rating,N/A
CIBR,$18.04,1440864674934,"51,388",Not yet rated,NULL,N/A
FMB,$51.23,1440864674964,415,Not yet rated,NULL,N/A
QCLN,$15.18,1440864674993,"16,517",Not yet rated,NULL,N/A
GRID,$33.09,1440864675019,705,100% bearish,of 1 rating,N/A
QABA,$37.18,1440864675042,"8,586",100% bearish,of 1 rating,N/A
FONE,$35.29,1440864675095,950,Not yet rated,NULL,N/A
RDVY,$21.17,1440864675304,"2,849",Not yet rated,NULL,N/A
QQEW,$42.1,1440864675342,"52,287",Not yet rated,NULL,N/A
CARZ,$35.05,1440864675474,"1,904",100% bearish,of 1 rating,N/A
QTEC,$40.33,1440864675504,"26,311",Not yet rated,NULL,N/A
QQXT,$40.74,1440864675525,"18,704",Not yet rated,NULL,N/A
AIRR,$16.4,1440864675558,"2,252",100% bearish,of 1 rating,N/A
FTSL,$48.74,1440864675652,"110,156",100% bearish,of 1 rating,N/A
FKO,NULL,1440864675685,0,Not yet rated,NULL,N/A
QINC,$20.2999,1440864675710,663,Not yet rated,NULL,N/A
FDIV,$46.09,1440864675749,302,100% bearish,of 1 rating,N/A
FSZ,$39.19,1440864675894,"3,866",Not yet rated,NULL,N/A
TUSA,$25.08,1440864675943,300,Not yet rated,NULL,N/A
FUNC,$8.12,1440864676039,"2,091",Not yet rated,NULL,N/A
FTW,$31.91,1440864676069,230,Not yet rated,NULL,N/A
SVVC,$9.43,1440864676172,"11,779",50% bullish,of 2 ratings,$26
FKU,$41.82,1440864676211,"5,183",Not yet rated,NULL,N/A
FIVE,$38.5,1440864676346,"860,602",75% bearish,of 4 ratings,$44
FISV,$86.78,1440864676379,"802,788",100% bearish,of 3 ratings,$90
FSV,$31.41,1440864676401,"12,183",Not yet rated,NULL,$33.60
FPRX,$19.37,1440864676433,"177,840",50% bullish,of 2 ratings,$35
FMER,$17.81,1440864676477,"731,124",50% bullish,of 2 ratings,$20
FIVN,$4.03,1440864676528,"81,303",100% bullish,of 1 rating,$8.50
FLML,$21.9746,1440864676619,"90,829",50% bullish,of 2 ratings,$30
FLKS,$12.41,1440864676703,"26,992",50% bullish,of 2 ratings,$27
FLXN,$25.29,1440864676765,"49,036",100% bearish,of 1 rating,$40
SKOR,$50.3,1440864676789,"2,349",Not yet rated,NULL,N/A
MBSD,$25.02,1440864676921,"14,451",Not yet rated,NULL,N/A
FLXS,$32.15,1440864676987,"13,502",100% bearish,of 2 ratings,N/A
FLEX,$10.6,1440864677129,"1,115,185",63% bullish,of 8 ratings,$12
FOMX,$10.18,1440864677177,"82,757",50% bullish,of 2 ratings,$23.50
FFIC,$19.73,1440864677203,"77,431",Not yet rated,NULL,$21
FOGO,$19.23,1440864677259,"34,672",50% bullish,of 2 ratings,$25.50
FLIR,$28.57,1440864677349,"1,032,100",100% bearish,of 1 rating,$38.50
FES,$0.9409,1440864677375,"94,182",50% bullish,of 2 ratings,$1
FLDM,$11.7,1440864677415,"260,257",67% bearish,of 3 ratings,$15
FORTY,$30.33,1440864677515,"1,000",100% bearish,of 1 rating,N/A
FORM,$6.53,1440864677549,"253,899",67% bullish,of 3 ratings,$10.50
FONR,$9.7,1440864677577,"6,716",100% bullish,of 1 rating,N/A
FTNT,$42.96,1440864677602,"603,333",80% bullish,of 10 ratings,$52
FORR,$31.88,1440864677740,"18,396",Not yet rated,NULL,N/A
FBIO,$2.88,1440864677813,"79,815",83% bullish,of 6 ratings,N/A
FWRD,$45.16,1440864677963,"186,984",100% bearish,of 1 rating,$50
FWP,$27.02,1440864678018,"15,503",100% bearish,of 1 rating,$45
FMI,$23.8,1440864678067,"312,031",100% bearish,of 2 ratings,$27.50
FORD,$1.66,1440864678120,"1,753,015",67% bullish,of 3 ratings,N/A
FOSL,$61.6,1440864678151,"709,887",60% bearish,of 5 ratings,$80
FXCB,$17.02,1440864678250,"34,723",Not yet rated,NULL,$19
FRED,$13.06,1440864678306,"248,657",50% bullish,of 2 ratings,$16
FRAN,$11.17,1440864678343,"366,392",50% bullish,of 4 ratings,$15
FOXF,$15.18,1440864678375,"24,155",100% bearish,of 1 rating,$19
FELE,$29.23,1440864678437,"216,658",50% bullish,of 4 ratings,$33
FREE,$0.378,1440864678466,"370,595",92% bullish,of 12 ratings,N/A
RAIL,$20.73,1440864678491,"70,803",100% bearish,of 1 rating,$24.50
FRPT,$13.06,1440864678782,"298,368",67% bearish,of 3 ratings,$23.50
FTRPR,$100.8,1440864678835,"53,474",100% bearish,of 1 rating,N/A
FSBW,$23.2,1440864678867,991,Not yet rated,NULL,N/A
FEIM,$11,1440864678889,"3,049",100% bearish,of 1 rating,N/A
FTR,$5.08,1440864678922,"11,162,934",78% bullish,of 27 ratings,$6.25
FRPH,$31.17,1440864678964,"5,010",100% bearish,of 1 rating,N/A
FSYS,$6.63,1440864679017,"30,772",67% bullish,of 3 ratings,$10
FTD,$29.27,1440864679054,"102,153",100% bearish,of 1 rating,$40
FTEK,$2.04,1440864679208,"51,368",75% bullish,of 4 ratings,N/A
FULL,$3.1,1440864679257,"30,227",67% bearish,of 3 ratings,$4.25
FCEL,$0.8,1440864679288,"1,501,071",88% bullish,of 41 ratings,$2.65
FLL,$1.51,1440864679362,"10,264",75% bullish,of 4 ratings,$3.50
FULLL,$24.9101,1440864679422,200,Not yet rated,NULL,N/A
FFHL,$1.05,1440864679501,"18,397",50% bullish,of 4 ratings,N/A
FULT,$12.08,1440864679534,"624,848",100% bearish,of 1 rating,$13
FSNN,$2.18,1440864679560,"1,562",67% bullish,of 3 ratings,$6
FXEN,$0.87,1440864679633,"69,159",75% bullish,of 4 ratings,$1.10
FXENP,$15.76,1440864679715,"1,000",100% bearish,of 1 rating,N/A
WILC,$4.97,1440864679844,"6,120",100% bullish,of 2 ratings,N/A
GK,$67.55,1440864679879,"59,942",Not yet rated,NULL,$78
GLPG,$60.49,1440864679918,"13,297",100% bullish,of 1 rating,$75
GALT,$1.96,1440864679976,"30,257",80% bullish,of 5 ratings,N/A
GALTU,NULL,1440864680004,0,100% bearish,of 1 rating,N/A
GAIA,$5.9,1440864680059,"7,898",50% bullish,of 2 ratings,$8.50
GALTW,NULL,1440864680112,0,100% bullish,of 1 rating,N/A
GLPI,$31.5863,1440864680214,"324,483",100% bearish,of 1 rating,$37.50
GPIC,$9.64,1440864680315,710,100% bearish,of 1 rating,N/A
GALE,$1.5,1440864680355,"789,696",89% bullish,of 47 ratings,$4
GRMN,$37.99,1440864680384,"966,815",50% bullish,of 6 ratings,$46.50
GGAC,$9.89,1440864680404,"10,419",100% bearish,of 1 rating,N/A
GLMD,$8.81,1440864680439,"11,506",67% bullish,of 3 ratings,$20.50
GGACR,$0.3,1440864680549,"49,683",100% bullish,of 1 rating,N/A
GARS,$14.21,1440864680706,"22,022",Not yet rated,NULL,$16
GENC,$9.16,1440864680737,"11,573",100% bearish,of 1 rating,N/A
GGACU,$10.27,1440864680763,"22,044",Not yet rated,NULL,N/A
GGACW,$0.14,1440864680838,"11,300",Not yet rated,NULL,N/A
GNCMA,$16.99,1440864680898,"119,943",100% bearish,of 1 rating,$12
GFN,$3.95,1440864680979,"17,699",100% bearish,of 2 ratings,$8
GENE,$2.29,1440864681037,"182,762",100% bullish,of 12 ratings,N/A
GFNSL,$25.6,1440864681063,700,Not yet rated,NULL,N/A
GFNCP,$93.89,1440864681089,350,Not yet rated,NULL,N/A
GNCA,$12.21,1440864681119,"103,358",100% bearish,of 1 rating,$20
GNMK,$10.02,1440864681248,"195,594",67% bullish,of 6 ratings,$14
GHDX,$27.75,1440864681297,"193,234",50% bullish,of 2 ratings,$30
GNVC,$2.51,1440864681440,"10,917",90% bullish,of 10 ratings,$8.50
GNTX,$15.53,1440864681488,"1,032,543",Not yet rated,NULL,$20
THRM,$46.44,1440864681569,"366,550",75% bearish,of 4 ratings,$55.50
GTWN,NULL,1440864681596,0,Not yet rated,NULL,N/A
GABC,$29,1440864681621,"15,081",Not yet rated,NULL,$31
GEOS,$16.71,1440864681672,"121,126",100% bearish,of 3 ratings,$21
GEVO,$2.33,1440864681766,"332,274",75% bullish,of 12 ratings,$5
GERN,$3.23,1440864681813,"1,137,894",88% bullish,of 16 ratings,$5.25
ROCK,$16.51,1440864681862,"136,353",80% bullish,of 5 ratings,$24
GIGA,$1.42,1440864681906,"2,675",100% bearish,of 1 rating,N/A
GIGM,$0.5201,1440864681943,"76,762",100% bullish,of 2 ratings,N/A
GILT,$4.3001,1440864682044,"1,700",50% bullish,of 2 ratings,N/A
GILD,$107.7,1440864682126,"5,969,671",91% bullish,of 87 ratings,$129
GIII,$68.14,1440864682182,"175,109",67% bullish,of 3 ratings,$75
GBCI,$25.66,1440864682207,"245,507",50% bullish,of 2 ratings,$31
GLAD,$8.8,1440864682399,"171,130",50% bullish,of 2 ratings,$8.75
GOOD,$14.64,1440864682430,"72,029",Not yet rated,NULL,$19
GLADO,$25.59,1440864682456,"1,700",Not yet rated,NULL,N/A
GOODP,NULL,1440864682528,0,Not yet rated,NULL,N/A
GOODO,$25,1440864682560,30,Not yet rated,NULL,N/A
GAINO,$25.1728,1440864682626,490,Not yet rated,NULL,N/A
GOODN,$25.407,1440864682653,400,Not yet rated,NULL,N/A
GAINN,$25.01,1440864682724,"56,593",Not yet rated,NULL,N/A
GAIN,$7.47,1440864682781,"107,125",100% bullish,of 2 ratings,$8.25
GLBZ,NULL,1440864682870,0,Not yet rated,NULL,N/A
LAND,$9.16,1440864682898,"48,601",50% bullish,of 2 ratings,$13.75
GAINP,$25.9,1440864682923,620,Not yet rated,NULL,N/A
GDEF,$10.53,1440864683054,600,Not yet rated,NULL,N/A
GBT,$44,1440864683099,"73,758",100% bearish,of 1 rating,N/A
ENT,$11.77,1440864683280,"71,245",100% bearish,of 1 rating,$18
GBLI,$26.99,1440864683308,"11,669",Not yet rated,NULL,N/A
QQQC,$19.67,1440864683329,"3,061",100% bearish,of 1 rating,N/A
GSOL,$8.0275,1440864683362,"18,239",100% bearish,of 1 rating,N/A
ACTX,NULL,1440864683459,0,100% bullish,of 1 rating,N/A
GPACU,NULL,1440864683500,0,Not yet rated,NULL,N/A
SOCL,$17.82,1440864683532,"24,218",100% bullish,of 2 ratings,N/A
ALTY,$14.44,1440864683593,600,Not yet rated,NULL,N/A
YLCO,$11.95,1440864683629,"1,396",Not yet rated,NULL,N/A
GAI,$5.9,1440864683658,"1,400",50% bullish,of 2 ratings,N/A
SRET,$13.25,1440864683687,"1,014",Not yet rated,NULL,N/A
GLBS,NULL,1440864683821,0,67% bullish,of 3 ratings,N/A
GSM,$13.47,1440864683875,"403,698",50% bullish,of 2 ratings,$22
GBIM,$2.29,1440864683928,"19,199",50% bullish,of 2 ratings,N/A
GLUU,$4.53,1440864684057,"786,373",92% bullish,of 26 ratings,$9
GLRI,$1.01,1440864684103,"23,180",100% bearish,of 1 rating,$4.25
GOGO,$15.67,1440864684163,"431,299",80% bullish,of 5 ratings,$25
GLYC,$7.05,1440864684229,"16,674",50% bullish,of 2 ratings,$14
GMLP,$18.86,1440864684267,"223,814",50% bullish,of 4 ratings,$32.50
GDEN,$8.96,1440864684293,"13,852",50% bullish,of 2 ratings,N/A
GLDC,$4,1440864684327,"5,513",50% bullish,of 2 ratings,N/A
GLNG,$38.2739,1440864684454,"963,948",83% bullish,of 6 ratings,$58
GOGL,$3.14,1440864684475,"220,227",75% bullish,of 4 ratings,$5
GBDC,$16.66,1440864684534,"111,261",Not yet rated,NULL,$17.75
GOOGL,$659.9999,1440864684667,"1,027,271",88% bullish,of 1082 ratings,$749
GOOG,$632.69,1440864684693,"1,043,468",89% bullish,of 70 ratings,$825
GTIM,$7.03,1440864684714,"31,867",Not yet rated,NULL,$11.50
GPRO,$48.18,1440864684882,"3,256,396",78% bullish,of 58 ratings,$72
GMAN,$3.73,1440864684909,"210,604",60% bullish,of 5 ratings,$8.50
GPIA,$9.84,1440864684955,190,Not yet rated,NULL,N/A
LOPE,$37.48,1440864685038,"89,001",100% bearish,of 2 ratings,$50
GBSN,$0.38,1440864685093,"4,057,047",50% bullish,of 2 ratings,$8.25
GRVY,$3.16,1440864685118,125,50% bullish,of 2 ratings,N/A
GPIAW,NULL,1440864685148,0,Not yet rated,NULL,N/A
GPIAU,NULL,1440864685193,0,Not yet rated,NULL,N/A
GBSNU,NULL,1440864685291,0,NULL,NULL,NULL
GLDD,$5.42,1440864685319,"86,319",100% bearish,of 4 ratings,$7.75
GNBC,$11.86,1440864685452,"12,906",100% bearish,of 1 rating,$16.50
GSBC,$39.87,1440864685516,"19,620",100% bullish,of 1 rating,$44
GRBK,$11.95,1440864685615,"113,049",77% bullish,of 13 ratings,N/A
GPRE,$20.55,1440864685681,"1,091,427",67% bullish,of 6 ratings,$28.50
GRFS,$30.5748,1440864685747,"206,103",50% bullish,of 2 ratings,$35
GPP,$13.7,1440864685776,"33,561",Not yet rated,NULL,$20.50
GCBC,NULL,1440864685806,0,100% bullish,of 1 rating,N/A
GLRE,$24.99,1440864685827,"161,684",50% bullish,of 2 ratings,$41
GRIF,$32.61,1440864685908,308,100% bearish,of 1 rating,N/A
OMAB,$40.81,1440864686034,"12,578",100% bullish,of 1 rating,$44
GSIT,$4.62,1440864686131,"8,389",100% bearish,of 1 rating,N/A
GSIG,$12.99,1440864686157,"26,470",100% bearish,of 2 ratings,N/A
GRPN,$4.6,1440864686182,"5,953,989",61% bullish,of 71 ratings,$6.75
GGAL,$19.4858,1440864686208,"118,461",80% bullish,of 5 ratings,$40
GSVC,$8.72,1440864686337,"82,010",50% bullish,of 2 ratings,$14.50
GTXI,$0.874,1440864686440,"20,930",100% bullish,of 5 ratings,$.75
GUID,$7.28,1440864686469,"42,026",100% bearish,of 3 ratings,$10
GBNK,$15.79,1440864686526,"18,291",100% bearish,of 1 rating,$18
GULTU,$0.3001,1440864686574,"1,330,535",100% bearish,of 1 rating,N/A
GFED,$14.67,1440864686604,779,Not yet rated,NULL,$17
GIFI,$12.46,1440864686633,"46,325",100% bearish,of 1 rating,$16
GWPH,$109.33,1440864686706,"112,738",78% bullish,of 9 ratings,$148.50
GPOR,$35.04,1440864686765,"1,494,164",75% bullish,of 4 ratings,$55
GURE,$1.67,1440864686793,"85,776",88% bullish,of 8 ratings,N/A
GWGH,$7.74,1440864686924,"1,171",100% bearish,of 1 rating,$15.05
GYRO,$2.84,1440864686951,"6,150",100% bearish,of 1 rating,N/A
HEES,$18.69,1440864687082,"314,064",67% bearish,of 3 ratings,$31
HLG,$9.5,1440864687111,"2,247",100% bearish,of 1 rating,N/A
HNRG,$7.69,1440864687175,"67,708",100% bearish,of 1 rating,$10
HBK,$13.67,1440864687245,713,50% bullish,of 2 ratings,N/A
HALL,$11.41,1440864687333,"17,778",Not yet rated,NULL,N/A
HALO,$18.41,1440864687374,"771,518",67% bullish,of 3 ratings,$22.50
HMPR,$1.87,1440864687402,"27,659",100% bullish,of 1 rating,N/A
HNH,$25.45,1440864687430,"17,110",100% bullish,of 1 rating,N/A
HBHC,$27.4,1440864687459,"558,474",50% bullish,of 2 ratings,$30
HBHCL,$24.39,1440864687565,"26,203",Not yet rated,NULL,N/A
HAFC,$23.98,1440864687595,"109,880",100% bullish,of 2 ratings,$28.50
HNSN,$0.56,1440864687669,"56,801",88% bullish,of 8 ratings,$.40
HDNG,$10.04,1440864687752,"11,625",50% bullish,of 4 ratings,N/A
HQCL,$12.9,1440864687797,"30,828",67% bullish,of 3 ratings,$14
HRMNW,NULL,1440864688006,0,Not yet rated,NULL,N/A
HLIT,$5.79,1440864688061,"246,263",100% bearish,of 1 rating,$6.50
HRMNU,NULL,1440864688093,0,Not yet rated,NULL,N/A
TINY,$2.48,1440864688114,"19,385",50% bullish,of 2 ratings,$5.26
HART,$1.04,1440864688136,"103,690",100% bearish,of 1 rating,N/A
HRMN,NULL,1440864688174,0,Not yet rated,NULL,N/A
HBIO,$4.28,1440864688200,"35,954",100% bearish,of 1 rating,$10
HCAPL,$25.7399,1440864688267,400,Not yet rated,NULL,N/A
HAS,$75.51,1440864688330,"715,928",63% bullish,of 8 ratings,$84.50
HCAP,$12.15,1440864688422,"4,513",50% bullish,of 2 ratings,$15
HA,$22.91,1440864688447,"540,918",67% bullish,of 9 ratings,$27
HCOM,$21.82,1440864688477,"31,985",100% bearish,of 1 rating,$28
HWKN,$37.33,1440864688582,"28,446",Not yet rated,NULL,N/A
HWBK,$13.24,1440864688740,100,100% bearish,of 1 rating,N/A
HDS,$33.233,1440864688768,"1,196,925",100% bearish,of 2 ratings,$39.50
HAYN,$38.31,1440864688801,"42,900",100% bearish,of 1 rating,$59
HCSG,$33.32,1440864688846,"191,852",50% bullish,of 4 ratings,$35
HIIQ,$5.17,1440864688901,"32,371",50% bullish,of 2 ratings,$7
HSTM,$25.36,1440864688926,"85,370",50% bullish,of 2 ratings,$33.75
HWAY,$11.95,1440864688952,"278,697",100% bearish,of 1 rating,$15
HQY,$29.51,1440864688973,"115,451",67% bullish,of 3 ratings,$32
HTLD,$20.55,1440864689636,"341,001",Not yet rated,NULL,$22.50
HTWR,$86.25,1440864689959,"147,034",50% bullish,of 2 ratings,$103
HTLF,$35.88,1440864690007,"18,551",100% bullish,of 1 rating,$39.50
HTBX,$5.16,1440864690475,"3,070",50% bullish,of 2 ratings,$15.50
HSII,$19.62,1440864690836,"52,553",100% bullish,of 3 ratings,$25
HELE,$85.56,1440864690967,"103,241",67% bearish,of 3 ratings,$100
HMNY,$2.19,1440864690993,300,100% bearish,of 1 rating,N/A
HMTV,$13.72,1440864691246,"12,932",100% bearish,of 1 rating,$16
HNNA,$24.865,1440864691350,"10,548",Not yet rated,NULL,N/A
HERO,NULL,1440864691481,0,NULL,NULL,NULL
HSIC,$139.4,1440864691546,"342,416",83% bullish,of 6 ratings,$146
HEOP,$7.66,1440864691655,"15,820",Not yet rated,NULL,$8.50
HCACU,$9.98,1440864691688,"100,000",Not yet rated,NULL,N/A
HFWA,$17.59,1440864691720,"71,544",100% bullish,of 1 rating,$20
HTBK,$10.63,1440864691751,"33,812",Not yet rated,NULL,$12
HCCI,$11.25,1440864691781,"42,055",100% bearish,of 1 rating,$16.50
HRTX,$35.46,1440864691912,"219,447",67% bullish,of 6 ratings,$41
MLHR,$26.99,1440864691941,"310,038",50% bullish,of 2 ratings,$33.50
HSKA,$33.74,1440864692067,"20,659",100% bearish,of 1 rating,$38
HFFC,$15.77,1440864692096,"5,478",Not yet rated,NULL,N/A
HIBB,$38.87,1440864692166,"223,423",100% bearish,of 1 rating,$46.50
HPJ,$2.21,1440864692192,"29,621",75% bullish,of 4 ratings,$12.43
HIMX,$6.906,1440864692245,"915,996",86% bullish,of 21 ratings,$8.50
HIHO,$3.81,1440864692272,"6,096",Not yet rated,NULL,N/A
HSGX,$6.05,1440864692403,"3,574",100% bearish,of 1 rating,$17
HMNF,$11.32,1440864692457,"2,016",Not yet rated,NULL,N/A
HIFS,$115.91,1440864692500,"1,151",Not yet rated,NULL,N/A
HMSY,$10.47,1440864692531,"809,768",67% bullish,of 3 ratings,$19.35
HOLX,$39.76,1440864692594,"1,449,945",67% bullish,of 3 ratings,$42
HBCP,$24.71,1440864692622,"2,436",Not yet rated,NULL,$29
HOLI,$17.78,1440864692651,"94,603",50% bullish,of 4 ratings,$27
HOMB,$37.97,1440864692755,"222,036",Not yet rated,NULL,$42
HFBL,$21.62,1440864692823,536,Not yet rated,NULL,N/A
AWAY,$29.19,1440864692958,"431,994",67% bullish,of 3 ratings,$36
HMIN,$26.7,1440864692988,"59,584",100% bearish,of 2 ratings,$35
HTBI,$18.18,1440864693089,"26,626",67% bullish,of 3 ratings,$18.625
HMST,$21.84,1440864693137,"74,855",100% bullish,of 2 ratings,$27
HKTV,$4.76,1440864693184,200,100% bearish,of 1 rating,N/A
CETC,$0.76,1440864693218,"165,443",86% bullish,of 7 ratings,N/A
HOFT,$23.78,1440864693318,"18,879",100% bearish,of 1 rating,N/A
HZNP,$30.48,1440864693345,"1,069,487",85% bullish,of 20 ratings,$40
HFBC,$11.22,1440864693377,"3,150",Not yet rated,NULL,N/A
HBNC,$23.57,1440864693399,"12,027",100% bullish,of 1 rating,$27
ZINC,$7.85,1440864693582,"597,280",100% bearish,of 1 rating,$17
HMHC,$22.7,1440864693609,"467,940",Not yet rated,NULL,$27
HRZN,$10.33,1440864693641,"33,944",50% bullish,of 2 ratings,$14.25
HWCC,$7.5,1440864693739,"82,097",100% bearish,of 1 rating,$9
HDP,$24.18,1440864693765,"194,225",67% bearish,of 3 ratings,$30.50
HOVNP,$4.54,1440864693895,"1,000",100% bearish,of 1 rating,N/A
HSNI,$62.38,1440864693956,"170,632",Not yet rated,NULL,$80
HSON,$2.55,1440864693982,"22,082",100% bearish,of 1 rating,$5
HUBG,$37.06,1440864694007,"387,683",100% bearish,of 1 rating,$43
HBMD,$14.24,1440864694043,809,100% bearish,of 1 rating,N/A
HTGM,$5.69,1440864694143,"4,024",100% bearish,of 1 rating,$19.50
HCBK,$9.36,1440864694173,"1,263,712",83% bullish,of 6 ratings,$8.61
HBAN,$10.91,1440864694201,"5,203,375",76% bullish,of 17 ratings,$12.29
HDSN,$3.11,1440864694228,"27,087",100% bullish,of 1 rating,$6.25
HBANP,NULL,1440864694304,0,100% bearish,of 1 rating,N/A
HURC,$30.35,1440864694363,"11,794",100% bearish,of 1 rating,N/A
HTCH,$1.56,1440864694554,"94,983",100% bearish,of 1 rating,$3.50
HDRA,NULL,1440864694639,0,Not yet rated,NULL,N/A
HURN,$73.36,1440864694691,"75,680",50% bullish,of 2 ratings,$80
HDRAU,NULL,1440864694711,0,Not yet rated,NULL,N/A
HDRAR,NULL,1440864694740,0,Not yet rated,NULL,N/A
HDRAW,NULL,1440864694765,0,Not yet rated,NULL,N/A
IDSY,$3.91,1440864694795,"6,108",100% bearish,of 1 rating,$7
HBP,$3.11,1440864694820,"3,775",100% bullish,of 1 rating,N/A
IACI,$71.44,1440864694921,"445,254",75% bullish,of 4 ratings,$90
HYGS,$9.55,1440864695006,"29,871",50% bullish,of 2 ratings,$13
IKGH,$1.8,1440864695038,"10,231",75% bullish,of 4 ratings,N/A
IBKC,$60.36,1440864695059,"111,938",100% bullish,of 1 rating,$70
IEP,$74.24,1440864695142,"59,662",75% bullish,of 4 ratings,$99
ICAD,$3.9,1440864695214,"83,344",100% bullish,of 2 ratings,$7.25
ICON,$13.52,1440864695372,"466,663",50% bullish,of 2 ratings,$18.50
ICFI,$34.04,1440864695400,"48,356",50% bullish,of 2 ratings,$48.50
IPWR,$7.28,1440864695426,"4,444",100% bullish,of 1 rating,$15
ICUI,$113.92,1440864695455,"46,176",Not yet rated,NULL,$122
ICLR,$77.9507,1440864695503,"266,641",100% bearish,of 3 ratings,$85
IDXX,$73.21,1440864695590,"346,348",100% bearish,of 1 rating,$77
IDRA,$2.94,1440864695693,"601,938",89% bullish,of 9 ratings,$6.50
INVE,$4.4,1440864695732,"78,490",75% bullish,of 4 ratings,$4
IRG,$4.78,1440864695765,"23,310",100% bearish,of 1 rating,$4.25
DSKY,$10.9914,1440864695794,"128,718",67% bullish,of 6 ratings,$11.50
IROQ,$16.7,1440864695815,300,100% bullish,of 1 rating,N/A
RXDX,$13.82,1440864695858,"155,513",100% bullish,of 1 rating,$20
IIVI,$16.89,1440864695946,"155,141",100% bearish,of 1 rating,$22
KANG,$15.8182,1440864696000,"226,303",50% bullish,of 2 ratings,$22.55
IKAN,$2.72,1440864696128,"4,738",83% bullish,of 6 ratings,$5
IMMR,$11.81,1440864696265,"72,756",80% bullish,of 5 ratings,$15.50
ISNS,$4,1440864696294,"15,572",50% bullish,of 2 ratings,N/A
IKNX,NULL,1440864696322,0,100% bearish,of 1 rating,N/A
ILMN,$201.49,1440864696405,"782,267",80% bullish,of 5 ratings,$245
IMMU,$2.16,1440864696450,"704,998",86% bullish,of 7 ratings,$2
IMDZ,$16.61,1440864696480,"27,500",100% bearish,of 1 rating,$33
ICCC,$7.21,1440864696501,"13,479",100% bullish,of 1 rating,N/A
IMNP,$1.36,1440864696538,"30,681",50% bullish,of 2 ratings,$6
IPXL,$42.4,1440864696642,"457,825",67% bullish,of 3 ratings,$46.50
IMGN,$14.28,1440864696686,"955,380",75% bullish,of 4 ratings,$17.50
INCR,$42.01,1440864696786,"221,716",50% bullish,of 2 ratings,$53
SAAS,$7.64,1440864696832,"242,260",50% bullish,of 2 ratings,$15
IMMY,$7.69,1440864696997,"4,471",100% bearish,of 1 rating,$11
INCY,$120.44,1440864697052,"1,092,792",50% bullish,of 6 ratings,$125.50
INDB,$44.5,1440864697099,"202,363",Not yet rated,NULL,$44
IBTX,$41.49,1440864697142,"14,876",100% bullish,of 2 ratings,$47.25
IBCP,$14.16,1440864697168,"93,148",100% bullish,of 1 rating,$14.50
INFN,$22.29,1440864697194,"1,022,680",71% bullish,of 7 ratings,$28
IDSA,$3.6,1440864697243,"2,730",Not yet rated,NULL,N/A
INFI,$9.28,1440864697327,"337,361",50% bullish,of 4 ratings,$18
IPCC,$77.31,1440864697383,"22,807",Not yet rated,NULL,$77.50
IFON,$1.21,1440864697456,"24,493",75% bullish,of 4 ratings,N/A
III,$3.89,1440864697490,"95,856",57% bullish,of 7 ratings,$6
IMKTA,$50.28,1440864697543,"51,886",100% bearish,of 1 rating,N/A
INNL,$12.78,1440864697590,"1,348",100% bearish,of 1 rating,$16.50
INWK,$7.09,1440864697619,"56,331",50% bullish,of 2 ratings,$10
IPHS,$48.24,1440864697810,"75,518",100% bearish,of 1 rating,$60
INOD,$2.38,1440864697843,"4,694",100% bearish,of 1 rating,N/A
IOSP,$48.17,1440864697943,"185,737",100% bearish,of 1 rating,N/A
ISSC,$2.78,1440864698014,"4,200",67% bearish,of 3 ratings,N/A
INGN,$49.78,1440864698115,"219,266",100% bearish,of 1 rating,$50.50
NSIT,$25.8,1440864698140,"111,626",50% bullish,of 2 ratings,N/A
INOV,$21.73,1440864698166,"735,420",100% bearish,of 1 rating,$33
ITEK,$12.15,1440864698219,"249,011",100% bearish,of 3 ratings,$20
INO,$7.75,1440864698301,"1,636,416",89% bullish,of 18 ratings,$20
INSM,$25.69,1440864698345,"271,347",71% bullish,of 7 ratings,$31.50
ISIG,$2.71,1440864698397,"10,879",100% bearish,of 1 rating,N/A
PODD,$29.71,1440864698426,"209,947",67% bearish,of 3 ratings,$35
INSY,$33.83,1440864698537,"270,702",75% bullish,of 4 ratings,$48
NTEC,$5.75,1440864698563,"8,105",100% bearish,of 1 rating,N/A
IIIN,$17.07,1440864698695,"16,380",100% bearish,of 2 ratings,N/A
IART,$60.79,1440864698722,"177,967",100% bearish,of 2 ratings,$71.50
IDTI,$19.09,1440864698748,"1,457,438",60% bullish,of 5 ratings,$25
IESC,$7.02,1440864698876,"2,580",100% bearish,of 1 rating,N/A
INTC,$28.41,1440864698902,"25,692,266",82% bullish,of 238 ratings,$36
IPAR,$25.63,1440864698973,"79,920",67% bullish,of 3 ratings,$38
IBKR,$40.2881,1440864699046,"605,394",100% bullish,of 1 rating,N/A
IPCI,$2.31,1440864699076,"76,615",67% bullish,of 6 ratings,$8
IQNT,$18.59,1440864699097,"151,264",86% bullish,of 7 ratings,$20
ISSI,$21.94,1440864699129,"133,663",67% bullish,of 3 ratings,$19.75
ICPT,$189.4643,1440864699237,"96,157",70% bullish,of 10 ratings,$359.50
ICLD,$1.85,1440864699307,"103,348",75% bullish,of 4 ratings,N/A
ICLDW,NULL,1440864699331,0,100% bearish,of 1 rating,N/A
ININ,$36.15,1440864699359,"85,150",67% bearish,of 3 ratings,$57
TILE,$23.94,1440864699524,"431,058",100% bearish,of 3 ratings,$27
IDCC,$48,1440864699552,"175,555",80% bullish,of 5 ratings,$63
IMI,$2.13,1440864699813,"10,493",67% bullish,of 3 ratings,$2.22
INAP,$8.05,1440864699922,"239,819",75% bullish,of 4 ratings,$11
ISCA,$31.97,1440864700262,"101,605",100% bearish,of 1 rating,N/A
IGLD,$6.97,1440864700326,400,50% bullish,of 2 ratings,N/A
IBOC,$25.15,1440864700358,"154,160",100% bearish,of 1 rating,N/A
IIJI,$10,1440864700456,40,50% bullish,of 2 ratings,$11.50
PTNT,$2.91,1440864700519,"2,723",Not yet rated,NULL,N/A
INPH,$0.32,1440864700590,"162,928",50% bullish,of 2 ratings,N/A
XENT,$25.35,1440864700796,"141,556",50% bullish,of 2 ratings,$36.50
INTX,$2.03,1440864700821,"97,223",67% bullish,of 3 ratings,N/A
ISIL,$10.61,1440864700879,"483,071",50% bullish,of 6 ratings,$15
IILG,$19.97,1440864701034,"103,268",100% bearish,of 1 rating,$29
IVAC,$4.86,1440864701084,"23,655",100% bearish,of 1 rating,$6.625
INTLL,$26.09,1440864701115,850,Not yet rated,NULL,N/A
INTL,$25.81,1440864701166,"62,769",67% bearish,of 3 ratings,N/A
ITCI,$26.96,1440864701218,"275,633",75% bearish,of 4 ratings,$40
IIN,$6.39,1440864701243,"2,100",100% bearish,of 1 rating,$12
INTU,$86.21,1440864701326,"1,895,063",86% bullish,of 7 ratings,$107.50
SNAK,$8.68,1440864701421,"102,749",50% bullish,of 2 ratings,$14
INVT,$0.303,1440864701453,"213,959",67% bullish,of 3 ratings,N/A
ISTR,$15.6,1440864701488,841,100% bearish,of 1 rating,$18.50
ISBC,$11.75,1440864701551,"972,204",100% bullish,of 1 rating,$13.25
ISRG,$514.24,1440864701580,"95,903",67% bullish,of 3 ratings,$600
NVIV,$9.66,1440864701650,"133,271",50% bullish,of 4 ratings,$24.50
ITIC,$71.15,1440864701729,"1,300",100% bearish,of 2 ratings,N/A
IVTY,$14.61,1440864701754,"17,056",Not yet rated,NULL,$18
IPAS,$1.09,1440864701930,"49,183",67% bullish,of 3 ratings,N/A
DTUL,NULL,1440864702016,0,Not yet rated,NULL,N/A
DFVL,NULL,1440864702114,0,Not yet rated,NULL,N/A
IPGP,$85.88,1440864702188,"250,042",100% bearish,of 2 ratings,$109.50
IPCM,$79.44,1440864702249,"119,808",50% bullish,of 2 ratings,$80.125
IRDM,$7.18,1440864702354,"400,499",60% bullish,of 5 ratings,$11.50
IRMD,$25.04,1440864702415,"11,245",67% bearish,of 3 ratings,$25
IRIX,$6.89,1440864702486,"7,546",100% bearish,of 1 rating,N/A
IRDMB,$279.5,1440864702571,320,67% bearish,of 3 ratings,N/A
IRBT,$29.29,1440864702628,"166,490",67% bullish,of 6 ratings,$37
IRWD,$11.27,1440864702732,"1,082,384",100% bearish,of 1 rating,$13
IRCP,NULL,1440864702763,0,100% bullish,of 2 ratings,N/A
COMT,$33.62,1440864702788,"23,140",100% bearish,of 1 rating,N/A
GNMA,$50.32,1440864702860,"3,187",Not yet rated,NULL,N/A
IFAS,NULL,1440864703036,0,NULL,NULL,NULL
FCHI,NULL,1440864703110,0,NULL,NULL,NULL
IFGL,$28.61,1440864703138,"191,698",Not yet rated,NULL,N/A
IFEU,$37.74,1440864703171,"4,879",Not yet rated,NULL,N/A
IFNA,NULL,1440864703195,0,NULL,NULL,NULL
ACWI,$56.3,1440864703267,"1,578,362",Not yet rated,NULL,N/A
ACWX,$41.04,1440864703293,"692,879",100% bearish,of 1 rating,N/A
AAIT,NULL,1440864703491,0,NULL,NULL,NULL
AAXJ,$53.8559,1440864703521,"3,183,887",Not yet rated,NULL,N/A
EEMA,$50.47,1440864703542,"37,087",Not yet rated,NULL,N/A
AXJS,NULL,1440864703572,0,NULL,NULL,NULL
EMDI,NULL,1440864703683,0,NULL,NULL,NULL
EMEY,NULL,1440864703705,0,NULL,NULL,NULL
EEME,NULL,1440864703729,0,NULL,NULL,NULL
EGRW,NULL,1440864703754,0,NULL,NULL,NULL
EEML,$27.61,1440864703885,"9,700",Not yet rated,NULL,N/A
EVAL,NULL,1440864703914,0,NULL,NULL,NULL
EUFN,$21.85,1440864703946,"73,493",100% bearish,of 1 rating,N/A
QAT,$21.6,1440864704022,600,Not yet rated,NULL,N/A
IEUS,$45.4,1440864704051,"5,456",100% bearish,of 1 rating,N/A
UAE,$18.63,1440864704089,"11,900",Not yet rated,NULL,N/A
SOXX,$83.25,1440864704237,"380,264",50% bullish,of 2 ratings,N/A
IBB,$353.28,1440864704264,"853,689",63% bullish,of 8 ratings,N/A
EMIF,$28.87,1440864704297,"8,923",Not yet rated,NULL,N/A
WOOD,$48.3,1440864704393,"23,260",50% bullish,of 2 ratings,N/A
ICLN,$9.6,1440864704421,"14,518",50% bullish,of 2 ratings,N/A
INDY,$27.63,1440864704449,"140,732",50% bullish,of 2 ratings,N/A
ISHG,$79.35,1440864704497,"9,098",100% bearish,of 1 rating,N/A
IGOV,$90.85,1440864704597,"16,643",100% bearish,of 1 rating,N/A
ISLE,$17.63,1440864704636,"140,146",50% bullish,of 4 ratings,$16
ISIS,$51.5999,1440864704664,"782,005",53% bullish,of 15 ratings,$67
ITRI,$30.03,1440864704740,"194,687",100% bearish,of 1 rating,$37
ISRL,$131.04,1440864704797,465,100% bearish,of 1 rating,N/A
ITUS,$4.03,1440864704929,"7,850",Not yet rated,NULL,N/A
ITRN,$24.11,1440864704962,"1,416",50% bullish,of 2 ratings,N/A
IXYS,$11.14,1440864705061,"103,762",50% bullish,of 4 ratings,N/A
MAYS,$55.95,1440864705088,100,Not yet rated,NULL,N/A
JJSF,$114.72,1440864705160,"29,311",100% bearish,of 1 rating,N/A
XXIA,$15.17,1440864705226,"472,050",71% bullish,of 7 ratings,$14.625
JCOM,$69.71,1440864705292,"185,842",100% bullish,of 2 ratings,$77
JASO,$7.9,1440864705322,"747,475",82% bullish,of 17 ratings,$10
JKHY,$68.7938,1440864705349,"214,469",50% bullish,of 2 ratings,$72
JBHT,$73.51,1440864705394,"554,190",50% bullish,of 4 ratings,$89.50
JACK,$81.77,1440864705423,"189,732",83% bullish,of 6 ratings,$105
JAXB,$13.31,1440864705555,90,100% bullish,of 1 rating,N/A
JAGX,$3.44,1440864705631,"8,574",Not yet rated,NULL,N/A
JXSB,NULL,1440864705681,0,Not yet rated,NULL,N/A
JAKK,$9.42,1440864705737,"492,606",60% bearish,of 5 ratings,$11
JMBA,$13.95,1440864705812,"91,223",75% bullish,of 4 ratings,$18
JRVR,$26.79,1440864705883,"37,791",Not yet rated,NULL,$32
JASN,$4.93,1440864705968,"23,503",50% bullish,of 2 ratings,$9.50
JASNW,NULL,1440864706014,0,50% bullish,of 2 ratings,N/A
ERW,NULL,1440864706041,0,Not yet rated,NULL,N/A
JBLU,$22.25,1440864706068,"2,629,199",94% bullish,of 18 ratings,$27
JAZZ,$171.501,1440864706208,"167,566",80% bullish,of 15 ratings,$206.50
JD,$26.77,1440864706241,"4,905,314",75% bullish,of 16 ratings,$36
JTPY,$2.95,1440864706270,100,100% bearish,of 1 rating,N/A
JCTCF,NULL,1440864706295,0,100% bullish,of 1 rating,N/A
DATE,$5.92,1440864706350,"93,636",75% bullish,of 4 ratings,$9
JST,$3.98,1440864706423,"7,252",75% bullish,of 4 ratings,N/A
JIVE,$4.51,1440864706516,"258,687",75% bullish,of 4 ratings,$5
WYIGU,$10.2,1440864706586,6,Not yet rated,NULL,N/A
JBSS,$54.48,1440864706684,"71,680",67% bearish,of 3 ratings,N/A
JOUT,$23.41,1440864706747,"5,196",100% bearish,of 1 rating,$34
JNP,$10.93,1440864706772,"25,559",100% bullish,of 3 ratings,$15
JOEZ,$0.17,1440864706810,"97,593",92% bullish,of 12 ratings,N/A
KTWO,$21.65,1440864706839,"84,969",100% bearish,of 1 rating,$28.50
JUNO,$38.06,1440864706904,"681,045",73% bullish,of 11 ratings,$71.50
KALU,$83.24,1440864706931,"129,573",67% bearish,of 3 ratings,$91
KBIO,$2.01,1440864706967,"19,373",50% bullish,of 4 ratings,N/A
KNDI,$6.72,1440864707099,"254,671",86% bullish,of 22 ratings,N/A
KMDA,$3.48,1440864707171,"19,288",50% bullish,of 2 ratings,$8
KCLI,$46.85,1440864707197,"26,651",Not yet rated,NULL,N/A
