Symbol,Price,Date,Volume,Rating,RatingVoteCount,OneYearEstimate
PIH,$7.475,1441736402943,703,100% bearish,of 1 rating,N/A
TFSCU,NULL,1441736402980,0,Not yet rated,NULL,N/A
TFSC,NULL,1441736403011,0,100% bearish,of 1 rating,N/A
TFSCW,$0.3,1441736403032,"4,500",100% bearish,of 1 rating,N/A
FCTY,$7.9,1441736403061,512,100% bullish,of 1 rating,$8.50
TFSCR,$0.3723,1441736403091,"1,000",Not yet rated,NULL,N/A
FLWS,$8.42,1441736403117,"196,770",80% bullish,of 5 ratings,$15
FCCY,$11.58,1441736403196,"1,000",100% bullish,of 1 rating,$13
DSLV,$66.7892,1441736403416,"12,897",100% bearish,of 1 rating,N/A
VNET,$18.3,1441736403509,"244,275",60% bullish,of 5 ratings,$35
UGLD,$8.976,1441736403539,"46,258",100% bearish,of 1 rating,N/A
SRCE,$30.75,1441736403600,"9,252",100% bullish,of 3 ratings,$33
DGLD,$82.99,1441736403625,"3,137",100% bullish,of 1 rating,N/A
USLV,$12.93,1441736403674,"159,489",86% bullish,of 7 ratings,N/A
JOBS,$26.68,1441736403699,"56,421",50% bullish,of 4 ratings,$36
TWOU,$35.985,1441736403939,"169,467",50% bullish,of 2 ratings,$39
SIXD,$3.06,1441736404081,"49,361",Not yet rated,NULL,N/A
CAFD,$14.25,1441736404180,"82,640",Not yet rated,NULL,$24.50
EGHT,$7.94,1441736404212,"103,782",82% bullish,of 17 ratings,$11
AVHI,$13.54,1441736404262,"7,643",100% bearish,of 1 rating,$19
AAON,$19.83,1441736404286,"29,939",100% bearish,of 1 rating,$24
SHLM,$32.3,1441736404319,"68,709",100% bearish,of 1 rating,$47
ABAX,$48.6843,1441736404341,"28,767",100% bearish,of 1 rating,$60
ABY,$20.26,1441736404419,"1,695,401",100% bearish,of 2 ratings,$46
AXAS,$1.665,1441736404622,"601,210",78% bullish,of 9 ratings,$3.50
ABGB,$5.92,1441736404651,"72,186",67% bullish,of 3 ratings,$5.50
ABEOW,$1.7101,1441736404676,100,100% bullish,of 1 rating,N/A
ABEO,$4.77,1441736404702,"22,323",50% bullish,of 4 ratings,$15.50
ABMD,$95.1796,1441736404734,"223,901",75% bullish,of 4 ratings,$100.50
ACTG,$9.12,1441736404838,"144,285",67% bullish,of 3 ratings,$18.50
ACHC,$73.74,1441736404866,"138,529",50% bullish,of 2 ratings,$92
AXDX,$17.62,1441736405104,"83,646",100% bearish,of 1 rating,N/A
XLRN,$30.46,1441736405165,"73,916",50% bullish,of 2 ratings,$57
ANCX,$20.26,1441736405191,"13,581",Not yet rated,NULL,$20
ACAD,$40.76,1441736405213,"329,945",80% bullish,of 20 ratings,$48
ACST,$0.3123,1441736405264,"21,438",100% bullish,of 2 ratings,N/A
VXDN,$1.9099,1441736405368,"5,289",100% bearish,of 1 rating,N/A
ARAY,$6.61,1441736405393,"179,023",100% bearish,of 1 rating,$10.50
ACET,$22.99,1441736405605,"53,331",75% bullish,of 4 ratings,$30
AKAO,$6.96,1441736405635,"25,434",75% bullish,of 4 ratings,$15
VXUP,$1.5418,1441736405661,"26,275",100% bearish,of 1 rating,N/A
ACHN,$7.93,1441736405692,"2,832,070",90% bullish,of 21 ratings,$16
ACRX,$4.07,1441736405713,"434,545",67% bearish,of 6 ratings,$7
ACNB,$20.12,1441736405796,300,Not yet rated,NULL,N/A
ACIW,$21.56,1441736405847,"87,649",67% bearish,of 3 ratings,$24
ACTS,$1.59,1441736406053,"12,900",100% bearish,of 1 rating,N/A
ACOR,$33.08,1441736406082,"84,026",67% bearish,of 3 ratings,$38.50
ACPW,$1.94,1441736406107,"19,383",100% bullish,of 4 ratings,$3.25
ATVI,$28.62,1441736406242,"2,668,804",67% bullish,of 84 ratings,$31.50
ACTA,$13.88,1441736406307,"30,366",67% bearish,of 3 ratings,$25
ACUR,$2.9727,1441736406328,"6,910",100% bullish,of 5 ratings,$5
ACXM,$20.83,1441736406411,"45,102",67% bullish,of 3 ratings,N/A
ADMS,$19.59,1441736406478,"39,938",100% bearish,of 2 ratings,$36
ADMP,$3.9,1441736406504,"11,688",50% bullish,of 2 ratings,$10
ADAP,$11.18,1441736406536,"11,671",67% bullish,of 3 ratings,$22
ADUS,$29.58,1441736406703,"26,422",100% bearish,of 1 rating,$31
ADMA,$8.99,1441736406808,"3,699",Not yet rated,NULL,$19
ADEP,$7.79,1441736406894,"44,319",50% bullish,of 2 ratings,$10.75
ADBE,$79.55,1441736406949,"767,563",61% bullish,of 18 ratings,$90
AEY,$2.39,1441736407040,550,100% bearish,of 2 ratings,N/A
ADTN,$15.5962,1441736407134,"67,213",67% bullish,of 3 ratings,$17.125
AMD,$1.88,1441736407180,"2,921,305",83% bullish,of 103 ratings,$2
ADRO,$18.875,1441736407204,"115,265",80% bullish,of 5 ratings,$45.50
AEIS,$24.5799,1441736407443,"120,928",50% bullish,of 2 ratings,$32.50
YPRO,$23.0535,1441736407476,"4,156",100% bearish,of 1 rating,N/A
ADXSW,$9.7501,1441736407506,350,100% bullish,of 1 rating,N/A
MULT,NULL,1441736407529,0,100% bearish,of 1 rating,N/A
ADXS,$13.94,1441736407578,"290,642",64% bullish,of 14 ratings,$27
AEGR,$17.98,1441736407605,"77,482",50% bullish,of 6 ratings,$26
AEGN,$18.165,1441736407663,"70,839",100% bearish,of 2 ratings,$21
AEHR,$2.3,1441736407688,100,50% bullish,of 2 ratings,N/A
AMTX,$3.02,1441736407961,"8,468",50% bullish,of 2 ratings,N/A
AEZS,$0.0796,1441736408070,"8,169,532",90% bullish,of 21 ratings,$1.50
AEPI,$62.05,1441736408100,"23,644",100% bearish,of 1 rating,N/A
AEMD,$7.335,1441736408130,"76,713",Not yet rated,NULL,$27.50
AERI,$16.33,1441736408168,"265,910",75% bullish,of 4 ratings,$31.50
AFMD,$9.97,1441736408197,"65,390",50% bullish,of 4 ratings,$15
AVAV,$20.72,1441736408225,"78,128",50% bullish,of 4 ratings,$28
AFFX,$9.42,1441736408304,"280,827",80% bullish,of 5 ratings,$12.50
AGEN,$7.05,1441736408439,"170,432",85% bullish,of 13 ratings,$14
AGRX,$8.65,1441736408635,"21,885",100% bearish,of 1 rating,$17.50
AGYS,$9.64,1441736408666,"4,605",100% bearish,of 1 rating,N/A
AGIO,$89.48,1441736408696,"110,806",88% bullish,of 8 ratings,$114
AGFS,$10.03,1441736408738,"78,599",100% bearish,of 1 rating,N/A
AGFSW,$2.1,1441736408762,"10,300",100% bearish,of 2 ratings,N/A
AIMT,$22.69,1441736408794,"133,019",Not yet rated,NULL,$35.50
AIRM,$36.4636,1441736408937,"62,264",80% bearish,of 5 ratings,$53
AMCN,$4.68,1441736409091,"197,184",83% bullish,of 6 ratings,N/A
AIRT,$22.706,1441736409136,"3,035",100% bullish,of 1 rating,N/A
AKAM,$73.8878,1441736409170,"368,678",63% bullish,of 8 ratings,$77.50
AKBA,$7.59,1441736409199,"166,716",100% bearish,of 1 rating,$18
AIXG,$6.87,1441736409268,"8,044",67% bearish,of 3 ratings,$5.25
ATSG,$8.8298,1441736409295,"45,426",67% bullish,of 3 ratings,$13
AKER,$2.82,1441736409469,"1,620",Not yet rated,NULL,N/A
AKRX,$39.4756,1441736409499,"204,038",78% bullish,of 9 ratings,$56
ALRM,$16.21,1441736409527,"67,962",100% bearish,of 1 rating,$22
ALSK,$2.2601,1441736409605,"68,307",78% bullish,of 18 ratings,$2
AMRI,$20.68,1441736409710,"92,652",75% bearish,of 4 ratings,$24
ABDC,$12.9165,1441736409843,"21,052",Not yet rated,NULL,$15
ALDR,$42.26,1441736409871,"151,382",67% bearish,of 3 ratings,$62
ALDX,$7.32,1441736409899,"10,777",100% bearish,of 1 rating,$14.50
ALXN,$175.28,1441736409924,"376,308",88% bullish,of 8 ratings,$223.50
ALXA,$1.3496,1441736410141,"43,238",83% bullish,of 6 ratings,$2.125
ALGN,$55.17,1441736410172,"123,426",100% bearish,of 2 ratings,$73
ADHD,$7.8,1441736410216,"71,731",50% bullish,of 4 ratings,$18
ALCO,$42.33,1441736410272,"10,884",50% bullish,of 2 ratings,N/A
ALIM,$2.93,1441736410350,"30,500",80% bullish,of 5 ratings,$10
ALGT,$210.06,1441736410456,"40,228",100% bearish,of 2 ratings,$235
ALKS,$67.44,1441736410518,"263,279",67% bullish,of 3 ratings,$75
ALLB,$23.25,1441736410602,200,Not yet rated,NULL,N/A
AIQ,$14.88,1441736410632,"6,457",67% bullish,of 3 ratings,N/A
ARLP,$25.06,1441736410669,"58,753",67% bearish,of 3 ratings,$32
AFOP,$19.082,1441736410703,"53,371",75% bullish,of 8 ratings,$21
AHGP,$35.54,1441736410809,"23,032",67% bullish,of 3 ratings,N/A
AMOT,$18.05,1441736411008,"84,362",100% bearish,of 1 rating,N/A
AHPI,NULL,1441736411032,0,50% bullish,of 2 ratings,N/A
ALQA,$4.5,1441736411059,"8,082",75% bullish,of 4 ratings,$8.50
ALLT,$5.2,1441736411223,"12,349",75% bullish,of 4 ratings,$6.25
AFAM,$45.52,1441736411295,"33,055",50% bullish,of 2 ratings,$44
MDRX,$13.25,1441736411323,"766,514",60% bullish,of 5 ratings,$16
ALNY,$102.12,1441736411508,"224,693",67% bullish,of 3 ratings,$151.50
AOSL,$8.2801,1441736411559,"12,861",67% bullish,of 3 ratings,$9
ALTR,$50.39,1441736411594,"2,679,970",67% bearish,of 6 ratings,$54
SMCP,$23.39,1441736411619,775,Not yet rated,NULL,N/A
ATEC,$0.54,1441736411692,"85,089",100% bullish,of 1 rating,$2
ASPS,$26.625,1441736411717,"89,812",67% bullish,of 3 ratings,$46.50
AIMC,$23.905,1441736411887,"43,775",100% bearish,of 2 ratings,$28.50
AMAG,$60.86,1441736411955,"187,306",100% bullish,of 2 ratings,$75
AMRN,$2.3801,1441736412018,"675,922",85% bullish,of 40 ratings,$8
AMZN,$514,1441736412119,"1,373,286",81% bullish,of 269 ratings,$646
AMRK,$10.9,1441736412140,"43,454",50% bullish,of 2 ratings,$14
AYA,$21.0199,1441736412182,"9,341",100% bearish,of 1 rating,$40
AMBC,$16.39,1441736412216,"80,430",100% bearish,of 1 rating,$16.50
AMBA,$72.75,1441736412288,"1,336,792",71% bullish,of 14 ratings,$102.50
AMBCW,NULL,1441736412465,0,100% bearish,of 1 rating,N/A
EPAX,$2.71,1441736412554,"36,241",100% bearish,of 1 rating,N/A
DOX,$57.23,1441736412652,"276,298",67% bearish,of 3 ratings,$60
AMCX,$73.92,1441736412696,"228,621",67% bullish,of 3 ratings,$87.50
AMDA,$0.4141,1441736412727,"3,111,945",90% bullish,of 10 ratings,$1
UHAL,$372.4201,1441736412783,"12,271",100% bullish,of 2 ratings,$393.50
AMED,$40.91,1441736412826,"75,247",100% bearish,of 1 rating,$42
ASBI,$23.02,1441736412915,"11,467",Not yet rated,NULL,N/A
AMOV,$17.89,1441736413075,"1,190",100% bearish,of 1 rating,N/A
ATAX,$5.3,1441736413106,"44,693",100% bullish,of 1 rating,$6.50
AAL,$40.988,1441736413158,"3,343,465",93% bullish,of 88 ratings,$57
AGNCB,$24.29,1441736413211,"6,654",Not yet rated,NULL,N/A
AGNCP,$25.4,1441736413262,"3,350",Not yet rated,NULL,N/A
AGNC,$19.05,1441736413291,"1,005,336",71% bullish,of 28 ratings,$22
MTGE,$15.185,1441736413320,"164,707",75% bullish,of 4 ratings,$19.50
MTGEP,$24.3899,1441736413425,175,Not yet rated,NULL,N/A
ACAS,$13.885,1441736413528,"562,457",60% bullish,of 5 ratings,$16.75
ACSF,$12.2,1441736413554,"7,094",100% bearish,of 1 rating,$15
ANCI,$1.41,1441736413720,700,100% bearish,of 1 rating,N/A
AETI,$3.4594,1441736413789,"1,600",67% bearish,of 3 ratings,N/A
AMIC,$10.01,1441736413878,200,100% bearish,of 1 rating,N/A
AMNB,$23.55,1441736413985,"6,366",Not yet rated,NULL,$25.50
APEI,$22.26,1441736414010,"14,563",100% bearish,of 1 rating,$25.50
ANAT,$97.97,1441736414035,"28,146",100% bullish,of 1 rating,N/A
ARII,$40.54,1441736414237,"75,087",67% bearish,of 3 ratings,$45
AMRB,$10.3524,1441736414312,"2,699",Not yet rated,NULL,$11
ASEI,$39.44,1441736414348,"13,992",100% bearish,of 1 rating,$52.50
AMSC,$5.22,1441736414376,"43,119",50% bullish,of 4 ratings,N/A
AMSWA,$9.05,1441736414396,"11,227",100% bearish,of 2 ratings,$10.75
AMWD,$68.87,1441736414435,"54,472",50% bullish,of 2 ratings,$70
CRMT,$35.69,1441736414461,"7,002",100% bearish,of 1 rating,$38
ABCB,$27.635,1441736414541,"25,816",Not yet rated,NULL,$31
ASRV,$3.22,1441736414745,"3,600",100% bullish,of 2 ratings,N/A
AMSF,$47.355,1441736414799,"8,585",Not yet rated,NULL,$57.50
ASRVP,NULL,1441736414878,0,Not yet rated,NULL,N/A
ATLO,$23.15,1441736414936,"2,394",Not yet rated,NULL,N/A
FOLD,$16.98,1441736415026,"786,238",56% bullish,of 9 ratings,$21
AMPH,$14.21,1441736415067,"97,769",50% bullish,of 2 ratings,$20
AMGN,$153.22,1441736415093,"1,542,035",89% bullish,of 19 ratings,$185
AMKR,$5.51,1441736415114,"542,833",100% bearish,of 2 ratings,$5
AMSG,$80.38,1441736415244,"142,050",100% bearish,of 1 rating,$85.50
AMSGP,$152.74,1441736415293,146,Not yet rated,NULL,N/A
ASYS,$5.34,1441736415319,"14,728",67% bullish,of 3 ratings,$12
AMRS,$1.79,1441736415475,"117,995",70% bullish,of 10 ratings,N/A
ANAC,$135.72,1441736415507,"106,721",80% bullish,of 5 ratings,$180.50
AFSI,$59.14,1441736415536,"157,434",60% bullish,of 5 ratings,$72
ANAD,$0.2944,1441736415604,"278,886",100% bullish,of 2 ratings,$.50
ADI,$57.08,1441736415664,"1,194,766",75% bullish,of 4 ratings,$69
ANCB,$21.6,1441736415795,"5,169",Not yet rated,NULL,$23
ALOG,$82.6,1441736415822,"33,088",100% bearish,of 2 ratings,$100.50
AMCF,NULL,1441736415961,0,NULL,NULL,NULL
ABCW,$42.15,1441736415992,"16,055",67% bullish,of 3 ratings,N/A
ANIP,$53.775,1441736416060,"45,819",89% bullish,of 19 ratings,$66
ANGI,$5.1839,1441736416089,"173,353",64% bullish,of 11 ratings,$5.50
ANIK,$36.44,1441736416117,"30,880",60% bullish,of 5 ratings,$51.25
ANGO,$14.6,1441736416191,"19,762",67% bullish,of 3 ratings,$19
ANTH,$7.47,1441736416383,"211,039",80% bullish,of 10 ratings,$13
ATRS,$1.83,1441736416412,"101,733",92% bullish,of 12 ratings,$4.50
ANSS,$92.3,1441736416440,"98,729",100% bearish,of 1 rating,$100
ABAC,$0.79,1441736416515,40,100% bearish,of 1 rating,N/A
ATNY,$2.45,1441736416599,"9,966",50% bullish,of 2 ratings,$3.75
APIC,$7.955,1441736416624,"78,572",100% bearish,of 1 rating,$19
APOG,$54.53,1441736416668,"42,938",50% bullish,of 2 ratings,$67
AINV,$6.475,1441736416834,"378,470",50% bullish,of 4 ratings,$8
APOL,$11.5,1441736416861,"429,706",87% bearish,of 68 ratings,$14
AAPL,$111.18,1441736416923,"19,433,445",86% bullish,of 2368 ratings,$150
ARCI,$1.16,1441736416994,"4,418",Not yet rated,NULL,N/A
APPF,$17.38,1441736417023,"25,041",50% bullish,of 2 ratings,$22
APDN,$3.56,1441736417063,"36,877",Not yet rated,NULL,$9
APDNW,$1.51,1441736417089,"2,235",Not yet rated,NULL,N/A
AMAT,$15.7188,1441736417274,"5,046,332",82% bullish,of 11 ratings,$23
AMCC,$5.93,1441736417376,"141,629",80% bullish,of 5 ratings,$8
AGTC,$16.8872,1441736417403,"18,964",50% bullish,of 2 ratings,$33
AAOI,$21.36,1441736417468,"121,126",50% bullish,of 4 ratings,$26
APRI,$1.73,1441736417534,"160,607",83% bullish,of 6 ratings,$4.86
AREX,$2.62,1441736417560,"389,318",50% bullish,of 2 ratings,$3
APTO,$5.15,1441736417689,"4,804",Not yet rated,NULL,$17
AQMS,$4.995,1441736417716,"9,937",Not yet rated,NULL,N/A
AQXP,$15.88,1441736417786,"124,788",67% bearish,of 3 ratings,$2
AUMA,NULL,1441736417845,0,Not yet rated,NULL,N/A
AUMAW,NULL,1441736417915,0,Not yet rated,NULL,N/A
ARDM,$7.33,1441736417949,300,100% bullish,of 1 rating,$26
AUMAU,NULL,1441736417970,0,Not yet rated,NULL,N/A
PETX,$17.84,1441736418050,"71,677",100% bearish,of 2 ratings,$26
ABUS,$7.05,1441736418231,"91,544",86% bullish,of 14 ratings,$21.50
ARCW,$3.26,1441736418261,"14,954",100% bearish,of 2 ratings,$10.50
ABIO,$6.955,1441736418294,"103,679",50% bullish,of 2 ratings,$26.242
ARCB,$29.4,1441736418391,"36,372",67% bearish,of 3 ratings,$39.50
RKDA,$5.45,1441736418445,"16,502",100% bearish,of 2 ratings,$10
ACAT,$24.77,1441736418473,"128,811",100% bearish,of 3 ratings,$33
ARDX,$20.42,1441736418498,"131,847",50% bullish,of 2 ratings,$24.50
ACGL,$69.38,1441736418544,"132,825",50% bullish,of 2 ratings,$72
ARNA,$2.75,1441736418795,"344,452",90% bullish,of 78 ratings,$5.50
AGII,$54.7701,1441736418821,"18,736",Not yet rated,NULL,$59.50
ARGS,$6.28,1441736418950,"8,806",50% bullish,of 2 ratings,$19.50
ARCC,$15.605,1441736418977,"467,203",67% bearish,of 3 ratings,$17.75
AGIIL,$25.33,1441736418999,"5,258",Not yet rated,NULL,N/A
ARIA,$7.925,1441736419030,"1,797,300",87% bullish,of 46 ratings,$9
ARIS,$3.76,1441736419166,"8,596",Not yet rated,NULL,$4.50
ARKR,$24.79,1441736419239,"3,080",50% bullish,of 2 ratings,N/A
ARTX,$1.38,1441736419367,"70,523",88% bullish,of 16 ratings,$4.50
ARMH,$44.09,1441736419392,"767,084",54% bearish,of 13 ratings,$60
ARWAU,NULL,1441736419458,0,100% bullish,of 1 rating,N/A
ARWAR,NULL,1441736419487,0,Not yet rated,NULL,N/A
ARWA,NULL,1441736419548,0,Not yet rated,NULL,N/A
ARWAW,NULL,1441736419587,0,Not yet rated,NULL,N/A
ARQL,$1.69,1441736419730,"81,659",75% bullish,of 4 ratings,$5
ARRY,$5.805,1441736419804,"437,452",100% bullish,of 7 ratings,$10
ARRS,$26.73,1441736419864,"261,477",50% bullish,of 2 ratings,$38
DWAT,$9.775,1441736419895,"8,705",100% bearish,of 1 rating,N/A
AROW,$27.2024,1441736419957,"3,160",Not yet rated,NULL,N/A
ARWR,$5.48,1441736419993,"447,422",75% bullish,of 4 ratings,$10.50
ARTW,$3.99,1441736420124,590,75% bearish,of 4 ratings,N/A
ARTNA,$21.8,1441736420219,"4,021",100% bearish,of 1 rating,$29
ASBB,$25.23,1441736420273,6,Not yet rated,NULL,N/A
ASNA,$12.295,1441736420316,"1,172,358",50% bullish,of 2 ratings,$17.50
ASTI,$0.2452,1441736420405,"2,522,611",83% bullish,of 6 ratings,$3
ASND,$20.03,1441736420450,"10,950",50% bullish,of 2 ratings,$30
ASCMA,$28.34,1441736420512,"40,013",100% bearish,of 1 rating,$45
APWC,$1.75,1441736420586,204,100% bearish,of 1 rating,N/A
ASMI,NULL,1441736420608,0,NULL,NULL,NULL
ASMB,$13.61,1441736420844,"17,216",67% bullish,of 3 ratings,N/A
AZPN,$39.58,1441736420894,"192,752",50% bullish,of 2 ratings,$42
ASML,$93.5364,1441736420927,"294,831",50% bullish,of 4 ratings,$127
ASFI,$8.7,1441736420953,"3,300",100% bullish,of 1 rating,N/A
ASTE,$37.92,1441736421030,"44,561",100% bearish,of 1 rating,$49
ATRO,$50.28,1441736421087,"63,764",100% bearish,of 2 ratings,$80
ALOT,$13.95,1441736421136,522,100% bearish,of 1 rating,N/A
ASTC,$2.28,1441736421268,"14,837",100% bullish,of 5 ratings,N/A
ATAI,$2.315,1441736421303,"14,542",100% bearish,of 1 rating,N/A
ASUR,$5.615,1441736421351,981,50% bullish,of 2 ratings,$8
ATHN,$135.87,1441736421491,"89,796",67% bearish,of 3 ratings,$153
AFCB,NULL,1441736421555,0,Not yet rated,NULL,N/A
ATRA,$43.7,1441736421581,"87,135",50% bullish,of 2 ratings,$68
ATHX,$1.1541,1441736421606,"52,119",89% bullish,of 9 ratings,$5
AAPC,$10.1,1441736421746,200,Not yet rated,NULL,N/A
AAME,$3.5,1441736421804,"1,502",Not yet rated,NULL,N/A
ACFC,$5.58,1441736421876,"6,791",100% bearish,of 1 rating,$6.50
ATLC,$3.85,1441736421956,"3,710",67% bullish,of 3 ratings,N/A
ATNI,$73.94,1441736421991,"19,374",100% bearish,of 1 rating,$69.50
AAWW,$38.845,1441736422089,"81,825",50% bullish,of 2 ratings,$65
ATML,$8.04,1441736422117,"1,766,394",78% bullish,of 9 ratings,$9.50
AFH,$16.27,1441736422144,"37,999",Not yet rated,NULL,$21.50
ATOS,$0.8999,1441736422276,"33,070",100% bullish,of 7 ratings,$7
ATRC,$24.4,1441736422301,"48,259",100% bullish,of 1 rating,$30
ATRI,$382,1441736422348,"1,736",Not yet rated,NULL,N/A
ATRM,$3.105,1441736422373,100,50% bullish,of 2 ratings,N/A
ATTU,$13.18,1441736422554,"6,382",100% bearish,of 1 rating,$20.50
LIFE,$15.18,1441736422581,"25,639",86% bullish,of 7 ratings,$43
AUBN,$26.86,1441736422616,502,Not yet rated,NULL,N/A
EARS,$4.46,1441736422889,"4,208",100% bearish,of 2 ratings,$8.49
AUDC,$3.2901,1441736422914,"17,050",80% bullish,of 5 ratings,$5
AUPH,$3.4828,1441736422940,"7,320",100% bearish,of 1 rating,$8
ADAT,$0.3401,1441736422963,"192,976",100% bullish,of 2 ratings,N/A
ADSK,$46.44,1441736423200,"519,751",67% bullish,of 6 ratings,$66
ABTL,$18.86,1441736423226,"38,704",100% bullish,of 4 ratings,$20.25
AVGO,$128.15,1441736423297,"1,076,183",88% bullish,of 8 ratings,$165
AAVL,$10.5,1441736423356,"119,831",100% bearish,of 1 rating,$20
AVEO,$1.38,1441736423382,"245,499",75% bullish,of 8 ratings,$3
ADP,$77.801,1441736423512,"522,664",100% bearish,of 1 rating,$88
AVNU,$13,1441736423555,"5,800",Not yet rated,NULL,$14
AVNW,$1.1986,1441736423656,"12,865",50% bullish,of 2 ratings,N/A
AVID,$8.6675,1441736423683,"116,053",100% bearish,of 1 rating,$20
AVGR,$15.25,1441736423814,"9,609",100% bearish,of 1 rating,$20
AWRE,$3.23,1441736423841,"6,954",67% bullish,of 3 ratings,N/A
CAR,$43.64,1441736423903,"383,687",67% bullish,of 6 ratings,$60
AXPW,$1.862,1441736424003,"381,139",86% bullish,of 7 ratings,N/A
ACLS,$3.47,1441736424140,"915,825",67% bullish,of 6 ratings,$4.75
AXGN,$4.78,1441736424167,"36,838",Not yet rated,NULL,$5
AXPWW,$0.95,1441736424195,30,Not yet rated,NULL,N/A
BCOM,$19.52,1441736424327,109,100% bearish,of 1 rating,N/A
AXTI,$2.15,1441736424355,"8,512",50% bullish,of 2 ratings,$2.75
RILY,NULL,1441736424376,0,Not yet rated,NULL,N/A
BEAV,$49.89,1441736424405,"140,447",67% bearish,of 3 ratings,$59
BOSC,$2.27,1441736424555,"30,054",50% bullish,of 2 ratings,N/A
BIDU,$148.538,1441736424610,"1,708,232",81% bullish,of 88 ratings,$210
BCPC,$57.42,1441736424714,"32,854",100% bearish,of 1 rating,$75
BWINB,$22.43,1441736424744,"7,195",Not yet rated,NULL,N/A
BWINA,$22.98,1441736424773,187,Not yet rated,NULL,N/A
BLDP,$1.35,1441736424801,"119,526",91% bullish,of 22 ratings,$2.50
BANFP,NULL,1441736424848,0,Not yet rated,NULL,N/A
BKMU,$7.09,1441736424932,"31,376",Not yet rated,NULL,$8
BANF,$61.54,1441736424999,"5,270",Not yet rated,NULL,$68
BOCH,$5.7901,1441736425157,"11,791",Not yet rated,NULL,$6.50
BKSC,$16.34,1441736425226,"5,398",Not yet rated,NULL,N/A
BMRC,$48.91,1441736425255,"1,099",Not yet rated,NULL,$52
BOTJ,$10.94,1441736425279,"1,666",Not yet rated,NULL,N/A
BFIN,$12.14,1441736425409,"10,018",Not yet rated,NULL,$13
OZRK,$41.9401,1441736425462,"133,799",67% bullish,of 3 ratings,$49.50
BWFG,$18.04,1441736425563,"6,545",100% bearish,of 1 rating,N/A
BANR,$44.525,1441736425603,"19,171",100% bullish,of 3 ratings,$50
BHAC,NULL,1441736425732,0,Not yet rated,NULL,N/A
TAPR,$33.44,1441736425762,265,100% bearish,of 1 rating,N/A
BZUN,$5.34,1441736425783,"55,979",50% bullish,of 2 ratings,$11.50
BHACR,NULL,1441736425818,0,Not yet rated,NULL,N/A
BHACU,NULL,1441736425920,0,Not yet rated,NULL,N/A
BHACW,NULL,1441736425971,0,Not yet rated,NULL,N/A
BBSI,$34.53,1441736426125,"22,004",67% bearish,of 3 ratings,$62.50
BSET,$30.38,1441736426174,"18,143",100% bearish,of 1 rating,$35
BYBK,$5.05,1441736426201,"11,200",100% bearish,of 1 rating,N/A
BBCN,$14.5492,1441736426342,"59,246",100% bearish,of 1 rating,$16
BYLK,$12.8001,1441736426367,"8,978",Not yet rated,NULL,$14
BV,$5.1175,1441736426424,"204,026",67% bullish,of 6 ratings,$8.75
BSF,$8.8,1441736426607,"9,530",Not yet rated,NULL,N/A
BBGI,NULL,1441736426801,0,100% bearish,of 1 rating,N/A
BCBP,NULL,1441736426825,0,Not yet rated,NULL,N/A
BBBY,$63.12,1441736426956,"593,659",71% bullish,of 7 ratings,$75
BELFA,$15.29,1441736427170,"1,075",100% bearish,of 1 rating,N/A
BLPH,$3.98,1441736427200,"16,605",100% bearish,of 1 rating,$12.50
BDCV,$4.83,1441736427227,"4,742",100% bearish,of 1 rating,$10.19
BELFB,$18.5,1441736427254,"15,143",100% bearish,of 1 rating,N/A
BECN,$36.53,1441736427274,"143,136",50% bullish,of 2 ratings,$40
BLCM,$16.93,1441736427568,"111,376",50% bullish,of 4 ratings,$40
BGMD,$0.622,1441736427627,"189,035",100% bullish,of 10 ratings,N/A
BNFT,$36.5,1441736427659,"20,469",67% bullish,of 3 ratings,$46
BNCL,$12.82,1441736427681,"138,574",100% bullish,of 3 ratings,$12.50
BNTC,$6.8001,1441736427711,"3,061",100% bullish,of 1 rating,N/A
BEBE,$1.19,1441736427757,"191,364",75% bullish,of 4 ratings,$2.125
BGCP,$8.965,1441736427810,"363,102",88% bullish,of 8 ratings,$14
BGFV,$11.5701,1441736427914,"66,096",57% bullish,of 7 ratings,$12
BIND,$5.01,1441736428083,"55,349",75% bullish,of 4 ratings,$13.50
ORPN,$5.55,1441736428228,"4,900",100% bullish,of 1 rating,$28.50
BASI,$1.65,1441736428261,5,Not yet rated,NULL,N/A
BDSI,$6.73,1441736428360,"364,160",88% bullish,of 8 ratings,$17
BCDA,NULL,1441736428387,0,Not yet rated,NULL,N/A
BIOC,$2.16,1441736428414,"289,701",83% bullish,of 6 ratings,$3.85
BCRX,$12.03,1441736428435,"129,523",63% bullish,of 8 ratings,$18
BIOD,$0.6902,1441736428464,"33,301",80% bullish,of 5 ratings,$4
BIIB,$307.01,1441736428602,"522,393",88% bullish,of 16 ratings,$400
BIOL,$1.5561,1441736428710,"8,479",Not yet rated,NULL,N/A
BLRX,$1.74,1441736428775,"124,157",100% bullish,of 12 ratings,$5
BMRN,$130.97,1441736428864,"241,957",80% bullish,of 5 ratings,$160
BLFS,$2.3783,1441736428893,"45,113",50% bullish,of 2 ratings,$4.75
BVXV,$4.06,1441736428914,"96,795",Not yet rated,NULL,N/A
BVXVW,$0.82,1441736429115,"2,400",100% bearish,of 1 rating,N/A
BRLI,NULL,1441736429137,0,NULL,NULL,NULL
BIOS,$2.465,1441736429199,"211,659",71% bullish,of 7 ratings,$4
BSTC,$50.1,1441736429332,"29,096",100% bearish,of 1 rating,$76
BBP,$32.7001,1441736429369,"3,897",Not yet rated,NULL,N/A
BBC,$32.1975,1441736429398,"11,941",Not yet rated,NULL,N/A
BOTA,$2.16,1441736429536,"20,977",88% bullish,of 8 ratings,N/A
BSPM,$0.7015,1441736429666,"2,070",50% bullish,of 2 ratings,N/A
TECH,$94.15,1441736429692,"108,446",100% bullish,of 1 rating,$117
BITI,$17.19,1441736429738,"12,790",100% bullish,of 1 rating,$28
BEAT,$16.21,1441736429763,"337,431",67% bearish,of 3 ratings,$15
BDMS,$13.1,1441736429901,100,100% bearish,of 1 rating,N/A
BPTH,$1.2,1441736429991,"19,246",100% bullish,of 2 ratings,$5
BBOX,$14.6,1441736430032,"25,704",100% bearish,of 1 rating,N/A
BJRI,$45.81,1441736430066,"93,749",50% bullish,of 2 ratings,$55
BBRY,$7.3,1441736430164,"1,687,586",61% bullish,of 331 ratings,$9
BDE,$7.4182,1441736430193,"25,155",50% bullish,of 2 ratings,$9
HAWK,$40.6031,1441736430219,"179,768",91% bullish,of 11 ratings,$49
BLKB,$58.34,1441736430240,"31,384",100% bearish,of 2 ratings,$66
BKCC,$9.4701,1441736430509,"126,370",50% bullish,of 2 ratings,$10
ADRD,$21.6924,1441736430533,"3,049",100% bearish,of 1 rating,N/A
ADRA,$26.76,1441736430558,"1,221",100% bearish,of 1 rating,N/A
ADRE,$29.2,1441736430586,"3,291",100% bearish,of 1 rating,N/A
ADRU,$21.55,1441736430717,"1,808",100% bearish,of 1 rating,N/A
BLMN,$20.83,1441736430770,"257,898",83% bullish,of 6 ratings,$27.50
BCOR,$13.31,1441736430795,"80,865",57% bullish,of 7 ratings,$15
BLBD,$11.56,1441736430965,"6,338",Not yet rated,NULL,N/A
BUFF,$23.495,1441736430993,"591,249",77% bullish,of 13 ratings,$31.50
BHBK,$14.095,1441736431027,"7,627",100% bullish,of 1 rating,$14.50
BBLU,$0.91,1441736431127,"36,634",100% bullish,of 2 ratings,$4.43
NILE,$33.62,1441736431148,"11,003",50% bullish,of 2 ratings,$34
BKEPP,$7.95,1441736431183,"2,120",100% bearish,of 1 rating,N/A
BLUE,$137.3091,1441736431281,"413,489",71% bullish,of 7 ratings,$217.50
BKEP,$6.564,1441736431339,"10,265",100% bearish,of 1 rating,$8.50
BPMC,$29.24,1441736431491,"22,631",50% bullish,of 2 ratings,$47.50
BNCN,$21.65,1441736431631,"12,690",Not yet rated,NULL,$24
BOBE,$46.49,1441736431681,"151,354",75% bullish,of 4 ratings,$57
BOFI,$116.672,1441736431708,"118,162",100% bullish,of 6 ratings,$144
WIFI,$7.86,1441736431728,"73,254",50% bullish,of 2 ratings,$13.50
BOJA,$21.04,1441736431757,"36,867",100% bullish,of 1 rating,$30
BONA,$11.3,1441736431925,"92,926",75% bullish,of 4 ratings,$8.50
BNSO,$1.269,1441736431956,"1,563",100% bearish,of 1 rating,N/A
BAMM,$3.2099,1441736431985,"2,596",60% bullish,of 5 ratings,N/A
BOKF,$63.56,1441736432058,"40,721",100% bearish,of 1 rating,$69
BPFH,$12,1441736432119,"86,818",100% bearish,of 1 rating,$14
BPFHP,$25.35,1441736432159,"3,900",100% bearish,of 1 rating,N/A
EPAY,$26.61,1441736432184,"48,547",100% bearish,of 2 ratings,$30
BPFHW,NULL,1441736432211,0,100% bearish,of 1 rating,N/A
BCLI,$3.2,1441736432542,"42,161",80% bullish,of 5 ratings,$12
BBRG,$12.4801,1441736432597,"26,704",67% bullish,of 3 ratings,$14.50
BDBD,$8.42,1441736432626,"163,576",60% bullish,of 5 ratings,$10
BDGE,$26.61,1441736432655,"9,694",Not yet rated,NULL,$31.75
BRID,NULL,1441736432676,0,100% bearish,of 1 rating,N/A
BLIN,$1.5722,1441736432734,"42,081",50% bullish,of 2 ratings,$2.20
BBEP,$2.7875,1441736432760,"922,874",69% bullish,of 13 ratings,$5.625
BBEPP,$14.94,1441736432842,"11,547",50% bullish,of 2 ratings,N/A
BRCM,$52.23,1441736432969,"614,193",69% bullish,of 13 ratings,$56
BCOV,$5.215,1441736433098,"15,418",67% bullish,of 3 ratings,$10.20
BYFC,$1.43,1441736433150,200,50% bullish,of 2 ratings,N/A
BVSN,$6.02,1441736433179,"1,715",60% bearish,of 5 ratings,N/A
BWEN,$3.24,1441736433280,"17,650",75% bullish,of 4 ratings,$8
BRKL,$10.51,1441736433506,"63,878",100% bearish,of 1 rating,$12
BRKS,$10.44,1441736433537,"28,666",67% bullish,of 3 ratings,$15.25
BMTC,$29.76,1441736433640,"94,677",Not yet rated,NULL,$34
BRKR,$18.07,1441736433771,"85,803",100% bearish,of 2 ratings,$22
BSQR,$6.19,1441736433796,"23,907",67% bullish,of 3 ratings,N/A
BLMT,$21.295,1441736433822,"5,800",Not yet rated,NULL,N/A
BSFT,$32.84,1441736433849,"64,877",57% bullish,of 7 ratings,$40.50
BLDR,$15.72,1441736433982,"503,119",67% bullish,of 3 ratings,$22
BWLD,$200.7585,1441736434006,"103,929",82% bullish,of 11 ratings,$205
BUR,$1.78,1441736434037,"6,626",100% bearish,of 1 rating,$8
BRCD,$10.285,1441736434189,"944,232",92% bullish,of 13 ratings,$12
CFFI,$35.7,1441736434293,100,100% bearish,of 1 rating,N/A
CA,$27.85,1441736434323,"1,033,615",50% bullish,of 4 ratings,$33
CHRW,$68.86,1441736434376,"314,874",Not yet rated,NULL,$72
CCMP,$42.82,1441736434423,"31,565",50% bullish,of 2 ratings,$59
CDNS,$20.81,1441736434510,"598,873",75% bullish,of 4 ratings,$22.50
CACQ,$7.27,1441736434611,"114,362",100% bearish,of 1 rating,$12.25
CZR,$9.64,1441736434635,"441,941",60% bearish,of 5 ratings,$10.50
CDZI,$7.905,1441736434662,"15,125",100% bearish,of 1 rating,N/A
CLBS,$1.81,1441736434793,"54,182",79% bullish,of 14 ratings,$4
PRSS,$4.31,1441736434818,"34,102",80% bullish,of 5 ratings,$4.50
CSTE,$40.2755,1441736434898,"125,635",50% bullish,of 2 ratings,$65
CHY,$11.02,1441736435057,"213,517",Not yet rated,NULL,N/A
CLMS,$9.9,1441736435081,"31,476",Not yet rated,NULL,$10.50
CHI,$10.3,1441736435112,"148,024",100% bearish,of 1 rating,N/A
CFGE,$10.52,1441736435222,12,Not yet rated,NULL,N/A
CCD,$19.35,1441736435248,"65,287",Not yet rated,NULL,N/A
CHW,$7.43,1441736435282,"183,392",100% bearish,of 1 rating,N/A
CGO,$11.98,1441736435379,"10,095",100% bearish,of 1 rating,N/A
CAMP,$16.1703,1441736435409,"115,558",88% bullish,of 8 ratings,$25
CSQ,$9.671,1441736435511,"231,249",Not yet rated,NULL,N/A
CVGW,$49.56,1441736435579,"50,468",50% bullish,of 2 ratings,$58
CFNB,NULL,1441736435658,0,100% bearish,of 1 rating,N/A
CALA,$6.3,1441736435685,"168,517",67% bullish,of 3 ratings,$19.50
CALD,$16.74,1441736435710,"247,319",100% bearish,of 1 rating,$21
CALM,$55.55,1441736435859,"231,922",80% bullish,of 5 ratings,$63.50
CLMT,$25.82,1441736435991,"81,931",75% bullish,of 8 ratings,$31
CAMB,$10.1,1441736436057,"18,450",Not yet rated,NULL,N/A
ABCD,$5.17,1441736436084,"43,366",83% bullish,of 6 ratings,N/A
CAMBW,$0.265,1441736436117,"163,454",Not yet rated,NULL,N/A
CAC,$40.35,1441736436145,"1,801",Not yet rated,NULL,N/A
CAMBU,NULL,1441736436213,0,100% bearish,of 1 rating,N/A
CAMT,$2.68,1441736436309,"23,865",73% bullish,of 11 ratings,$4
CSIQ,$18.75,1441736436334,"684,966",86% bullish,of 28 ratings,$42.50
CGIX,$10.18,1441736436368,"20,740",67% bullish,of 3 ratings,$14.375
CBNJ,$11.27,1441736436626,"65,880",100% bearish,of 1 rating,N/A
CPHC,$10.47,1441736436670,110,100% bearish,of 1 rating,N/A
CPLA,$49.505,1441736436700,"29,752",67% bearish,of 3 ratings,$65
CCBG,$15.22,1441736436771,"4,026",Not yet rated,NULL,$17.25
CPLP,$6.88,1441736436797,"107,905",71% bullish,of 7 ratings,$11
CSWC,$44.42,1441736436841,"8,285",Not yet rated,NULL,N/A
CBF,$30.76,1441736436866,"26,316",Not yet rated,NULL,$32
CPTA,$14.3,1441736436999,"33,416",100% bearish,of 1 rating,$18.25
CAPN,$2.54,1441736437086,"4,033,610",100% bullish,of 1 rating,$10.85
CFFN,$11.915,1441736437114,"117,844",Not yet rated,NULL,$12.75
CAPR,$4.39,1441736437188,"5,875",Not yet rated,NULL,$12
CPST,$0.3911,1441736437288,"261,111",95% bullish,of 22 ratings,$1.25
CAPNW,$0.8,1441736437319,"16,621",Not yet rated,NULL,N/A
CARA,$19.27,1441736437420,"87,290",50% bullish,of 4 ratings,$25
CARB,$11.07,1441736437444,"17,617",75% bullish,of 4 ratings,$12
CBYL,$5.32,1441736437488,"4,986",100% bearish,of 1 rating,$20
CRDC,$0.3346,1441736437576,"79,489",100% bullish,of 1 rating,$1.25
CRME,$9.4,1441736437648,"1,700",89% bullish,of 9 ratings,$11.25
CFNL,$22.53,1441736437784,"25,323",Not yet rated,NULL,$24
CSII,$23.12,1441736437815,"120,676",100% bearish,of 2 ratings,$42.125
CDNA,$7.07,1441736437854,"3,890",100% bearish,of 1 rating,$9
CATM,$33.95,1441736437883,"59,850",100% bearish,of 1 rating,$44
CECO,$3.99,1441736437909,"228,957",67% bearish,of 3 ratings,$6
CTRE,$10.97,1441736438046,"70,441",50% bullish,of 2 ratings,$13.50
CKEC,$22.865,1441736438150,"86,291",50% bullish,of 2 ratings,$35.915
CARO,$15.25,1441736438247,800,100% bearish,of 1 rating,$19
CLBH,$12.5726,1441736438310,"4,993",Not yet rated,NULL,$16.50
CART,$5.3501,1441736438334,570,100% bearish,of 1 rating,N/A
CRZO,$36.63,1441736438376,"559,715",67% bearish,of 3 ratings,$54.50
TAST,$12.99,1441736438404,"95,002",Not yet rated,NULL,$14.25
CRTN,NULL,1441736438425,0,100% bearish,of 1 rating,N/A
CARV,$6.75,1441736438737,"9,416",50% bullish,of 2 ratings,N/A
CACB,$5.35,1441736438823,"18,047",Not yet rated,NULL,$5.50
CASM,$1.16,1441736438873,"6,737",100% bullish,of 1 rating,$3.50
CASY,$108.21,1441736438902,"96,457",50% bullish,of 2 ratings,$99.50
CSCD,$15.95,1441736438952,"15,270",100% bullish,of 2 ratings,$17
CASI,$1.24,1441736439004,"27,740",100% bullish,of 1 rating,$3.50
CWST,$6.62,1441736439031,"98,165",50% bullish,of 2 ratings,$7.25
CASS,$48.93,1441736439160,"5,623",100% bearish,of 1 rating,N/A
CATB,$11.36,1441736439221,"22,193",100% bearish,of 1 rating,$28
CATY,$29.55,1441736439365,"208,761",100% bearish,of 1 rating,$33.50
CATYW,NULL,1441736439436,0,100% bearish,of 1 rating,N/A
CPRX,$3.93,1441736439465,"148,508",71% bullish,of 7 ratings,$7
CAVM,$71.95,1441736439534,"179,283",67% bearish,of 3 ratings,$72
CVCO,$70.96,1441736439559,"8,017",100% bearish,of 1 rating,N/A
CNLM,$9.99,1441736439639,"6,700",Not yet rated,NULL,N/A
CBFV,$20.51,1441736439770,"2,439",Not yet rated,NULL,$25
CNLMR,NULL,1441736439796,0,Not yet rated,NULL,N/A
CNLMW,$0.3,1441736439965,"1,000",Not yet rated,NULL,N/A
CNLMU,NULL,1441736439994,0,100% bullish,of 1 rating,N/A
CDK,$49.57,1441736440014,"91,691",67% bearish,of 3 ratings,$50
CDW,$40.19,1441736440065,"502,416",75% bullish,of 4 ratings,$44
CBOE,$64.22,1441736440091,"131,107",Not yet rated,NULL,$63
CECE,$8.76,1441736440229,"136,328",50% bullish,of 2 ratings,$16
CPXX,$2.47,1441736440336,"221,499",100% bullish,of 2 ratings,$7
CELG,$121.365,1441736440371,"1,401,322",92% bullish,of 13 ratings,$156
CELGZ,$1.71,1441736440398,"3,851",80% bullish,of 5 ratings,N/A
CLRB,$3.09,1441736440478,"2,140",100% bearish,of 1 rating,N/A
CLDX,$14.64,1441736440502,"225,286",89% bullish,of 9 ratings,$36
CLDN,$1.26,1441736440530,"163,931",63% bullish,of 8 ratings,$3
CLLS,$31.88,1441736440696,"31,298",75% bullish,of 4 ratings,$51.50
CLRBW,NULL,1441736440725,0,Not yet rated,NULL,N/A
CBMG,$23.3,1441736440788,"30,757",50% bullish,of 2 ratings,N/A
CLSN,$2.11,1441736440829,"86,878",80% bullish,of 10 ratings,$7.50
CYAD,$44.55,1441736440959,"1,527",100% bullish,of 1 rating,$87.50
CEMP,$35.86,1441736441002,"414,850",71% bullish,of 7 ratings,$52
CLTX,$1.95,1441736441048,"58,186",100% bullish,of 2 ratings,N/A
CSFL,$14.08,1441736441137,"30,006",Not yet rated,NULL,$15
CETX,$2.55,1441736441164,"6,468",Not yet rated,NULL,$5.60
CENT,$14.6499,1441736441380,"217,534",Not yet rated,NULL,$10
CETV,$2.1,1441736441406,"13,082",67% bullish,of 3 ratings,$2.80
CENTA,$15.03,1441736441536,"130,266",Not yet rated,NULL,N/A
CFBK,$1.3401,1441736441566,"2,825",Not yet rated,NULL,N/A
CNBKA,$39.826,1441736441595,"1,100",50% bullish,of 2 ratings,N/A
CENX,$5.42,1441736441670,"596,102",67% bullish,of 6 ratings,$9
CVCY,$11.75,1441736441694,400,Not yet rated,NULL,$12
CNTY,$5.92,1441736441871,"8,604",80% bullish,of 5 ratings,$7.75
CPHD,$50.94,1441736441899,"238,054",67% bearish,of 3 ratings,$66
CRNT,$1.37,1441736441948,"137,078",50% bullish,of 2 ratings,$2
CERU,$4.43,1441736442033,"18,132",75% bullish,of 4 ratings,$14
CERE,$1.13,1441736442081,"59,823",88% bullish,of 8 ratings,N/A
CERN,$62.66,1441736442106,"561,651",67% bullish,of 3 ratings,$79
CERS,$5.24,1441736442172,"266,737",75% bullish,of 4 ratings,$7
KOOL,$0.62,1441736442342,"9,346",100% bullish,of 5 ratings,$7
CEVA,$19.3664,1441736442432,"14,201",100% bearish,of 1 rating,$25
CYOU,$18.8,1441736442500,"71,980",50% bullish,of 6 ratings,$24
HOTR,$1.37,1441736442525,"108,181",100% bullish,of 2 ratings,$5
HOTRW,$0.15,1441736442550,"9,000",Not yet rated,NULL,N/A
CTHR,$1.24,1441736442580,"2,962",50% bullish,of 2 ratings,$2.50
GTLS,$23.01,1441736442682,"86,174",50% bullish,of 4 ratings,$40
CHTR,$185.02,1441736442735,"262,088",67% bearish,of 3 ratings,$202
CHFN,$12.264,1441736442759,"4,481",Not yet rated,NULL,$14
CHEK,$2.6,1441736443030,"3,650",Not yet rated,NULL,$7.75
CHKP,$78,1441736443062,"389,067",50% bullish,of 4 ratings,$92
CHEKW,NULL,1441736443134,0,Not yet rated,NULL,N/A
CHFC,$30.87,1441736443159,"78,377",100% bearish,of 1 rating,$36
CEMI,$4.21,1441736443190,"1,265",50% bullish,of 2 ratings,$7.50
CCXI,$6.31,1441736443221,"35,929",67% bullish,of 3 ratings,$14
CHMG,$26.417,1441736443320,776,Not yet rated,NULL,$30
CHKE,$25.4,1441736443346,"3,377",100% bearish,of 1 rating,$32.50
CHEV,$14.57,1441736443515,"2,710",Not yet rated,NULL,N/A
CBNK,$16.3,1441736443597,"2,300",100% bearish,of 1 rating,N/A
PLCE,$58.43,1441736443645,"91,814",100% bearish,of 1 rating,$69
CMRX,$51.46,1441736443672,"71,866",50% bullish,of 2 ratings,$57
CHMA,$28.43,1441736443701,"69,567",Not yet rated,NULL,$40
CADC,NULL,1441736443737,0,78% bullish,of 9 ratings,N/A
CAAS,$5.98,1441736443876,"9,238",93% bullish,of 14 ratings,$11.50
CALI,$0.82,1441736443901,6,67% bullish,of 3 ratings,N/A
CBAK,$2.0904,1441736444141,"34,244",67% bullish,of 9 ratings,N/A
CCCL,$0.8255,1441736444168,"9,603",100% bullish,of 6 ratings,N/A
CBPO,$98.5,1441736444199,"60,075",75% bullish,of 8 ratings,$140.50
CCCR,$0.69,1441736444224,500,67% bearish,of 3 ratings,N/A
JRJC,$3.61,1441736444253,"39,350",82% bullish,of 11 ratings,N/A
CHOP,$1.1233,1441736444298,"1,623",50% bullish,of 2 ratings,N/A
HGSH,$1.8,1441736444326,"1,910",67% bullish,of 3 ratings,N/A
CHLN,$1.71,1441736444547,"7,807",67% bullish,of 3 ratings,N/A
HTHT,$25.72,1441736444580,"33,479",50% bullish,of 2 ratings,$28.40
CJJD,$1.86,1441736444601,"4,560",100% bullish,of 1 rating,N/A
CNIT,$1.23,1441736444679,"117,067",67% bullish,of 6 ratings,N/A
CREG,$0.6364,1441736444741,"7,850",100% bullish,of 3 ratings,N/A
CHNR,$1.71,1441736444772,"2,203",100% bearish,of 1 rating,N/A
CPGI,NULL,1441736444870,0,Not yet rated,NULL,N/A
CSUN,$1.35,1441736444916,"3,461",80% bullish,of 5 ratings,N/A
CNTF,$0.8,1441736444953,"15,189",Not yet rated,NULL,N/A
CNYD,$3.12,1441736445126,"6,900",67% bullish,of 3 ratings,N/A
CCIH,$7.8239,1441736445206,"75,024",67% bullish,of 6 ratings,$12.65
CXDC,$6.13,1441736445239,"20,902",67% bearish,of 3 ratings,N/A
CNET,$0.8425,1441736445267,"4,548",50% bullish,of 2 ratings,N/A
IMOS,$19.49,1441736445338,"168,378",60% bullish,of 5 ratings,$21.50
CHSCL,$27.26,1441736445366,"20,534",Not yet rated,NULL,N/A
CHSCM,$26.2772,1441736445522,"19,446",Not yet rated,NULL,N/A
CHSCO,$28.5,1441736445583,"5,375",Not yet rated,NULL,N/A
CHSCN,$27.0233,1441736445608,"4,058",Not yet rated,NULL,N/A
CHSCP,$30.29,1441736445662,"16,731",Not yet rated,NULL,N/A
CHUY,$31.74,1441736445919,"42,420",50% bullish,of 2 ratings,$34
CHDN,$137.38,1441736445951,"19,014",Not yet rated,NULL,$165
CIFC,$7.49,1441736446026,"3,719",100% bearish,of 1 rating,N/A
CMPR,$73.06,1441736446056,"83,995",50% bullish,of 2 ratings,$72.50
CDTX,$15.01,1441736446085,"12,041",Not yet rated,NULL,$22
CMCT,$18.12,1441736446159,"17,529",100% bearish,of 1 rating,N/A
CINF,$52.93,1441736446185,"195,810",50% bullish,of 4 ratings,$50.50
CIDM,$0.5502,1441736446263,"28,577",50% bullish,of 2 ratings,$2.10
CPHR,$5.12,1441736446428,"2,400",100% bearish,of 1 rating,$17
CRUS,$30.82,1441736446459,"303,340",75% bullish,of 12 ratings,$44.50
CTAS,$85.98,1441736446509,"124,734",100% bearish,of 1 rating,$91
CTRN,$25.5599,1441736446601,"31,674",100% bearish,of 1 rating,$31.50
CSCO,$26.178,1441736446700,"6,775,692",83% bullish,of 210 ratings,$32
CZNC,$19.518,1441736446729,"2,985",Not yet rated,NULL,N/A
CZWI,$8.91,1441736446800,"3,600",Not yet rated,NULL,N/A
CZFC,$12.75,1441736446870,"5,200",Not yet rated,NULL,N/A
CTXS,$69.33,1441736446896,"523,756",86% bullish,of 7 ratings,$80
CIZN,$19.5999,1441736447029,100,Not yet rated,NULL,N/A
CIVB,$9.85,1441736447059,200,Not yet rated,NULL,$11
CHCO,$47.5,1441736447107,"11,998",Not yet rated,NULL,$46
CIVBP,NULL,1441736447163,0,Not yet rated,NULL,N/A
CDTI,$1.62,1441736447322,"20,246",75% bullish,of 4 ratings,$3.20
CLNT,$1.535,1441736447349,397,75% bullish,of 8 ratings,N/A
CLNE,$5,1441736447389,"393,616",80% bullish,of 15 ratings,$9
CLFD,$17.22,1441736447426,"10,123",67% bullish,of 3 ratings,$18
CLIR,$5.22,1441736447622,"50,374",100% bullish,of 3 ratings,N/A
CLRO,$11.46,1441736447692,"3,260",50% bullish,of 2 ratings,$14.25
CSBK,$13.94,1441736447719,"28,858",Not yet rated,NULL,N/A
CBLI,$4.3101,1441736447752,"20,641",60% bullish,of 5 ratings,N/A
CLVS,$83.09,1441736447850,"201,571",60% bullish,of 5 ratings,$101.50
CMFN,$11.24,1441736447876,"9,220",100% bearish,of 1 rating,$15.50
CME,$94.04,1441736447907,"332,631",67% bullish,of 3 ratings,$102
CCNE,$17.03,1441736448013,"1,769",50% bullish,of 2 ratings,$21.50
CNV,$4.31,1441736448172,"39,676",50% bullish,of 2 ratings,$7.15
CISG,$7.88,1441736448199,"40,057",100% bullish,of 5 ratings,$10
COKE,$166.33,1441736448220,"12,273",79% bullish,of 19 ratings,N/A
CWAY,$11.2,1441736448254,"2,200",Not yet rated,NULL,N/A
COBZ,$13,1441736448352,"18,333",100% bullish,of 1 rating,$14
CDXS,$3.5794,1441736448483,"9,286",64% bullish,of 11 ratings,$6
CVLY,NULL,1441736448509,0,Not yet rated,NULL,N/A
CDRB,$9.6,1441736448530,"14,038",67% bullish,of 3 ratings,N/A
CCOI,$27.41,1441736448688,"159,979",50% bullish,of 4 ratings,$35
JVA,$4.84,1441736448717,"12,821",83% bullish,of 6 ratings,$7
CGNX,$36,1441736448743,"198,621",50% bullish,of 2 ratings,$47
CGNT,$1.58,1441736448768,"8,701",100% bullish,of 2 ratings,$2
CTSH,$62.91,1441736448963,"1,011,984",90% bullish,of 10 ratings,$75
CHRS,$25.815,1441736448990,"119,593",67% bearish,of 3 ratings,$37
COHR,$56.2,1441736449011,"15,649",50% bullish,of 2 ratings,$72
COHU,$9.52,1441736449044,"51,906",100% bearish,of 1 rating,$14.25
CLRX,$0.7,1441736449147,"15,906",50% bullish,of 2 ratings,N/A
CLCT,$17.66,1441736449255,"14,413",100% bearish,of 1 rating,N/A
COLL,$15.03,1441736449383,"50,389",100% bearish,of 1 rating,$26
CIGI,$42.5401,1441736449518,"12,393",100% bearish,of 1 rating,$52
CBAN,$8.75,1441736449543,"1,200",Not yet rated,NULL,N/A
CLCD,$6.18,1441736449623,"12,271",100% bearish,of 1 rating,$20.50
COLB,$30.24,1441736449670,"34,440",Not yet rated,NULL,$36
COLM,$62.35,1441736449700,"45,659",100% bearish,of 1 rating,$71
CBMX,$1.1,1441736449801,"15,002",83% bullish,of 6 ratings,$3.15
CMCO,$19.04,1441736449832,"27,424",60% bullish,of 5 ratings,$28
CMCSK,$57.6951,1441736449860,"1,039,209",Not yet rated,NULL,$84
CMCSA,$56.77,1441736449928,"3,317,313",66% bullish,of 35 ratings,$69.50
CBSH,$44.43,1441736449991,"113,348",50% bullish,of 2 ratings,$46
CVGI,$4.99,1441736450122,"88,035",50% bullish,of 2 ratings,$6
CBSHP,$25.4,1441736450171,"16,212",100% bearish,of 1 rating,N/A
CUBN,$13.25,1441736450207,"4,100",Not yet rated,NULL,N/A
COMM,$33.25,1441736450308,"456,957",67% bearish,of 3 ratings,$35
CSAL,$20.41,1441736450333,"199,736",75% bullish,of 4 ratings,$30
CYHHZ,$0.0111,1441736450512,"19,144",100% bullish,of 1 rating,N/A
JCS,$8.72,1441736450538,200,67% bullish,of 3 ratings,N/A
ESXB,$5.06,1441736450564,"2,910",Not yet rated,NULL,N/A
CVLT,$35.94,1441736450698,"51,016",75% bullish,of 4 ratings,$44.50
COB,$10.43,1441736450728,"3,358",100% bullish,of 1 rating,$11.75
CTBI,$35.13,1441736450749,"5,127",Not yet rated,NULL,$36
CWBC,NULL,1441736450778,0,Not yet rated,NULL,N/A
CIZ,$32.8799,1441736450798,220,100% bearish,of 1 rating,N/A
CIL,NULL,1441736450929,0,Not yet rated,NULL,N/A
CID,NULL,1441736450963,0,Not yet rated,NULL,N/A
CDC,$34.37,1441736451194,932,Not yet rated,NULL,N/A
CSA,NULL,1441736451218,0,Not yet rated,NULL,N/A
CSF,NULL,1441736451266,0,100% bearish,of 1 rating,N/A
CFO,$35.27,1441736451293,"2,608",100% bearish,of 1 rating,N/A
CFA,NULL,1441736451399,0,100% bearish,of 1 rating,N/A
CDL,NULL,1441736451461,0,Not yet rated,NULL,N/A
CPSI,$45.11,1441736451535,"24,721",100% bearish,of 1 rating,$45.50
CSB,NULL,1441736451562,0,Not yet rated,NULL,N/A
CGEN,$5.08,1441736451639,"129,677",50% bullish,of 2 ratings,$11
SCOR,$48.12,1441736451706,"151,024",100% bearish,of 1 rating,$66
CTG,$6.61,1441736451765,"12,687",100% bearish,of 1 rating,$8.50
CMTL,$26.43,1441736451856,"13,758",100% bearish,of 2 ratings,$37
CNSI,$18.6,1441736451889,"56,582",100% bearish,of 2 ratings,$29
CHCI,$0.67,1441736451910,"21,741",50% bullish,of 2 ratings,N/A
CNAT,$3.98,1441736451993,"43,955",83% bullish,of 6 ratings,$13
CNCE,$16.55,1441736452084,"128,591",75% bullish,of 4 ratings,$22
CXRX,$77.34,1441736452219,"21,594",100% bearish,of 1 rating,$90
CCUR,$5.3042,1441736452288,"7,691",75% bullish,of 4 ratings,N/A
CDORO,NULL,1441736452316,0,100% bearish,of 1 rating,N/A
CFMS,$14.56,1441736452344,"169,477",100% bearish,of 1 rating,$26.50
CDOR,$1.27,1441736452369,"2,000",100% bullish,of 1 rating,N/A
CDORP,$6.3,1441736452502,"1,800",100% bearish,of 1 rating,N/A
CNMD,$51.75,1441736452527,"17,371",Not yet rated,NULL,$59
CNFR,$10.0019,1441736452556,"8,052",Not yet rated,NULL,N/A
CTWS,$34.34,1441736452716,"8,180",100% bearish,of 1 rating,$44
CNXR,$7.11,1441736452744,"30,040",100% bearish,of 1 rating,$12
CNOB,$19.15,1441736452775,"8,763",100% bullish,of 1 rating,$23.50
CONN,$29.88,1441736452873,"350,242",67% bullish,of 3 ratings,$48.50
CWCO,$10.6631,1441736452961,"31,002",67% bullish,of 3 ratings,$14.50
CNSL,$19.89,1441736453073,"46,486",100% bearish,of 1 rating,$23
CTCT,$25.13,1441736453175,"62,304",67% bullish,of 3 ratings,$37
CPSS,$5.48,1441736453201,"14,814",100% bullish,of 1 rating,$10
CFRX,$5.01,1441736453332,"16,045",Not yet rated,NULL,$14
CTRV,$3.44,1441736453392,"3,688",Not yet rated,NULL,$6.40
CFRXW,NULL,1441736453416,0,100% bearish,of 1 rating,N/A
CFRXZ,NULL,1441736453459,0,Not yet rated,NULL,N/A
CTRL,$8.6501,1441736453483,"67,486",50% bullish,of 2 ratings,$11
CRBP,$1.87,1441736453625,"33,822",100% bullish,of 2 ratings,$6.25
CPRT,$35.14,1441736453661,"106,954",67% bearish,of 3 ratings,$40
CORT,$4.96,1441736453721,"117,240",67% bullish,of 3 ratings,$12
BVA,NULL,1441736453809,0,50% bullish,of 2 ratings,N/A
CORI,$11,1441736453946,"17,890",100% bearish,of 1 rating,$18
CORE,$59.48,1441736453973,"19,281",100% bearish,of 1 rating,$72
CSOD,$37.9,1441736453999,"111,742",50% bullish,of 2 ratings,$42
COST,$140.736,1441736454131,"391,853",79% bullish,of 24 ratings,$154.50
CRVL,$32.26,1441736454156,"10,579",100% bearish,of 1 rating,N/A
COSI,$1.07,1441736454186,"1,107,873",100% bullish,of 1 rating,N/A
CSGP,$179.3,1441736454207,"50,593",50% bullish,of 2 ratings,$235
CPAH,$0.4399,1441736454335,500,50% bullish,of 2 ratings,N/A
ICBK,$19,1441736454515,"2,183",Not yet rated,NULL,$21
CVTI,$22.76,1441736454542,"46,722",67% bearish,of 3 ratings,$39
COWN,$5.07,1441736454572,"342,971",75% bullish,of 4 ratings,$7
COVS,$2.52,1441736454614,"81,214",67% bullish,of 3 ratings,N/A
COWNL,NULL,1441736454640,0,Not yet rated,NULL,N/A
CPSH,$2.38,1441736454667,"12,400",Not yet rated,NULL,N/A
CRAI,$23.39,1441736454716,"15,213",100% bearish,of 1 rating,$36
CRAY,$21.48,1441736454962,"107,161",83% bullish,of 6 ratings,$38.50
CACC,$201.39,1441736454992,"39,014",50% bullish,of 2 ratings,$158.50
CBRL,$149.9,1441736455013,"58,925",50% bullish,of 2 ratings,$155
BREW,$8.0834,1441736455042,"6,766",67% bullish,of 6 ratings,$15
GLDI,$11.0105,1441736455063,"14,012",100% bearish,of 1 rating,N/A
CREE,$27,1441736455215,"386,872",65% bullish,of 17 ratings,$29.50
SLVO,$10.22,1441736455245,"3,503",100% bearish,of 1 rating,N/A
CRESY,$10.05,1441736455271,"13,868",100% bearish,of 1 rating,$19
CRTO,$35.78,1441736455455,"368,509",67% bullish,of 6 ratings,$64
CROX,$13.95,1441736455486,"263,692",63% bullish,of 8 ratings,$16.50
CRDS,$1.2,1441736455521,"43,507",50% bullish,of 4 ratings,$3.375
CCRN,$14.36,1441736455586,"94,252",100% bearish,of 1 rating,$14.25
CRWN,$5.25,1441736455719,"90,293",75% bullish,of 4 ratings,N/A
CRWS,$8.15,1441736455748,"8,677",Not yet rated,NULL,$10
CYRX,$3.01,1441736455785,"24,324",Not yet rated,NULL,$9
CYRXW,$0.9101,1441736455916,"8,052",Not yet rated,NULL,N/A
CSGS,$30,1441736455946,"36,705",Not yet rated,NULL,$40
CCLP,$13.85,1441736455970,"35,872",67% bearish,of 3 ratings,$20
CSPI,$5.7879,1441736456017,500,67% bullish,of 3 ratings,N/A
CTIC,$1.56,1441736456042,"312,054",84% bullish,of 76 ratings,$5.75
CTCM,$1.715,1441736456180,"105,976",80% bearish,of 5 ratings,$3.90
CTRP,$63.72,1441736456356,"971,031",75% bullish,of 8 ratings,$92.50
CUNB,$22.06,1441736456381,"20,016",Not yet rated,NULL,$24.50
CUI,$5.3,1441736456432,"6,350",50% bullish,of 2 ratings,$10
CTIB,NULL,1441736456461,0,100% bearish,of 1 rating,N/A
CPIX,$6.01,1441736456560,"5,586",Not yet rated,NULL,N/A
CMLS,$1.295,1441736456626,"55,493",50% bullish,of 4 ratings,$6
CUTR,$15.13,1441736456657,"13,994",67% bearish,of 3 ratings,$18
CRIS,$2.56,1441736456715,"78,907",100% bullish,of 8 ratings,$6
CVV,$11.69,1441736456787,"13,509",100% bullish,of 5 ratings,N/A
CYAN,$6.13,1441736456919,"1,326",100% bearish,of 1 rating,N/A
CVBF,$16.505,1441736456952,"186,837",Not yet rated,NULL,$18
CYBR,$47.4501,1441736456977,"603,978",75% bullish,of 8 ratings,$68.50
CYBX,$67.32,1441736457003,"222,578",50% bullish,of 4 ratings,$71.50
CYCC,$0.5832,1441736457197,"69,762",73% bullish,of 11 ratings,N/A
CYCCP,$5.5,1441736457225,564,100% bearish,of 1 rating,N/A
CYBE,$6.78,1441736457273,"3,287",100% bearish,of 1 rating,N/A
CYNA,$16.12,1441736457636,"3,704",50% bullish,of 2 ratings,$31.50
CYNO,$34.2,1441736457661,"85,516",67% bearish,of 3 ratings,$45.50
CBAY,$3.0699,1441736457710,"433,103",100% bullish,of 2 ratings,$4
CY,$10.33,1441736457742,"1,133,684",80% bullish,of 10 ratings,$15.50
CYRN,$1.79,1441736457763,"9,281",67% bullish,of 3 ratings,$4
CONE,$32.4,1441736457843,"140,182",67% bearish,of 3 ratings,$35.50
CYTX,$0.3862,1441736457892,"1,717,243",83% bullish,of 12 ratings,$5.50
CYTK,$7.5,1441736457920,"187,259",71% bullish,of 14 ratings,$13.50
CTSO,$7.42,1441736458179,"20,953",Not yet rated,NULL,$15.625
DAEG,$0.35,1441736458207,"2,800",100% bearish,of 1 rating,N/A
TVIZ,$22.93,1441736458337,"1,107",100% bearish,of 1 rating,N/A
CYTR,$2.58,1441736458362,"337,946",67% bullish,of 6 ratings,$10
TVIX,$14.6977,1441736458390,"6,263,637",81% bullish,of 16 ratings,N/A
ZIV,$36.02,1441736458411,"52,896",Not yet rated,NULL,N/A
DJCO,$199.7,1441736458540,"1,000",Not yet rated,NULL,N/A
XIV,$24.2699,1441736458569,"10,011,593",75% bearish,of 4 ratings,N/A
DAKT,$8.59,1441736458672,"65,855",50% bullish,of 2 ratings,$12
DAIO,$2.53,1441736458751,"6,405",Not yet rated,NULL,N/A
DARA,$0.8479,1441736458822,"9,280",83% bullish,of 6 ratings,$1.50
DRAM,$1.301,1441736458852,"10,036",78% bullish,of 9 ratings,N/A
DTLK,$5.64,1441736458949,"47,894",100% bearish,of 1 rating,$9
DTEA,$13.41,1441736459045,"99,656",100% bearish,of 2 ratings,$24
PLAY,$37.52,1441736459071,"256,938",100% bullish,of 5 ratings,$42
DWCH,$4.84,1441736459124,"25,162",75% bullish,of 4 ratings,$8.25
DBVT,$37.21,1441736459319,"35,716",100% bearish,of 1 rating,$53
DWSN,$4.36,1441736459366,"5,266",67% bullish,of 3 ratings,N/A
DHRM,$1.6,1441736459451,"1,900",Not yet rated,NULL,N/A
TRAK,$62.9,1441736459478,"120,459",50% bullish,of 2 ratings,$62.50
DFRG,$13.84,1441736459509,"168,823",100% bearish,of 1 rating,$20
DCTH,$0.5245,1441736459534,"590,779",78% bullish,of 9 ratings,N/A
TACO,$14.37,1441736459610,"361,873",75% bullish,of 4 ratings,$20
TACOW,$4.93,1441736459703,"12,925",100% bullish,of 1 rating,N/A
DELT,$2.27,1441736459882,"3,190",Not yet rated,NULL,N/A
DELTW,$0.17,1441736459907,"2,200",Not yet rated,NULL,N/A
DGAS,$20.35,1441736459934,"1,885",67% bearish,of 3 ratings,N/A
DENN,$11.4624,1441736459960,"79,814",100% bullish,of 3 ratings,$15
XRAY,$52.28,1441736460088,"160,728",100% bullish,of 1 rating,$58
DSCI,$6.31,1441736460135,"24,761",50% bullish,of 2 ratings,$16
DEPO,$27.3,1441736460232,"562,361",60% bullish,of 5 ratings,$29
DEST,$10.35,1441736460304,"31,258",50% bullish,of 2 ratings,N/A
DERM,$26.94,1441736460329,"32,659",100% bearish,of 1 rating,$33.50
DXLG,$6.55,1441736460466,"50,317",100% bearish,of 1 rating,$8
DXM,$0.4012,1441736460566,"1,328,645",50% bullish,of 2 ratings,N/A
DSWL,$1.4901,1441736460616,"6,673",100% bullish,of 1 rating,N/A
DHXM,$6.37,1441736460637,"3,200",100% bearish,of 1 rating,N/A
DXCM,$90.67,1441736460770,"145,069",57% bullish,of 7 ratings,$98
DHIL,$194.75,1441736460796,"1,253",100% bearish,of 1 rating,N/A
DMND,$30.95,1441736460819,"37,510",75% bullish,of 12 ratings,$32
DCIX,$1.5601,1441736461019,"34,900",50% bullish,of 4 ratings,$3.50
DMRC,$38.99,1441736461047,"27,805",100% bearish,of 1 rating,$44
DRNA,$11.2,1441736461078,"63,869",67% bearish,of 3 ratings,$25
DGLY,$7.18,1441736461191,"48,396",50% bullish,of 6 ratings,$20
DRAD,$3.869,1441736461220,"5,853",100% bullish,of 1 rating,$5.25
APPS,$2.1,1441736461384,"77,253",100% bearish,of 1 rating,$10.25
DCOM,$16.77,1441736461534,"23,153",100% bearish,of 2 ratings,$16
DGII,$10.38,1441736461566,"31,389",100% bearish,of 1 rating,$11
FANG,$67.41,1441736461596,"233,404",50% bullish,of 2 ratings,$86
DIOD,$23.03,1441736461669,"129,590",75% bearish,of 4 ratings,$28
DPRX,$14.49,1441736461695,"10,559",100% bullish,of 2 ratings,$27.75
DISCA,$27.225,1441736461830,"1,123,502",67% bullish,of 3 ratings,$34
DISCK,$25.76,1441736461856,"631,400",100% bearish,of 1 rating,$32
DISCB,$27.35,1441736461883,200,100% bearish,of 1 rating,$35
DSCO,$0.43,1441736462023,"45,427",83% bullish,of 6 ratings,$2.75
DVCR,$10.7868,1441736462152,"2,823",100% bullish,of 1 rating,N/A
DLHC,NULL,1441736462177,0,100% bearish,of 1 rating,N/A
BAGR,$2.75,1441736462202,"9,850",100% bearish,of 1 rating,$6
DNBF,$26.22,1441736462415,700,Not yet rated,NULL,$27.50
DLTR,$68.37,1441736462454,"1,417,210",82% bullish,of 11 ratings,$85
DISH,$60.15,1441736462482,"267,696",69% bullish,of 13 ratings,$73
DMLP,$14.885,1441736462671,"19,401",100% bearish,of 1 rating,N/A
DGICB,NULL,1441736462698,0,100% bearish,of 1 rating,N/A
DGICA,$13.76,1441736462725,"12,935",100% bearish,of 1 rating,$17
DORM,$50.47,1441736462749,"36,416",100% bearish,of 1 rating,$56
HILL,$9.69,1441736462949,"549,002",60% bearish,of 5 ratings,$9.75
DRWI,$0.18,1441736462976,"417,543",60% bullish,of 5 ratings,$.45
DRWIW,$0.0399,1441736463162,"16,500",Not yet rated,NULL,N/A
DRYS,$0.4548,1441736463197,"1,218,213",77% bullish,of 31 ratings,$.60
DWA,$21.11,1441736463224,"140,030",63% bullish,of 8 ratings,$26
DSKX,$3.37,1441736463262,"42,945",100% bullish,of 1 rating,N/A
DSPG,$9.0499,1441736463424,"6,697",100% bearish,of 1 rating,$13.50
CADT,$10,1441736463453,100,Not yet rated,NULL,N/A
CADTR,NULL,1441736463550,0,Not yet rated,NULL,N/A
CADTU,$10.26,1441736463651,201,Not yet rated,NULL,N/A
CADTW,NULL,1441736463680,0,Not yet rated,NULL,N/A
DTSI,$27.3,1441736463783,"40,480",100% bearish,of 2 ratings,$39.50
DNKN,$49.26,1441736463859,"195,116",67% bullish,of 15 ratings,$56.50
DXPE,$30.41,1441736463963,"47,180",50% bullish,of 2 ratings,N/A
DRRX,$2.2,1441736463992,"46,547",50% bullish,of 6 ratings,$3
DYAX,$22.6,1441736464036,"179,523",89% bullish,of 9 ratings,$30
DYSL,$1.54,1441736464170,"12,963",100% bullish,of 2 ratings,N/A
BOOM,$10.13,1441736464239,"60,620",67% bullish,of 3 ratings,$12
DVAX,$29.87,1441736464310,"75,840",70% bullish,of 10 ratings,$40
DYNT,$3.12,1441736464396,300,75% bullish,of 4 ratings,N/A
ETFC,$27.195,1441736464528,"2,356,704",57% bullish,of 14 ratings,$32.50
EBMT,$11.48,1441736464662,"4,613",Not yet rated,NULL,$13.50
EGLE,$6.61,1441736464730,"5,688",60% bullish,of 5 ratings,N/A
EGRX,$84.54,1441736464762,"130,063",67% bullish,of 3 ratings,$97
EGBN,$41.87,1441736464815,"13,865",Not yet rated,NULL,$48
ELNK,$8.63,1441736464949,"120,615",60% bullish,of 5 ratings,$9.50
EROC,$1.5,1441736464976,"51,691",50% bullish,of 2 ratings,$3
EACQU,$10.18,1441736465026,"14,076",Not yet rated,NULL,N/A
EWBC,$39.61,1441736465054,"243,815",100% bearish,of 1 rating,$50
EBAY,$26.32,1441736465119,"5,433,045",81% bullish,of 117 ratings,$33
EML,$16.06,1441736465147,"1,020",Not yet rated,NULL,N/A
EVBS,$6.795,1441736465247,"13,207",Not yet rated,NULL,$7
EBIX,$28.42,1441736465345,"61,914",69% bullish,of 13 ratings,$40
ECHO,$23.35,1441736465374,"138,266",67% bearish,of 3 ratings,$34.50
ECTE,$1.48,1441736465504,"1,100",75% bullish,of 4 ratings,N/A
ELON,$0.6099,1441736465607,"45,947",50% bullish,of 2 ratings,N/A
SATS,$43.95,1441736465739,"21,093",50% bullish,of 2 ratings,$60
EEI,$11.95,1441736465962,"2,000",67% bearish,of 3 ratings,N/A
ECACU,$10.1,1441736466031,"7,500",Not yet rated,NULL,N/A
EDAP,$3.59,1441736466093,"18,296",60% bullish,of 5 ratings,$4.50
EDUC,$7,1441736466132,"23,569",100% bearish,of 1 rating,N/A
ESES,$3.39,1441736466158,"2,711",100% bearish,of 1 rating,$7
EDGW,$7.25,1441736466229,975,100% bearish,of 1 rating,N/A
EFUT,$4.6,1441736466568,"1,259",Not yet rated,NULL,N/A
EGAN,$3.98,1441736466595,"10,793",50% bullish,of 2 ratings,$6.25
EGLT,$13.13,1441736466616,"37,740",50% bullish,of 2 ratings,$21
EMITF,$1.2764,1441736466646,"63,802",75% bullish,of 4 ratings,N/A
EHTH,$14.4,1441736466667,"51,457",50% bullish,of 4 ratings,$17
ESLT,$79.7422,1441736466688,"3,370",67% bullish,of 3 ratings,N/A
LOCO,$12.4001,1441736466720,"248,758",69% bullish,of 13 ratings,$19.50
ESIO,$4.67,1441736467082,"27,803",50% bullish,of 2 ratings,$10
ERI,$9.4,1441736467140,"37,869",100% bearish,of 1 rating,$10
ELRC,$10.5,1441736467171,"11,965",100% bearish,of 1 rating,N/A
EA,$67.8899,1441736467197,"1,095,299",78% bullish,of 36 ratings,$80
EFII,$43.97,1441736467224,"43,737",80% bullish,of 5 ratings,$55
ELSE,$4,1441736467270,700,60% bullish,of 5 ratings,N/A
ELEC,NULL,1441736467502,0,Not yet rated,NULL,N/A
ELECW,NULL,1441736467647,0,Not yet rated,NULL,N/A
ELECU,$10.09,1441736467676,700,Not yet rated,NULL,N/A
RDEN,$11.3,1441736467705,"26,002",100% bearish,of 4 ratings,$15
CAPX,NULL,1441736467754,0,Not yet rated,NULL,N/A
EBIO,$3.36,1441736467810,"89,249",100% bearish,of 2 ratings,$8.35
ESBK,$19.63,1441736467886,795,Not yet rated,NULL,N/A
ELTK,$1.2806,1441736468139,"17,367",67% bearish,of 3 ratings,N/A
LONG,$16.85,1441736468169,"4,500",67% bullish,of 3 ratings,$15.75
EMCI,$22.25,1441736468267,"8,037",Not yet rated,NULL,N/A
EMMS,$1.31,1441736468309,"16,510",67% bullish,of 6 ratings,N/A
EMCF,$22.9,1441736468343,200,100% bearish,of 1 rating,N/A
EMMSP,NULL,1441736468369,0,100% bearish,of 1 rating,N/A
EMKR,$6.9,1441736468441,"47,641",75% bullish,of 4 ratings,$8.50
NYNY,$4.73,1441736468467,"33,086",50% bullish,of 2 ratings,N/A
ENTA,$39.55,1441736468742,"66,138",50% bullish,of 2 ratings,$42
ERS,$3.52,1441736468796,300,Not yet rated,NULL,N/A
ECPG,$37.56,1441736468826,"71,990",100% bullish,of 2 ratings,$52
WIRE,$33.41,1441736468899,"36,997",100% bearish,of 1 rating,$37
ELGX,$13.22,1441736468924,"219,720",75% bullish,of 4 ratings,$17
ECYT,$5.27,1441736468954,"141,824",83% bullish,of 6 ratings,$12
ENDP,$76.06,1441736468987,"463,996",50% bullish,of 6 ratings,$101.50
WATT,$6.88,1441736469424,"25,601",50% bullish,of 2 ratings,$13
EIGI,$14.96,1441736469507,"93,178",67% bearish,of 3 ratings,$22.50
EFOI,$27.9462,1441736469538,"1,016,781",67% bullish,of 3 ratings,$24.50
EXXI,$1.72,1441736469567,"587,787",86% bullish,of 7 ratings,$3.50
ENOC,$9.14,1441736469638,"107,646",75% bullish,of 4 ratings,$18
ERII,$2.595,1441736469668,"18,789",80% bullish,of 5 ratings,$2.50
ENPH,$4.62,1441736469707,"251,423",75% bullish,of 4 ratings,$10
ENG,$1.0399,1441736469732,"1,645",100% bullish,of 3 ratings,N/A
ESGR,$150.14,1441736470024,"17,840",100% bearish,of 1 rating,$185
ENFC,$17.58,1441736470096,100,Not yet rated,NULL,N/A
ENTG,$13.71,1441736470153,"183,258",100% bearish,of 1 rating,$18
ETRM,$0.271,1441736470181,"547,095",69% bearish,of 35 ratings,$1.625
ENTL,$22.6,1441736470202,"13,695",Not yet rated,NULL,$28
EGT,$1.8499,1441736470239,"12,821",100% bullish,of 1 rating,N/A
EBTC,$21.25,1441736470260,900,Not yet rated,NULL,N/A
EFSC,$23.8701,1441736470334,"8,782",Not yet rated,NULL,$27
ENZN,$1.01,1441736470563,"74,421",100% bullish,of 9 ratings,N/A
ENVI,$1.96,1441736470595,"105,998",67% bullish,of 3 ratings,N/A
ENZY,$10.3,1441736470621,"143,879",67% bullish,of 3 ratings,$9.50
EPIQ,$12.45,1441736470667,"12,839",100% bearish,of 1 rating,$18
EPRS,$5.52,1441736470692,"16,975",82% bullish,of 11 ratings,$15
PLUS,$75.68,1441736470862,"11,315",50% bullish,of 2 ratings,$88
EPZM,$19.95,1441736470888,"74,685",60% bullish,of 5 ratings,$34
EQIX,$277.09,1441736470968,"167,687",75% bullish,of 4 ratings,$312.50
ERIC,$9.7768,1441736471157,"825,134",67% bullish,of 9 ratings,$12.20
EQFN,$8.29,1441736471183,"1,000",100% bearish,of 1 rating,N/A
EAC,$3.47,1441736471211,"6,396",100% bearish,of 1 rating,$8
ERIE,$80.4454,1441736471232,"9,188",Not yet rated,NULL,$73
ESCR,$0.365,1441736471367,"518,657",50% bullish,of 2 ratings,N/A
ESCA,$18.26,1441736471398,"3,004",100% bearish,of 1 rating,$22
ESCRP,$1.38,1441736471444,"58,516",100% bearish,of 1 rating,N/A
ESMC,$1.29,1441736471502,"1,100",Not yet rated,NULL,N/A
ESSA,$12.89,1441736471636,"1,800",100% bearish,of 1 rating,N/A
ESPR,$46.19,1441736471662,"154,372",70% bearish,of 10 ratings,$115
EPIX,$6.07,1441736471792,"1,250",Not yet rated,NULL,N/A
ESND,$34.03,1441736471819,"32,637",100% bearish,of 2 ratings,$40
ESSX,$0.46,1441736471897,"15,285",50% bullish,of 2 ratings,N/A
CLWT,NULL,1441736471949,0,100% bearish,of 1 rating,N/A
ETSY,$14.09,1441736471998,"91,612",80% bullish,of 5 ratings,$16
EEFT,$68.32,1441736472027,"52,706",100% bearish,of 1 rating,$67.50
ESEA,$4.457,1441736472136,599,100% bullish,of 1 rating,$15
EVK,NULL,1441736472235,0,75% bearish,of 4 ratings,N/A
EVEP,$8.27,1441736472262,"98,995",50% bullish,of 2 ratings,$14
EVLV,$2.55,1441736472398,"61,214",60% bullish,of 5 ratings,$4.625
EXA,$10.55,1441736472433,"20,162",100% bearish,of 1 rating,$13
EVOK,$3.53,1441736472461,"6,326",100% bearish,of 1 rating,$13.375
EVOL,$5.51,1441736472482,"11,054",75% bullish,of 4 ratings,$10
EXAS,$20.98,1441736472624,"459,562",78% bullish,of 9 ratings,$31
EXEL,$5.915,1441736472727,"2,229,460",81% bullish,of 16 ratings,$6
EXAC,$19.21,1441736472748,"8,592",100% bearish,of 1 rating,$22.50
EXLS,$37.26,1441736472831,"31,426",50% bullish,of 2 ratings,$41
EXPE,$114.31,1441736472879,"290,894",64% bullish,of 11 ratings,$130
EXFO,$2.9301,1441736472910,"2,975",67% bearish,of 3 ratings,$3.95
EXPO,$43.48,1441736473042,"42,705",100% bearish,of 1 rating,$45.50
ESRX,$83.73,1441736473069,"1,426,548",67% bearish,of 6 ratings,$101
EXPD,$48.65,1441736473095,"962,049",80% bullish,of 5 ratings,$52
EXLP,$18.09,1441736473285,"43,475",100% bearish,of 1 rating,$25
EYEG,$4.25,1441736473313,"42,273",Not yet rated,NULL,N/A
EXTR,$3.17,1441736473340,"325,457",80% bullish,of 5 ratings,$3
EZCH,$23.31,1441736473387,"67,118",75% bullish,of 8 ratings,$19
EZPW,$6.11,1441736473529,"56,350",50% bullish,of 4 ratings,$7
FFIV,$120.78,1441736473555,"155,315",63% bullish,of 8 ratings,$132
EYEGW,$1,1441736473576,"2,850",Not yet rated,NULL,N/A
FB,$89.61,1441736473608,"10,407,614",74% bullish,of 1078 ratings,$111
FRP,$15.7,1441736473765,"41,154",100% bearish,of 1 rating,$18
FCS,$13.98,1441736473947,"694,955",67% bearish,of 3 ratings,$17
DAVE,$15.07,1441736474372,"8,379",100% bearish,of 1 rating,$15.50
FFKT,$25.73,1441736474404,"1,577",Not yet rated,NULL,$29
FALC,$1.755,1441736474425,"18,097",63% bearish,of 8 ratings,N/A
FARM,$21.95,1441736474458,"11,398",100% bearish,of 1 rating,$35
FWM,$2.28,1441736474508,"90,588",100% bearish,of 2 ratings,$3.20
FMNB,$8.38,1441736474558,"11,523",Not yet rated,NULL,N/A
FARO,$37.65,1441736474633,"34,712",50% bullish,of 2 ratings,$48
FAST,$38.6,1441736474738,"872,313",80% bullish,of 5 ratings,$43
FBSS,NULL,1441736474769,0,Not yet rated,NULL,N/A
FNHC,$21.825,1441736474955,"15,814",100% bearish,of 1 rating,$35
FATE,$6.25,1441736474983,"12,255",50% bullish,of 2 ratings,$11
FEIC,$75.59,1441736475004,"77,333",50% bullish,of 2 ratings,$95.50
FBRC,$22.43,1441736475032,"4,511",100% bearish,of 1 rating,$29
FDML,$8.25,1441736475060,"95,622",50% bullish,of 4 ratings,$14
FHCO,$1.4,1441736475194,"12,332",50% bullish,of 4 ratings,N/A
FENX,$9.67,1441736475254,"43,506",100% bullish,of 1 rating,$14.25
ONEQ,$188.37,1441736475480,"7,784",100% bullish,of 1 rating,N/A
FCSC,$6.01,1441736475509,"57,116",100% bearish,of 1 rating,$8.125
FGEN,$25.42,1441736475547,"345,450",100% bearish,of 1 rating,$39
FRGI,$52.45,1441736475571,"17,092",50% bullish,of 2 ratings,$70
LION,$19.93,1441736475600,"23,354",100% bullish,of 1 rating,$20
FDUS,$14.54,1441736475620,"11,795",50% bullish,of 2 ratings,$18
FSAM,$7.65,1441736475753,"17,657",100% bearish,of 1 rating,$10.25
FSC,$6.515,1441736475819,"337,016",60% bullish,of 5 ratings,$8
FSCFL,$24.5304,1441736475914,"1,838",Not yet rated,NULL,N/A
FSFR,$8.8,1441736475967,"39,640",100% bearish,of 1 rating,$11.50
FNGN,$29.94,1441736476059,"109,924",67% bullish,of 3 ratings,$47
FITB,$19.625,1441736476113,"1,107,223",54% bullish,of 13 ratings,$22
FITBI,$27.48,1441736476134,"63,187",Not yet rated,NULL,N/A
FISI,$24.49,1441736476217,"3,278",100% bullish,of 2 ratings,$24.50
FNSR,$15.33,1441736476311,"233,591",71% bullish,of 7 ratings,$24
FNJN,$1.73,1441736476374,"2,872",100% bearish,of 1 rating,$5
FNTC,NULL,1441736476442,0,Not yet rated,NULL,N/A
FNTCU,NULL,1441736476474,0,Not yet rated,NULL,N/A
FEYE,$38.17,1441736476515,"1,409,039",88% bullish,of 16 ratings,$55.50
FNTCW,NULL,1441736476572,0,Not yet rated,NULL,N/A
FBNC,$16.95,1441736476706,"6,701",100% bullish,of 1 rating,$20
FNLC,$18.85,1441736476840,"2,090",100% bullish,of 1 rating,N/A
FRBA,$6.113,1441736476873,"2,000",Not yet rated,NULL,$8
BUSE,$19.4,1441736476907,"21,199",Not yet rated,NULL,$6.875
FCVA,$4.63,1441736477006,200,Not yet rated,NULL,N/A
FBIZ,$23,1441736477031,"11,651",100% bearish,of 2 ratings,$26
FCAP,$26.1,1441736477056,680,Not yet rated,NULL,N/A
FCNCA,$229.69,1441736477196,"1,627",Not yet rated,NULL,N/A
FCBC,$17.5,1441736477332,"4,911",Not yet rated,NULL,$18
FCLF,$9.19,1441736477353,200,Not yet rated,NULL,N/A
FCFS,$39.215,1441736477395,"11,093",100% bearish,of 3 ratings,$47
FCCO,$12.24,1441736477416,296,Not yet rated,NULL,$13.25
FCFP,$6.88,1441736477445,600,Not yet rated,NULL,N/A
FBNK,$16.95,1441736477485,"31,023",100% bearish,of 1 rating,$17.50
FDEF,$37.2,1441736477510,"6,716",Not yet rated,NULL,$38
FFBC,$18.44,1441736477836,"17,686",67% bearish,of 3 ratings,$20.25
FFNM,$6.49,1441736477871,"1,000",Not yet rated,NULL,N/A
FFBCW,NULL,1441736477898,0,100% bearish,of 1 rating,N/A
FFIN,$30.45,1441736477918,"34,734",50% bullish,of 2 ratings,$31.75
FFWM,$21.92,1441736478051,"32,119",Not yet rated,NULL,$24
FFNW,$12.13,1441736478079,"9,100",Not yet rated,NULL,$14
THFF,$32.54,1441736478108,"8,472",Not yet rated,NULL,$35
FIBK,$26.55,1441736478211,"33,187",Not yet rated,NULL,$32
INBK,$29.34,1441736478452,"12,019",50% bullish,of 2 ratings,$37
FMBH,$22.24,1441736478548,100,Not yet rated,NULL,N/A
FNFG,$9.21,1441736478575,"470,487",80% bullish,of 5 ratings,$9
FNBC,$34.77,1441736478606,"24,404",Not yet rated,NULL,$40
FMBI,$17.68,1441736478633,"43,953",Not yet rated,NULL,$20
FRME,$26.28,1441736478706,"27,894",Not yet rated,NULL,$26.50
FSFG,$30.48,1441736478759,787,Not yet rated,NULL,N/A
FNWB,$12.155,1441736478783,"4,748",Not yet rated,NULL,N/A
FSGI,$2.43,1441736478964,"6,470",Not yet rated,NULL,N/A
FSLR,$48.85,1441736478994,"459,811",72% bullish,of 39 ratings,$65
BICK,$19.2799,1441736479096,420,100% bullish,of 1 rating,N/A
FSBK,$7.8,1441736479153,800,100% bullish,of 1 rating,N/A
FCAN,$24.61,1441736479179,351,Not yet rated,NULL,N/A
FBZ,NULL,1441736479199,0,Not yet rated,NULL,N/A
FTCS,$36.2868,1441736479336,"7,290",100% bearish,of 1 rating,N/A
FCA,$19.77,1441736479434,415,Not yet rated,NULL,N/A
FV,$23.397,1441736479461,"689,764",100% bearish,of 1 rating,N/A
FEMB,$41.09,1441736479538,"3,600",Not yet rated,NULL,N/A
FEUZ,$30.89,1441736479596,100,Not yet rated,NULL,N/A
FTSM,$59.96,1441736479627,"26,611",100% bearish,of 1 rating,N/A
IFV,$17.6966,1441736479648,"199,732",100% bearish,of 1 rating,N/A
TDIV,$24.8785,1441736479779,"35,059",100% bearish,of 1 rating,N/A
FGM,$35.94,1441736479917,"84,995",Not yet rated,NULL,N/A
FTGC,$22.4644,1441736479955,"26,097",Not yet rated,NULL,N/A
MDIV,$19.0036,1441736479980,"80,250",Not yet rated,NULL,N/A
FTHI,$19.47,1441736480020,479,Not yet rated,NULL,N/A
FPXI,$26.86,1441736480208,200,Not yet rated,NULL,N/A
HYLS,$49.7299,1441736480237,"15,416",100% bearish,of 1 rating,N/A
FHK,$33.73,1441736480269,"1,800",Not yet rated,NULL,N/A
YDIV,$16.24,1441736480299,500,Not yet rated,NULL,N/A
CU,$12.93,1441736480403,"5,028",100% bearish,of 1 rating,N/A
SKYY,$28.6301,1441736480475,"22,874",100% bullish,of 1 rating,N/A
PLTM,$6.18,1441736480534,220,100% bearish,of 1 rating,N/A
FJP,$45.2199,1441736480561,"55,745",Not yet rated,NULL,N/A
FTLB,NULL,1441736480716,0,100% bearish,of 1 rating,N/A
LMBS,NULL,1441736480774,0,Not yet rated,NULL,N/A
FMB,$51.1299,1441736480871,"7,518",Not yet rated,NULL,N/A
QABA,$37.64,1441736480897,"21,518",100% bearish,of 1 rating,N/A
FONE,$35.42,1441736480926,237,Not yet rated,NULL,N/A
QCLN,$15.3999,1441736480950,"10,610",Not yet rated,NULL,N/A
GRID,$31.11,1441736481114,35,100% bearish,of 1 rating,N/A
CIBR,$17.57,1441736481134,"20,697",Not yet rated,NULL,N/A
CARZ,$34.9,1441736481209,"3,475",100% bearish,of 1 rating,N/A
RDVY,$20.9,1441736481314,"2,590",Not yet rated,NULL,N/A
QQEW,$41.8,1441736481444,"20,419",Not yet rated,NULL,N/A
QTEC,$40.3101,1441736481471,"5,570",Not yet rated,NULL,N/A
QQXT,$40.381,1441736481492,"7,627",Not yet rated,NULL,N/A
QINC,NULL,1441736481639,0,Not yet rated,NULL,N/A
AIRR,$16.55,1441736481666,"1,120",100% bearish,of 1 rating,N/A
FKO,NULL,1441736481705,0,Not yet rated,NULL,N/A
FTSL,$48.8301,1441736481840,"13,692",100% bearish,of 1 rating,N/A
FDIV,$47.4,1441736481905,300,100% bearish,of 1 rating,N/A
FTW,$31.2121,1441736481939,167,Not yet rated,NULL,N/A
FSZ,$38.44,1441736481966,"8,532",Not yet rated,NULL,N/A
TUSA,$24.83,1441736482128,508,Not yet rated,NULL,N/A
FKU,$41.656,1441736482226,"2,897",Not yet rated,NULL,N/A
FMER,$17.6,1441736482257,"170,085",50% bullish,of 2 ratings,$20
FUNC,$8.07,1441736482282,"1,900",Not yet rated,NULL,N/A
SVVC,$9.25,1441736482358,"5,950",50% bullish,of 2 ratings,$26
FISV,$85.96,1441736482452,"358,877",100% bearish,of 3 ratings,$90
FSV,$32.05,1441736482477,"3,000",Not yet rated,NULL,$33.60
FIVE,$34.13,1441736482501,"555,966",75% bearish,of 4 ratings,$43.50
FPRX,$20.33,1441736482744,"66,176",50% bullish,of 2 ratings,$35
FLKS,$11.91,1441736482800,"30,925",50% bullish,of 2 ratings,$27
FIVN,$3.7595,1441736482822,"46,675",100% bullish,of 1 rating,$8.50
FLML,$22.75,1441736482875,"89,163",50% bullish,of 2 ratings,$30
MBSD,$24.93,1441736482956,"2,400",Not yet rated,NULL,N/A
FLXN,$29.07,1441736482983,"49,765",100% bearish,of 1 rating,$40
FLXS,$30.4,1441736483004,"4,320",100% bearish,of 2 ratings,N/A
SKOR,$50.44,1441736483024,"4,700",Not yet rated,NULL,N/A
FLEX,$10.55,1441736483175,"797,647",63% bullish,of 8 ratings,$12
FLIR,$28.865,1441736483319,"251,247",100% bearish,of 2 ratings,$38.50
FLDM,$11.255,1441736483378,"160,787",67% bearish,of 3 ratings,$15
FFIC,$19.72,1441736483403,"11,365",Not yet rated,NULL,$20.50
FONR,$10.58,1441736483448,"26,930",100% bullish,of 1 rating,N/A
FOGO,$18.97,1441736483544,"21,668",50% bullish,of 2 ratings,$25.50
FOMX,$9.96,1441736483648,"24,628",50% bullish,of 2 ratings,$23.50
FES,$0.8601,1441736483719,"37,500",50% bullish,of 2 ratings,$1
FORR,$31.1,1441736483792,"14,099",Not yet rated,NULL,N/A
FTNT,$43.071,1441736483820,"401,148",80% bullish,of 10 ratings,$52
FORM,$6.82,1441736483850,"47,833",67% bullish,of 3 ratings,$10.50
FORTY,NULL,1441736483879,0,100% bearish,of 1 rating,N/A
FBIO,$2.55,1441736483951,"39,138",83% bullish,of 6 ratings,N/A
FWP,$26.59,1441736484111,"31,147",100% bearish,of 1 rating,$45
FORD,$1.66,1441736484136,"879,890",67% bullish,of 3 ratings,N/A
FWRD,$44.69,1441736484160,"37,300",100% bearish,of 1 rating,$50
FOSL,$61.22,1441736484318,"227,195",60% bearish,of 5 ratings,$80
FMI,$23.261,1441736484417,"43,405",100% bearish,of 2 ratings,$27.50
FXCB,$17.14,1441736484484,735,Not yet rated,NULL,$19
FOXF,$15.225,1441736484511,"8,997",100% bearish,of 1 rating,$19
FRAN,$12.55,1441736484541,"654,653",50% bullish,of 4 ratings,$15
FRED,$12.905,1441736484640,"52,350",50% bullish,of 2 ratings,$15.50
FREE,$0.3362,1441736484703,"410,816",92% bullish,of 12 ratings,N/A
RAIL,$20.375,1441736484810,"40,966",100% bearish,of 1 rating,$24.50
FELE,$27.925,1441736484836,"81,199",50% bullish,of 4 ratings,$33
FEIM,$11.25,1441736484915,"2,600",100% bearish,of 1 rating,N/A
FRPT,$12.57,1441736484972,"105,414",67% bearish,of 3 ratings,$23.50
FTR,$5.38,1441736485106,"5,551,263",78% bullish,of 27 ratings,$6.25
FTRPR,$105.65,1441736485132,"20,714",100% bearish,of 1 rating,N/A
FSBW,$23.17,1441736485262,540,Not yet rated,NULL,N/A
FTD,$29.11,1441736485351,"10,288",100% bearish,of 1 rating,$40
FCEL,$0.904,1441736485383,"775,845",88% bullish,of 41 ratings,$2.65
FRPH,$30.5,1441736485405,"5,174",100% bearish,of 1 rating,N/A
FTEK,$2.02,1441736485452,"11,913",75% bullish,of 4 ratings,N/A
FSYS,$6.32,1441736485483,"75,358",67% bullish,of 3 ratings,$8.50
FULL,$3.1198,1441736485586,"19,368",67% bearish,of 3 ratings,$4.25
FULLL,$25.2999,1441736485667,900,Not yet rated,NULL,N/A
FLL,$1.3942,1441736485775,"10,554",75% bullish,of 4 ratings,$3.50
FSNN,$2.25,1441736485854,"10,500",67% bullish,of 3 ratings,$6
FULT,$11.96,1441736485910,"171,584",100% bearish,of 1 rating,$13
FFHL,NULL,1441736485955,0,50% bullish,of 4 ratings,N/A
FXEN,$0.9999,1441736486043,"12,905",75% bullish,of 4 ratings,$1.10
FXENP,$15.13,1441736486175,700,100% bearish,of 1 rating,N/A
GK,$67.95,1441736486208,"19,948",Not yet rated,NULL,$78
WILC,$4.77,1441736486238,300,100% bullish,of 2 ratings,N/A
GAIA,$5.99,1441736486263,"11,643",50% bullish,of 2 ratings,$8.50
GLPG,$59.63,1441736486304,"9,631",100% bullish,of 1 rating,$75
GALT,$2.14,1441736486337,"80,342",80% bullish,of 5 ratings,N/A
GALTU,NULL,1441736486469,0,100% bearish,of 1 rating,N/A
GALTW,NULL,1441736486496,0,100% bullish,of 1 rating,N/A
GALE,$1.585,1441736486647,"244,102",89% bullish,of 47 ratings,$4
GLPI,$30.57,1441736486754,"115,692",100% bearish,of 1 rating,$37.50
GPIC,$9.77,1441736486783,"2,500",100% bearish,of 1 rating,N/A
GLMD,$8.26,1441736486808,"7,334",67% bullish,of 3 ratings,$20.50
GRMN,$37.58,1441736486884,"298,124",50% bullish,of 6 ratings,$46.50
GGAC,$9.92,1441736486940,81,100% bearish,of 1 rating,N/A
GGACR,$0.23,1441736487038,"15,600",100% bullish,of 1 rating,N/A
GGACU,NULL,1441736487133,0,Not yet rated,NULL,N/A
GGACW,$0.14,1441736487182,"19,480",Not yet rated,NULL,N/A
GARS,$14.55,1441736487213,"21,358",Not yet rated,NULL,$16
GENC,$9.04,1441736487317,500,100% bearish,of 1 rating,N/A
GNCMA,$17.445,1441736487472,"54,789",100% bearish,of 1 rating,$12
GFN,$3.8,1441736487501,"7,475",100% bearish,of 2 ratings,$8
GFNCP,$88.5,1441736487604,70,Not yet rated,NULL,N/A
GFNSL,$25.51,1441736487674,900,Not yet rated,NULL,N/A
GENE,$2.37,1441736487778,"43,685",100% bullish,of 12 ratings,N/A
GNMK,$9.93,1441736487807,"13,666",67% bullish,of 6 ratings,$14
GHDX,$25.19,1441736487913,"27,426",50% bullish,of 2 ratings,$30
THRM,$45.44,1441736487940,"130,982",75% bearish,of 4 ratings,$55.50
GNCA,$11.195,1441736487987,"25,550",100% bearish,of 1 rating,$20
GNVC,$2.61,1441736488136,"20,904",90% bullish,of 10 ratings,$8.50
GEOS,$16.71,1441736488166,"29,322",100% bearish,of 3 ratings,$21
GTWN,NULL,1441736488242,0,Not yet rated,NULL,N/A
GNTX,$15.96,1441736488295,"1,083,393",Not yet rated,NULL,$20
GABC,$28.81,1441736488320,"2,649",Not yet rated,NULL,$31.50
GERN,$3.325,1441736488394,"906,829",88% bullish,of 17 ratings,$5.25
GEVO,$2.2899,1441736488527,"326,791",75% bullish,of 12 ratings,$5
ROCK,$16.73,1441736488702,"32,989",80% bullish,of 5 ratings,$24
GIGM,$0.5204,1441736488733,"37,670",100% bullish,of 2 ratings,N/A
GIGA,$1.32,1441736488754,"112,460",100% bearish,of 1 rating,N/A
GIII,$69.175,1441736488791,"105,028",67% bullish,of 3 ratings,$79
GILT,$4.142,1441736488818,"4,880",50% bullish,of 2 ratings,N/A
GBCI,$26.3,1441736488887,"29,544",50% bullish,of 2 ratings,$31
GILD,$104.18,1441736488915,"2,980,854",91% bullish,of 89 ratings,$129
GLADO,$25.55,1441736488945,"3,300",Not yet rated,NULL,N/A
GLAD,$8.94,1441736489080,"98,878",50% bullish,of 2 ratings,$8.75
GOODN,$25.55,1441736489270,204,Not yet rated,NULL,N/A
GOOD,$14,1441736489295,"25,134",Not yet rated,NULL,$19
GOODO,$25.14,1441736489455,200,Not yet rated,NULL,N/A
GAINN,$25.22,1441736489554,"33,751",Not yet rated,NULL,N/A
GAIN,$7.485,1441736489585,"52,705",100% bullish,of 2 ratings,$8.25
GAINO,NULL,1441736489686,0,Not yet rated,NULL,N/A
GOODP,$25.2,1441736489713,400,Not yet rated,NULL,N/A
GBT,$51.61,1441736489740,"133,979",100% bearish,of 1 rating,N/A
GAINP,$25.6,1441736489765,"2,300",Not yet rated,NULL,N/A
GLBZ,$11.37,1441736489904,107,Not yet rated,NULL,N/A
LAND,$9.23,1441736489935,"19,664",50% bullish,of 2 ratings,$13.75
GDEF,$10.65,1441736489961,400,Not yet rated,NULL,N/A
ENT,$11.24,1441736490096,"46,000",100% bearish,of 1 rating,$18
GBLI,$27.37,1441736490145,"2,732",Not yet rated,NULL,N/A
GPACU,NULL,1441736490278,0,Not yet rated,NULL,N/A
QQQC,$18.65,1441736490411,505,100% bearish,of 1 rating,N/A
GSOL,$8.48,1441736490459,"4,698",100% bearish,of 1 rating,N/A
SOCL,$17.37,1441736490485,"11,104",100% bullish,of 2 ratings,N/A
ACTX,NULL,1441736490542,0,100% bullish,of 1 rating,N/A
SRET,$12.96,1441736490572,11,Not yet rated,NULL,N/A
ALTY,$14.2953,1441736490674,101,Not yet rated,NULL,N/A
YLCO,$11.6199,1441736490817,"1,700",Not yet rated,NULL,N/A
GAI,$6.16,1441736490850,500,50% bullish,of 2 ratings,N/A
GBIM,$2.67,1441736490916,"2,744",50% bullish,of 2 ratings,N/A
GSM,$14.365,1441736490985,"168,362",50% bullish,of 2 ratings,$22
GLRI,$1,1441736491010,"23,164",100% bearish,of 1 rating,$4.25
GLBS,$1.25,1441736491055,"9,338",67% bullish,of 3 ratings,N/A
GLUU,$4.57,1441736491539,"736,467",92% bullish,of 26 ratings,$9
GLYC,$6.93,1441736491566,"27,162",50% bullish,of 2 ratings,$14
GLNG,$38.91,1441736491591,"328,295",83% bullish,of 6 ratings,$55.50
GOGO,$15.84,1441736491620,"148,377",80% bullish,of 5 ratings,$25
GMLP,$21.06,1441736491752,"47,466",50% bullish,of 4 ratings,$29
GDEN,$9.07,1441736491782,"1,800",50% bullish,of 2 ratings,N/A
GLDC,$3.97,1441736491803,"1,067",50% bullish,of 2 ratings,N/A
GOGL,$2.905,1441736491831,"63,862",75% bullish,of 4 ratings,$5
GTIM,$7.06,1441736492128,"14,858",Not yet rated,NULL,$11.50
GBDC,$17.08,1441736492171,"122,643",Not yet rated,NULL,$17.75
GPRO,$37.05,1441736492199,"4,710,695",78% bullish,of 60 ratings,$71
GOOG,$613.64,1441736492229,"524,797",87% bullish,of 75 ratings,$787.50
GPIA,NULL,1441736492305,0,100% bearish,of 1 rating,N/A
GMAN,$3.715,1441736492361,"12,859",60% bullish,of 5 ratings,$8.50
GOOGL,$642.3,1441736492387,"586,502",88% bullish,of 1083 ratings,$749
GPIAU,$9.96,1441736492408,700,Not yet rated,NULL,N/A
GRVY,$3.69,1441736492715,861,50% bullish,of 2 ratings,N/A
GBSNU,NULL,1441736492737,0,NULL,NULL,NULL
GBSN,$0.1578,1441736492762,"4,747,077",50% bullish,of 2 ratings,$8.25
GPIAW,NULL,1441736492783,0,Not yet rated,NULL,N/A
LOPE,$37.57,1441736492921,"35,667",100% bearish,of 2 ratings,$50
GLDD,$5.44,1441736492950,"40,751",100% bearish,of 4 ratings,$7.75
GNBC,$12,1441736493051,"17,550",100% bearish,of 1 rating,$16.50
GSBC,$41.39,1441736493134,"8,768",100% bullish,of 1 rating,$44
GPP,$13.92,1441736493338,"46,955",Not yet rated,NULL,$20.50
GPRE,$20.46,1441736493373,"244,321",67% bullish,of 6 ratings,$28.50
GRIF,$31.1,1441736493567,"9,234",100% bearish,of 1 rating,N/A
GLRE,$24.761,1441736493595,"39,089",50% bullish,of 2 ratings,$34
GRFS,$31.83,1441736493626,"221,893",50% bullish,of 2 ratings,$35
GRBK,$11.98,1441736493655,"46,916",77% bullish,of 13 ratings,N/A
GCBC,$29,1441736493723,27,100% bullish,of 1 rating,N/A
GGAL,$20.18,1441736493977,"120,541",80% bullish,of 5 ratings,$40
OMAB,$41.1501,1441736494005,"19,674",100% bullish,of 1 rating,$44
GSIG,$12.95,1441736494034,"12,044",100% bearish,of 2 ratings,N/A
GTXI,$0.87,1441736494083,"3,100",100% bullish,of 5 ratings,$.75
GBNK,$15.5,1441736494165,"6,121",100% bearish,of 1 rating,$18
GRPN,$4.25,1441736494193,"2,754,717",61% bullish,of 71 ratings,$6.75
GSIT,$4.55,1441736494214,"8,053",100% bearish,of 1 rating,N/A
GSVC,$8.9992,1441736494235,"14,176",50% bullish,of 2 ratings,$15.75
GFED,$14.35,1441736494443,"2,332",Not yet rated,NULL,$17
GULTU,$0.334,1441736494506,"110,744",100% bearish,of 1 rating,N/A
GUID,$6.78,1441736494574,"19,602",100% bearish,of 3 ratings,$10
GIFI,$12.28,1441736494601,"28,100",100% bearish,of 1 rating,$16
GURE,$1.61,1441736494732,"26,162",88% bullish,of 8 ratings,N/A
GWPH,$105.26,1441736494757,"40,977",78% bullish,of 9 ratings,$148.50
GPOR,$33.08,1441736494785,"727,276",75% bullish,of 4 ratings,$54
GWGH,$7.985,1441736494943,"1,264",100% bearish,of 1 rating,$15.05
GYRO,$32.7,1441736494974,"5,990",100% bearish,of 1 rating,N/A
HEES,$19.89,1441736495005,"195,233",67% bearish,of 3 ratings,$31
HLG,$9,1441736495031,500,100% bearish,of 1 rating,N/A
HNRG,$7.17,1441736495104,"44,105",100% bearish,of 1 rating,$10
HALL,$11.45,1441736495235,"25,301",Not yet rated,NULL,N/A
HALO,$17.22,1441736495260,"133,584",67% bullish,of 3 ratings,$22.50
HBK,NULL,1441736495438,0,50% bullish,of 2 ratings,N/A
HBHC,$27.765,1441736495505,"132,006",50% bullish,of 2 ratings,$30
HMPR,$1.9,1441736495568,"14,254",100% bullish,of 1 rating,N/A
HBHCL,$24.2,1441736495602,"58,461",Not yet rated,NULL,N/A
HNSN,$0.5699,1441736495707,"74,397",88% bullish,of 8 ratings,$.40
HQCL,$12.58,1441736495728,"2,483",67% bullish,of 3 ratings,$14
HAFC,$24.51,1441736495758,"110,644",100% bullish,of 2 ratings,$28.50
HNH,$24.62,1441736495779,"4,778",100% bullish,of 1 rating,N/A
HRMN,NULL,1441736495922,0,Not yet rated,NULL,N/A
HDNG,$10.49,1441736495993,"13,298",50% bullish,of 4 ratings,N/A
HLIT,$5.66,1441736496028,"102,162",100% bearish,of 1 rating,$6.50
HRMNW,NULL,1441736496123,0,Not yet rated,NULL,N/A
HRMNU,NULL,1441736496147,0,Not yet rated,NULL,N/A
TINY,$2.4601,1441736496210,"10,308",50% bullish,of 2 ratings,$5.26
HART,$1.34,1441736496340,"83,444",100% bearish,of 1 rating,N/A
HBIO,$4.49,1441736496405,"37,377",100% bearish,of 1 rating,$10
HCAP,$12,1441736496471,"3,974",50% bullish,of 2 ratings,$15
HCAPL,$25.41,1441736496624,772,Not yet rated,NULL,N/A
HA,$24.525,1441736496652,"230,932",67% bullish,of 9 ratings,$27
HCOM,$21.29,1441736496678,"3,083",100% bearish,of 1 rating,$28
HAS,$75.9124,1441736496705,"330,298",63% bullish,of 8 ratings,$84.50
HWBK,$13.51,1441736496889,"3,235",100% bearish,of 1 rating,N/A
HWKN,$38.34,1441736496936,"9,217",Not yet rated,NULL,N/A
HAYN,$37.37,1441736497020,"11,872",100% bearish,of 1 rating,$59
HDS,$33.22,1441736497191,"1,122,307",100% bearish,of 2 ratings,$39.50
HQY,$30.55,1441736497361,"98,782",67% bullish,of 3 ratings,$35
HIIQ,$4.84,1441736497391,"3,088",50% bullish,of 2 ratings,$7
HCSG,$33.298,1441736497417,"83,356",50% bullish,of 4 ratings,$35
HSTM,$24.59,1441736497460,"25,221",50% bullish,of 2 ratings,$33.75
HTLD,$20.74,1441736497488,"83,053",Not yet rated,NULL,$22.50
HWAY,$11.59,1441736497518,"139,478",100% bearish,of 1 rating,$15
HTLF,$36.455,1441736497642,"13,287",100% bullish,of 1 rating,$39.50
HSII,$20.36,1441736497773,"8,743",100% bullish,of 3 ratings,$25
HTWR,$67.17,1441736497852,"129,770",50% bullish,of 2 ratings,$97.50
HTBX,$3.95,1441736497880,"12,595",50% bullish,of 2 ratings,$15.50
HMNY,$2.1475,1441736497901,"8,687",100% bearish,of 1 rating,N/A
HELE,$86.12,1441736498031,"40,942",67% bearish,of 3 ratings,$100
HNNA,$24.41,1441736498060,"12,917",100% bearish,of 1 rating,N/A
HMTV,$13.28,1441736498089,"2,859",100% bearish,of 1 rating,$16
HERO,NULL,1441736498222,0,NULL,NULL,NULL
HCACU,$10.01,1441736498248,"107,808",Not yet rated,NULL,N/A
HSIC,$136.01,1441736498279,"82,910",83% bullish,of 6 ratings,$146
HTBK,$10.79,1441736498475,"34,744",Not yet rated,NULL,$12
HFWA,$18.07,1441736498523,"8,739",100% bullish,of 1 rating,$20
HRTX,$40.6,1441736498607,"771,626",57% bullish,of 7 ratings,$41
MLHR,$27.69,1441736498639,"45,828",50% bullish,of 2 ratings,$33.50
HCCI,$12.07,1441736498664,"9,666",100% bearish,of 1 rating,$16.50
HEOP,$7.76,1441736498739,"8,786",Not yet rated,NULL,$8.50
HSKA,$33.4,1441736498819,"18,609",100% bearish,of 1 rating,$38
HFFC,$16.02,1441736498912,"4,314",Not yet rated,NULL,N/A
HPJ,$2.2923,1441736498939,"27,519",75% bullish,of 4 ratings,$12.43
HIBB,$39.6,1441736499015,"74,713",100% bearish,of 1 rating,$46.50
HIMX,$7.445,1441736499081,"611,648",86% bullish,of 21 ratings,$8.25
HIHO,$5.48,1441736499172,"65,225",Not yet rated,NULL,N/A
HIFS,$113.97,1441736499212,"3,762",Not yet rated,NULL,N/A
HMNF,$11.42,1441736499377,418,Not yet rated,NULL,N/A
HSGX,$6.18,1441736499406,"3,887",100% bearish,of 1 rating,$17
HMSY,$10.17,1441736499431,"231,590",67% bullish,of 3 ratings,$19.35
HOLI,$16.66,1441736499478,"172,452",50% bullish,of 4 ratings,$27
HOLX,$39.47,1441736499650,"1,046,304",50% bullish,of 4 ratings,$42
HBCP,$24.7,1441736499676,"1,866",Not yet rated,NULL,$29
HFBL,$21.88,1441736499736,"7,300",Not yet rated,NULL,N/A
HOMB,$38.56,1441736499764,"33,245",Not yet rated,NULL,$42
AWAY,$28.455,1441736499807,"170,667",75% bullish,of 4 ratings,$36
HMIN,$25.34,1441736499867,"37,591",100% bearish,of 2 ratings,$35
HMST,$22.35,1441736500226,"20,543",100% bullish,of 2 ratings,$27
HTBI,$18.135,1441736500311,"23,803",67% bullish,of 3 ratings,$18.625
CETC,$0.77,1441736500375,"18,376",86% bullish,of 7 ratings,N/A
HFBC,$10.95,1441736500404,"18,092",Not yet rated,NULL,N/A
HKTV,$4.17,1441736500454,"53,392",100% bearish,of 1 rating,N/A
HZNP,$29.405,1441736500482,"656,856",85% bullish,of 20 ratings,$40
HOFT,$25.17,1441736500507,"24,914",100% bearish,of 1 rating,N/A
HBNC,$23.435,1441736500532,"11,569",100% bullish,of 1 rating,$27
HRZN,$10.3899,1441736500821,"11,274",50% bullish,of 2 ratings,$14.25
HMHC,$22.95,1441736500866,"152,364",Not yet rated,NULL,$27
ZINC,$7.5,1441736500898,"172,456",100% bearish,of 1 rating,$17
HDP,$24.22,1441736500928,"204,941",67% bearish,of 3 ratings,$30.50
HOVNP,$4.3881,1441736500964,"3,200",100% bearish,of 1 rating,N/A
HBMD,$13.75,1441736500992,"5,651",100% bearish,of 1 rating,N/A
HWCC,$7.625,1441736501024,"15,750",100% bearish,of 1 rating,$9
HSNI,$60.34,1441736501166,"46,201",Not yet rated,NULL,$80
HUBG,$38.54,1441736501358,"94,725",100% bearish,of 1 rating,$43
HTGM,$6.19,1441736501383,"5,939",100% bearish,of 1 rating,$19.50
HSON,$2.79,1441736501410,"55,544",100% bearish,of 1 rating,$5
HCBK,$9.465,1441736501441,"604,989",83% bullish,of 6 ratings,$8.61
HBANP,$1335,1441736501546,10,100% bearish,of 1 rating,N/A
HDSN,$3.07,1441736501574,"11,567",100% bullish,of 1 rating,$6.25
HBAN,$10.735,1441736501600,"2,091,962",76% bullish,of 17 ratings,$12.29
HURC,$29.8,1441736501743,"2,300",100% bearish,of 1 rating,N/A
HTCH,$1.51,1441736501927,"38,906",100% bearish,of 1 rating,$3.50
HURN,$73.88,1441736501962,"37,330",50% bullish,of 2 ratings,$80
HBP,$3.06,1441736502062,200,100% bullish,of 1 rating,N/A
HDRAR,NULL,1441736502083,0,Not yet rated,NULL,N/A
HDRA,NULL,1441736502111,0,Not yet rated,NULL,N/A
HDRAU,NULL,1441736502162,0,Not yet rated,NULL,N/A
HDRAW,NULL,1441736502291,0,Not yet rated,NULL,N/A
HYGS,$8.67,1441736502461,"7,675",50% bullish,of 2 ratings,$13
IDSY,$3.82,1441736502489,"10,418",100% bearish,of 1 rating,$7
IBKC,$60.96,1441736502512,"28,011",100% bullish,of 1 rating,$70
IACI,$69.66,1441736502540,"261,921",80% bullish,of 5 ratings,$90
ICAD,$4.03,1441736502570,"17,784",50% bullish,of 2 ratings,$7.25
IKGH,$1.55,1441736502593,"37,823",75% bullish,of 4 ratings,N/A
IEP,$68.2954,1441736502747,"65,391",75% bullish,of 4 ratings,$99
ICFI,$33.65,1441736502778,"6,458",50% bullish,of 2 ratings,$48.50
ICLR,$77.705,1441736502920,"122,168",100% bearish,of 3 ratings,$85
ICON,$13.23,1441736503011,"293,884",50% bullish,of 2 ratings,$18.50
ICUI,$111,1441736503050,"43,900",Not yet rated,NULL,$122
INVE,$4.47,1441736503177,"10,370",75% bullish,of 4 ratings,$4
IPWR,$7.69,1441736503278,"4,505",100% bullish,of 1 rating,$15
IDXX,$74.8276,1441736503409,"150,647",100% bearish,of 1 rating,$76
DSKY,$10.85,1441736503439,"60,302",67% bullish,of 6 ratings,$11.50
IDRA,$2.97,1441736503470,"245,063",89% bullish,of 9 ratings,$6.50
IRG,$5.19,1441736503491,"9,425",100% bearish,of 1 rating,$4.25
IROQ,$16.725,1441736503512,200,100% bullish,of 1 rating,N/A
RXDX,$16.25,1441736503574,"96,166",100% bullish,of 1 rating,$20
IKAN,$2.75,1441736503659,"24,672",83% bullish,of 6 ratings,$5
KANG,$15.36,1441736503710,"163,202",50% bullish,of 2 ratings,$23.10
IIVI,$16.94,1441736503892,"39,250",100% bearish,of 1 rating,$22
ILMN,$197.15,1441736503948,"289,705",80% bullish,of 5 ratings,$245
IKNX,NULL,1441736503972,0,100% bearish,of 1 rating,N/A
IMDZ,$15.18,1441736504139,"70,856",100% bearish,of 1 rating,$33
IMMR,$12.72,1441736504166,"79,475",80% bullish,of 5 ratings,$15.50
ISNS,$4.2,1441736504192,"6,544",50% bullish,of 2 ratings,N/A
ICCC,$7.091,1441736504222,"5,863",100% bullish,of 1 rating,N/A
IMGN,$13.38,1441736504320,"388,458",75% bullish,of 4 ratings,$17.50
IMNP,$1.38,1441736504347,"128,499",50% bullish,of 2 ratings,$6
IMMU,$2.31,1441736504403,"1,947,925",86% bullish,of 7 ratings,$2
IMMY,$7.7,1441736504488,"2,601",100% bearish,of 1 rating,$11
IPXL,$45.135,1441736504550,"1,020,365",67% bullish,of 3 ratings,$46.50
SAAS,$7.27,1441736504602,"172,363",50% bullish,of 2 ratings,$15
INCR,$42.95,1441736504628,"108,167",50% bullish,of 2 ratings,$53
INCY,$118.49,1441736504848,"193,453",50% bullish,of 6 ratings,$125.50
INDB,$44.8,1441736504881,"13,893",Not yet rated,NULL,$44
IBCP,$14.25,1441736504976,"21,611",100% bullish,of 1 rating,$14.50
IDSA,NULL,1441736505001,0,Not yet rated,NULL,N/A
INFN,$20.5,1441736505077,"1,909,135",71% bullish,of 7 ratings,$28
IBTX,$41.7,1441736505131,"5,259",100% bullish,of 2 ratings,$47.25
INFI,$8.69,1441736505156,"92,434",50% bullish,of 4 ratings,$16.50
III,$3.755,1441736505226,"15,676",57% bullish,of 7 ratings,$6
IPCC,$75.73,1441736505303,"5,806",Not yet rated,NULL,$77.50
IMKTA,$49.52,1441736505458,"40,313",100% bearish,of 1 rating,N/A
IFON,$1.26,1441736505590,"9,886",75% bullish,of 4 ratings,N/A
INNL,$13,1441736505648,"43,834",100% bearish,of 1 rating,$16.50
INWK,$7.1,1441736505672,"22,807",50% bullish,of 2 ratings,$10
INOD,$2.3,1441736505722,"21,100",100% bearish,of 1 rating,N/A
IPHS,$45.63,1441736505751,"23,305",100% bearish,of 1 rating,$60
IOSP,$49.44,1441736505854,"61,564",100% bearish,of 1 rating,N/A
ISSC,$2.83,1441736506049,10,67% bearish,of 3 ratings,N/A
INGN,$51.8742,1441736506079,"114,898",100% bearish,of 1 rating,$50.50
ITEK,$13.065,1441736506134,"126,482",100% bearish,of 3 ratings,$20
INO,$7.095,1441736506161,"289,840",89% bullish,of 18 ratings,$20
INOV,$21.21,1441736506186,"122,724",100% bearish,of 1 rating,$33
ISIG,$2.64,1441736506235,"1,917",100% bearish,of 1 rating,N/A
NSIT,$24.97,1441736506321,"35,505",50% bullish,of 2 ratings,N/A
IIIN,$17.835,1441736506535,"13,463",100% bearish,of 2 ratings,N/A
INSM,$24.54,1441736506560,"119,608",71% bullish,of 7 ratings,$31.50
PODD,$28.965,1441736506634,"58,442",67% bearish,of 3 ratings,$35
NTEC,$5.65,1441736506659,"1,498",100% bearish,of 1 rating,N/A
INSY,$34.31,1441736506700,"354,263",75% bullish,of 4 ratings,$48
IDTI,$19.85,1441736506899,"771,435",60% bullish,of 5 ratings,$25
IART,$63.15,1441736506949,"53,460",100% bearish,of 2 ratings,$71.50
ISSI,$21.9401,1441736507053,"64,718",67% bullish,of 3 ratings,$19.75
IESC,$7.11,1441736507083,"3,621",100% bearish,of 1 rating,N/A
IQNT,$19.265,1441736507141,"156,677",86% bullish,of 7 ratings,$20
INTC,$29.38,1441736507271,"9,518,573",82% bullish,of 238 ratings,$36
IPCI,$2.23,1441736507301,"11,517",67% bullish,of 6 ratings,$8
IPAR,$25.13,1441736507330,"20,292",67% bullish,of 3 ratings,$38
IBKR,$38.34,1441736507431,"148,354",100% bullish,of 1 rating,N/A
ININ,$36.16,1441736507525,"24,087",67% bearish,of 3 ratings,$57
ICPT,$190.95,1441736507630,"90,857",70% bullish,of 10 ratings,$359.50
ICLD,$2.0317,1441736507874,"191,991",75% bullish,of 4 ratings,N/A
ICLDW,NULL,1441736507972,0,100% bearish,of 1 rating,N/A
TILE,$24.44,1441736507999,"104,812",100% bearish,of 3 ratings,$27
IDCC,$48.66,1441736508067,"57,267",80% bullish,of 5 ratings,$63
INAP,$9.28,1441736508198,"53,621",75% bullish,of 4 ratings,$11
IMI,$1.96,1441736508225,"10,413",67% bullish,of 3 ratings,$2.22
ISCA,$32.63,1441736508250,"14,538",100% bearish,of 1 rating,N/A
IBOC,$25.35,1441736508280,"45,039",100% bearish,of 1 rating,N/A
IGLD,$7.38,1441736508305,"1,075",50% bullish,of 2 ratings,N/A
IIJI,$8.6999,1441736508483,120,50% bullish,of 2 ratings,$12.50
PTNT,$2.97,1441736508537,800,Not yet rated,NULL,N/A
INPH,$0.31,1441736508617,"6,145",50% bullish,of 2 ratings,N/A
XENT,$25.45,1441736508720,"101,017",50% bullish,of 2 ratings,$36.50
INTX,$1.99,1441736508793,"2,090",67% bullish,of 3 ratings,N/A
IILG,$19.6,1441736508879,"23,537",100% bearish,of 1 rating,$29
IVAC,$4.9,1441736508924,"8,347",100% bearish,of 1 rating,$6.625
ISIL,$10.8,1441736508964,"313,250",50% bullish,of 6 ratings,$15
ITCI,$27.38,1441736509066,"112,213",75% bearish,of 4 ratings,$40
INTL,$25.7,1441736509107,"9,043",67% bearish,of 3 ratings,N/A
INTLL,$26.09,1441736509132,100,Not yet rated,NULL,N/A
INTU,$87.13,1441736509276,"590,286",86% bullish,of 7 ratings,$107.50
IIN,$6.75,1441736509307,"2,100",100% bearish,of 1 rating,$12
INVT,$0.3307,1441736509413,"44,621",67% bullish,of 3 ratings,N/A
ISRG,$518.3,1441736509450,"33,341",67% bullish,of 3 ratings,$600
SNAK,$8.36,1441736509515,"21,903",50% bullish,of 2 ratings,$14
ISBC,$11.925,1441736509641,"567,920",100% bullish,of 1 rating,$13.25
ISTR,$15.92,1441736509718,"1,902",100% bearish,of 1 rating,$18.50
IPAS,$1.08,1441736509748,"3,450",67% bullish,of 3 ratings,N/A
ITIC,$70.95,1441736509802,100,100% bearish,of 2 ratings,N/A
DTUL,NULL,1441736509847,0,Not yet rated,NULL,N/A
NVIV,$10.95,1441736509874,"255,127",50% bullish,of 4 ratings,$24.50
IVTY,$14.23,1441736509902,"10,760",Not yet rated,NULL,$18
DFVL,NULL,1441736510038,0,Not yet rated,NULL,N/A
IPGP,$83.3993,1441736510187,"140,372",67% bearish,of 3 ratings,$109.50
IPCM,$79.2,1441736510276,"74,078",50% bullish,of 2 ratings,$80.125
IRMD,$24.68,1441736510327,"9,143",67% bearish,of 3 ratings,$25
IRIX,$6.85,1441736510408,"1,353",100% bearish,of 1 rating,N/A
IRDM,$6.89,1441736510435,"169,735",60% bullish,of 5 ratings,$11.50
IRDMB,$281.5,1441736510511,150,67% bearish,of 3 ratings,N/A
IRBT,$30.3959,1441736510645,"76,392",67% bullish,of 6 ratings,$37
IRWD,$11.22,1441736510672,"446,710",100% bearish,of 1 rating,$13
IRCP,NULL,1441736510701,0,100% bullish,of 2 ratings,N/A
GNMA,$50.2499,1441736510733,"3,729",Not yet rated,NULL,N/A
COMT,$33.43,1441736510832,"2,569",100% bearish,of 1 rating,N/A
FCHI,NULL,1441736510857,0,NULL,NULL,NULL
IFAS,NULL,1441736510883,0,NULL,NULL,NULL
IFEU,$37.82,1441736510987,400,Not yet rated,NULL,N/A
IFGL,$28.07,1441736511061,"62,287",Not yet rated,NULL,N/A
IFNA,NULL,1441736511159,0,NULL,NULL,NULL
AAIT,NULL,1441736511265,0,NULL,NULL,NULL
AXJS,NULL,1441736511287,0,NULL,NULL,NULL
ACWX,$40.13,1441736511313,"389,514",100% bearish,of 1 rating,N/A
ACWI,$55.25,1441736511339,"1,374,931",Not yet rated,NULL,N/A
AAXJ,$52.8,1441736511475,"442,220",Not yet rated,NULL,N/A
EEME,NULL,1441736511493,0,NULL,NULL,NULL
EEMA,$49.46,1441736511525,"16,063",Not yet rated,NULL,N/A
EMDI,NULL,1441736511571,0,NULL,NULL,NULL
EMEY,NULL,1441736511670,0,NULL,NULL,NULL
EGRW,NULL,1441736511698,0,NULL,NULL,NULL
EEML,NULL,1441736511781,0,Not yet rated,NULL,N/A
EVAL,NULL,1441736511912,0,NULL,NULL,NULL
EUFN,$21.51,1441736512053,"56,936",100% bearish,of 1 rating,N/A
IEUS,$45.42,1441736512132,"1,515",100% bearish,of 1 rating,N/A
QAT,$21.16,1441736512192,"1,500",Not yet rated,NULL,N/A
IBB,$348.54,1441736512264,"543,434",67% bullish,of 9 ratings,N/A
UAE,$17.799,1441736512318,"1,600",Not yet rated,NULL,N/A
SOXX,$84.31,1441736512344,"237,610",50% bullish,of 2 ratings,N/A
WOOD,$48.0599,1441736512424,"3,820",50% bullish,of 2 ratings,N/A
ICLN,$9.39,1441736512474,"15,759",50% bullish,of 2 ratings,N/A
EMIF,$28.03,1441736512516,"2,745",Not yet rated,NULL,N/A
ISHG,$79.755,1441736512649,459,100% bearish,of 1 rating,N/A
INDY,$26.5199,1441736512677,"613,629",50% bullish,of 2 ratings,N/A
IGOV,$91.2736,1441736512701,"14,013",100% bearish,of 1 rating,N/A
ISIS,$53.7287,1441736512862,"363,086",53% bullish,of 15 ratings,$67
ISLE,$19.7753,1441736512994,"210,919",50% bullish,of 4 ratings,$17
ISRL,$125.71,1441736513223,103,100% bearish,of 1 rating,N/A
ITUS,$4.15,1441736513283,"9,624",Not yet rated,NULL,N/A
ITRI,$28.93,1441736513314,"43,874",100% bearish,of 1 rating,$37
ITRN,$23.62,1441736513336,857,50% bullish,of 2 ratings,N/A
IXYS,$11.57,1441736513357,"34,591",50% bullish,of 4 ratings,N/A
XXIA,$14.995,1441736513399,"223,048",71% bullish,of 7 ratings,$14.625
JJSF,$115.76,1441736513426,"17,776",100% bearish,of 1 rating,N/A
MAYS,$58.8,1441736513486,121,Not yet rated,NULL,N/A
JBHT,$76.48,1441736513752,"252,750",50% bullish,of 4 ratings,$89.50
JASO,$7.92,1441736513779,"388,603",82% bullish,of 17 ratings,$10
JCOM,$67.8701,1441736513804,"52,396",100% bullish,of 2 ratings,$77
JKHY,$68.05,1441736513977,"73,204",67% bearish,of 3 ratings,$72
JACK,$79.17,1441736514006,"108,235",71% bullish,of 7 ratings,$105
JXSB,NULL,1441736514031,0,Not yet rated,NULL,N/A
JAKK,$9.78,1441736514056,"291,285",60% bearish,of 5 ratings,$11
JAGX,$3.3301,1441736514110,"7,600",Not yet rated,NULL,$10.50
JMBA,$14.17,1441736514254,"66,761",75% bullish,of 4 ratings,$18
JAXB,$13.15,1441736514283,222,100% bullish,of 1 rating,N/A
JASNW,NULL,1441736514310,0,50% bullish,of 2 ratings,N/A
JRVR,$27.99,1441736514443,"16,110",Not yet rated,NULL,$32
JASN,$4.85,1441736514468,"4,654",50% bullish,of 2 ratings,$9.50
ERW,NULL,1441736514493,0,Not yet rated,NULL,N/A
JAZZ,$166.69,1441736514514,"105,314",80% bullish,of 15 ratings,$206.50
JD,$24.35,1441736514675,"10,982,659",75% bullish,of 16 ratings,$36
JTPY,$2.9699,1441736514899,"11,800",100% bearish,of 1 rating,N/A
JBLU,$24.705,1441736514934,"3,146,053",94% bullish,of 18 ratings,$27
JST,$3.6712,1441736514955,"4,833",75% bullish,of 4 ratings,N/A
DATE,$5.9401,1441736514983,"31,324",75% bullish,of 4 ratings,$9
JIVE,$4.7075,1441736515012,"1,595,838",75% bullish,of 4 ratings,$5
JCTCF,NULL,1441736515042,0,100% bullish,of 1 rating,N/A
WYIGU,$9.95,1441736515063,"2,100",100% bearish,of 1 rating,N/A
JOEZ,$0.1602,1441736515192,"263,192",92% bullish,of 12 ratings,N/A
JBSS,$51.65,1441736515347,"20,150",67% bearish,of 3 ratings,N/A
JOUT,$25.01,1441736515398,"14,307",100% bearish,of 1 rating,$34
JNP,$13.6,1441736515425,"82,997",100% bullish,of 3 ratings,$15
JUNO,$38.78,1441736515503,"536,421",73% bullish,of 11 ratings,$67
KTWO,$20.79,1441736515585,"31,449",100% bearish,of 1 rating,$28.50
KALU,$83.135,1441736515718,"46,268",67% bearish,of 3 ratings,$91
KBIO,$3.5,1441736515753,"836,465",50% bullish,of 4 ratings,N/A
KNDI,$6.3199,1441736515851,"132,548",86% bullish,of 22 ratings,N/A
KMDA,$3.52,1441736515881,"2,540",50% bullish,of 2 ratings,$8
KCLI,$46.447,1441736515910,"4,107",Not yet rated,NULL,N/A
KBSF,NULL,1441736515981,0,100% bullish,of 1 rating,N/A
KPTI,$14.29,1441736516043,"42,047",67% bearish,of 3 ratings,$35.50
KRNY,$11.15,1441736516211,"484,437",100% bearish,of 1 rating,$12.50
