Symbol,Price,Date,Volume,Rating,RatingVoteCount,OneYearEstimate
FCTY,$7.85,1441120203056,"1,000",100% bullish,of 1 rating,$8.50
SRCE,$29.4,1441120203331,"6,925",100% bullish,of 3 ratings,$33
VNET,$17.54,1441120203391,"165,912",60% bullish,of 5 ratings,$35
TWOU,$34.2,1441120203417,"68,860",50% bullish,of 2 ratings,$39
PIH,$7.3423,1441120203462,850,100% bearish,of 1 rating,N/A
FLWS,$8.3,1441120203750,"87,609",80% bullish,of 5 ratings,$15
JOBS,$25.74,1441120203793,"27,493",50% bullish,of 4 ratings,$36
FCCY,$11.5,1441120203817,100,100% bullish,of 1 rating,$13
DGLD,$79.89,1441120203881,"5,953",100% bullish,of 1 rating,N/A
DSLV,$69.4595,1441120204105,"7,158",100% bearish,of 1 rating,N/A
UGLD,$9.38,1441120204208,"104,169",100% bearish,of 1 rating,N/A
USLV,$12.362,1441120204235,"63,196",86% bullish,of 7 ratings,N/A
AVHI,$13.82,1441120204857,"4,122",100% bearish,of 1 rating,$19
SIXD,$2.3299,1441120204881,"41,647",Not yet rated,NULL,N/A
EGHT,$7.71,1441120204906,"68,629",82% bullish,of 17 ratings,$11
CAFD,$14.68,1441120205074,"40,107",Not yet rated,NULL,$25
ABGB,$5.75,1441120205179,"32,936",67% bullish,of 3 ratings,$5.50
SHLM,$33.4,1441120205311,"13,745",100% bearish,of 1 rating,$47
AAON,$20.14,1441120205493,"21,657",100% bearish,of 1 rating,$24
ABAX,$47.09,1441120205518,"41,887",100% bearish,of 1 rating,$60
ABY,$22.02,1441120205543,"131,724",100% bearish,of 2 ratings,$46
ABEO,$4.66,1441120205724,"21,474",50% bullish,of 4 ratings,$15.50
ABEOW,$1.6001,1441120205924,550,100% bullish,of 1 rating,N/A
ABMD,$95.54,1441120206004,"77,116",75% bullish,of 4 ratings,$100.50
AXAS,$1.91,1441120206332,"230,800",78% bullish,of 9 ratings,$3.50
ACTG,$9.1,1441120206464,"36,918",67% bullish,of 3 ratings,$18.50
ACHC,$71.69,1441120206489,"70,991",50% bullish,of 2 ratings,$92
ACST,$0.35,1441120206726,"1,300",100% bullish,of 2 ratings,N/A
ACAD,$36.32,1441120206751,"158,620",80% bullish,of 20 ratings,$48
XLRN,$28.96,1441120207031,"17,286",50% bullish,of 2 ratings,$57
AXDX,$19.74,1441120207098,"27,406",100% bearish,of 1 rating,N/A
ARAY,$6.77,1441120207123,"112,714",100% bearish,of 1 rating,$10.50
ANCX,$20.1,1441120207184,"3,692",Not yet rated,NULL,$20
VXDN,$1.7851,1441120207335,"79,299",100% bearish,of 1 rating,N/A
ACRX,$4.37,1441120207639,"92,383",67% bearish,of 6 ratings,$5.50
VXUP,$1.72,1441120207783,"42,593",100% bearish,of 1 rating,N/A
ACOR,$32.21,1441120207937,"107,324",67% bearish,of 3 ratings,$38.50
ACIW,$21.19,1441120208140,"41,593",67% bearish,of 3 ratings,$24
ACHN,$7.2,1441120208189,"322,672",90% bullish,of 21 ratings,$16
ACNB,$19.85,1441120208216,"1,007",Not yet rated,NULL,N/A
ACET,$21.99,1441120208237,"16,325",75% bullish,of 4 ratings,$30
AKAO,$6.96,1441120208270,"6,984",75% bullish,of 4 ratings,$15
TFSCR,NULL,1441120208369,0,Not yet rated,NULL,N/A
TFSCU,NULL,1441120208395,0,Not yet rated,NULL,N/A
ACTS,$1.6308,1441120208552,"4,608",100% bearish,of 1 rating,N/A
TFSCW,NULL,1441120208623,0,100% bearish,of 1 rating,N/A
ACTA,$14.02,1441120208681,"8,894",67% bearish,of 3 ratings,$25
ATVI,$27.92,1441120208706,"2,008,768",67% bullish,of 84 ratings,$31.50
TFSC,NULL,1441120208775,0,100% bearish,of 1 rating,N/A
ACPW,$2.0172,1441120208802,"16,743",100% bullish,of 4 ratings,$3.25
ACUR,$2.9399,1441120209224,"7,559",100% bullish,of 5 ratings,$5
ADMS,$19.8,1441120209249,"10,579",100% bearish,of 2 ratings,$36
ADAP,$11.355,1441120209296,"30,806",67% bullish,of 3 ratings,$22
ADMP,$3.64,1441120209383,561,50% bullish,of 2 ratings,$10
ACXM,$20.77,1441120209404,"37,112",67% bullish,of 3 ratings,N/A
ADUS,$28.5,1441120209433,"8,832",100% bearish,of 1 rating,$31
ADEP,$6.66,1441120209487,"40,681",50% bullish,of 2 ratings,$10.75
ADBE,$77.29,1441120209617,"480,551",65% bullish,of 17 ratings,$90
ADTN,$15.875,1441120209642,"43,359",67% bullish,of 3 ratings,$17.125
AEY,$2.4,1441120209677,"1,100",100% bearish,of 2 ratings,N/A
ADMA,$9.2767,1441120209777,"2,150",Not yet rated,NULL,$19
AMD,$1.785,1441120209814,"984,898",83% bullish,of 103 ratings,$2
ADRO,$18.49,1441120209843,"74,641",80% bullish,of 5 ratings,$45.50
ADXS,$14.33,1441120209909,"143,964",64% bullish,of 14 ratings,$27
AEIS,$24.11,1441120209938,"35,197",50% bullish,of 2 ratings,$32.50
ADXSW,$10.48,1441120210004,"5,778",100% bullish,of 1 rating,N/A
AEGR,$17.77,1441120210265,"55,869",50% bullish,of 6 ratings,$26
MULT,NULL,1441120210294,0,100% bearish,of 1 rating,N/A
AEHR,$2.37,1441120210350,"4,644",50% bullish,of 2 ratings,N/A
YPRO,NULL,1441120210391,0,100% bearish,of 1 rating,N/A
AEGN,$18.11,1441120210483,"25,646",100% bearish,of 2 ratings,$21
AEPI,$54.83,1441120210516,"2,400",100% bearish,of 1 rating,N/A
AMTX,$2.93,1441120210538,"3,764",50% bullish,of 2 ratings,$26.11
AERI,$15.79,1441120210567,"96,318",75% bullish,of 4 ratings,$31.50
AEZS,$0.0864,1441120210619,"3,216,684",90% bullish,of 21 ratings,$1.50
AVAV,$23.58,1441120210703,"14,498",50% bullish,of 4 ratings,$31
AEMD,$7.43,1441120210751,"6,938",Not yet rated,NULL,$27.50
AFMD,$10.055,1441120210806,"26,295",50% bullish,of 4 ratings,$15
AGRX,$8.63,1441120210948,"2,232",100% bearish,of 1 rating,$17.50
AFFX,$9.21,1441120210973,"57,966",80% bullish,of 5 ratings,$12.50
AGIO,$84.5,1441120211156,"60,974",88% bullish,of 8 ratings,$114
AGYS,$10.16,1441120211287,"1,848",100% bearish,of 1 rating,N/A
AIMT,$20.81,1441120211413,"30,666",Not yet rated,NULL,$35.50
AIRM,$35.81,1441120211449,"40,053",80% bearish,of 5 ratings,$53
AGFS,$9.905,1441120211471,"23,205",100% bearish,of 1 rating,N/A
AGEN,$7.05,1441120211504,"115,642",85% bullish,of 13 ratings,$14
AGFSW,$2.01,1441120211532,500,100% bearish,of 2 ratings,N/A
ATSG,$8.89,1441120211558,"22,842",67% bullish,of 3 ratings,$13
AIRT,$22.3,1441120211579,504,100% bullish,of 1 rating,N/A
AMCN,$4.42,1441120211618,"65,340",83% bullish,of 6 ratings,N/A
AKAM,$71.22,1441120211719,"396,434",63% bullish,of 8 ratings,$77.50
AIXG,$6.29,1441120211801,"2,043",67% bearish,of 3 ratings,$5.25
AKBA,$7.29,1441120211908,"70,149",100% bearish,of 1 rating,$18
AKER,$2.55,1441120211986,20,Not yet rated,NULL,N/A
AKRX,$39.1,1441120212092,"104,926",78% bullish,of 9 ratings,$56
ALRM,$16.3,1441120212164,"29,602",100% bearish,of 1 rating,$22
ADHD,$8.16,1441120212307,"23,720",50% bullish,of 4 ratings,$18
ABDC,$12.77,1441120212336,"1,100",Not yet rated,NULL,$15
ALSK,$2.194,1441120212365,"37,304",78% bullish,of 18 ratings,$2
AMRI,$20.03,1441120212395,"30,458",75% bearish,of 4 ratings,$24
ALDX,$7.1699,1441120212443,"1,100",100% bearish,of 1 rating,$14.50
ALDR,$38.86,1441120212499,"85,804",67% bearish,of 3 ratings,$62
ALXA,$1.2,1441120212575,"17,280",83% bullish,of 6 ratings,$2.125
ALXN,$173.095,1441120212631,"340,729",88% bullish,of 8 ratings,$223
ALCO,$41.99,1441120212678,563,50% bullish,of 2 ratings,N/A
ALIM,$3.26,1441120212763,"15,012",80% bullish,of 5 ratings,$10
ALGN,$55.225,1441120212788,"116,309",100% bearish,of 2 ratings,$73
ALKS,$61.85,1441120212847,"360,302",67% bullish,of 3 ratings,$75
ALLB,$22.55,1441120213009,102,Not yet rated,NULL,N/A
ALGT,$199,1441120213034,"40,989",100% bearish,of 2 ratings,$235
AHGP,$35.37,1441120213110,"14,518",67% bullish,of 3 ratings,N/A
AHPI,$1.49,1441120213237,200,50% bullish,of 2 ratings,N/A
ARLP,$25.34,1441120213274,"36,599",67% bearish,of 3 ratings,$32
AIQ,$14.14,1441120213295,"1,809",67% bullish,of 3 ratings,N/A
AFOP,$18.63,1441120213316,"34,050",75% bullish,of 8 ratings,$21
AMOT,$18.83,1441120213337,"20,303",100% bearish,of 1 rating,N/A
ALQA,$4.6302,1441120213381,"12,345",75% bullish,of 4 ratings,$8.50
ALLT,$5.13,1441120213471,"12,564",75% bullish,of 4 ratings,$6.25
ALNY,$100.3029,1441120213512,"193,424",67% bullish,of 3 ratings,$151.50
SMCP,$22.9899,1441120213647,"2,400",Not yet rated,NULL,N/A
MDRX,$13.55,1441120213701,"301,606",60% bullish,of 5 ratings,$16
AFAM,$43.87,1441120213722,"8,897",50% bullish,of 2 ratings,$44
AOSL,$7.49,1441120213807,"12,435",67% bullish,of 3 ratings,$9
ATEC,$0.5809,1441120213890,"7,700",100% bullish,of 1 rating,$2
ASPS,$26.395,1441120213941,"64,012",67% bullish,of 3 ratings,$46.50
AIMC,$24.42,1441120213966,"10,028",100% bearish,of 2 ratings,$28.50
AMRN,$2.2,1441120214019,"397,489",85% bullish,of 39 ratings,$8
ALTR,$48.49,1441120214049,"472,698",80% bearish,of 5 ratings,$54
AMRK,$10.6,1441120214099,600,50% bullish,of 2 ratings,$14
AMAG,$62.16,1441120214126,"126,740",100% bullish,of 2 ratings,$77.50
AMZN,$508.412,1441120214156,"590,118",81% bullish,of 265 ratings,$646
AMBA,$91.39,1441120214286,"1,231,353",83% bullish,of 12 ratings,$102.50
AYA,$20.1,1441120214318,"5,950",100% bearish,of 1 rating,$40
AMBCW,NULL,1441120214418,0,100% bearish,of 1 rating,N/A
EPAX,$2.68,1441120214597,"12,566",100% bearish,of 1 rating,N/A
AMDA,$0.4675,1441120214702,"136,792",90% bullish,of 10 ratings,$1
DOX,$56.66,1441120214723,"41,580",67% bearish,of 3 ratings,$60
AMCX,$71.23,1441120214752,"60,677",67% bullish,of 3 ratings,$87.50
UHAL,$369.9551,1441120214784,"2,652",100% bullish,of 2 ratings,$393.50
AMBC,$16.12,1441120214816,"26,547",100% bearish,of 1 rating,$16.50
ASBI,$22.58,1441120214852,300,Not yet rated,NULL,N/A
AMED,$38.58,1441120214879,"58,326",100% bearish,of 1 rating,$42
AMOV,$17.75,1441120214923,189,100% bearish,of 1 rating,N/A
ATAX,$5.37,1441120215049,"19,718",100% bullish,of 1 rating,$6.50
AAL,$39.01,1441120215078,"3,297,716",93% bullish,of 88 ratings,$57
AGNCB,$24.26,1441120215118,"5,654",Not yet rated,NULL,N/A
AGNC,$19.05,1441120215180,"465,438",71% bullish,of 28 ratings,$22
AGNCP,$25.36,1441120215272,"2,023",Not yet rated,NULL,N/A
MTGE,$15.16,1441120215348,"99,864",75% bullish,of 4 ratings,$19.50
MTGEP,$24.3,1441120215403,450,Not yet rated,NULL,N/A
ACSF,$12.2087,1441120215453,"7,071",100% bearish,of 1 rating,$15
AETI,NULL,1441120215534,0,67% bearish,of 3 ratings,N/A
AMIC,NULL,1441120215585,0,100% bearish,of 1 rating,N/A
ACAS,$13.645,1441120215626,"371,228",60% bullish,of 5 ratings,$16.75
ANCI,NULL,1441120215660,0,100% bearish,of 1 rating,N/A
AMNB,$23.58,1441120215689,906,Not yet rated,NULL,$25.50
APEI,$21.88,1441120215790,"20,928",100% bearish,of 1 rating,$25.50
ANAT,$98.12,1441120215818,"4,449",100% bullish,of 1 rating,N/A
AMRB,$10.05,1441120215964,"3,172",Not yet rated,NULL,$11
ARII,$40.25,1441120215992,"51,351",67% bearish,of 3 ratings,$45
AMSWA,$9.005,1441120216021,"15,337",100% bearish,of 2 ratings,$10.75
ASEI,$38.76,1441120216061,"3,918",100% bearish,of 1 rating,$52.50
AMSC,$5.12,1441120216123,"41,287",50% bullish,of 4 ratings,N/A
AMWD,$64.36,1441120216187,"21,065",50% bullish,of 2 ratings,$70
ASRVP,NULL,1441120216290,0,Not yet rated,NULL,N/A
CRMT,$35.6,1441120216430,"8,259",100% bearish,of 1 rating,$39
ABCB,$26.64,1441120216460,"9,206",Not yet rated,NULL,$31
ATLO,$23.5001,1441120216481,807,Not yet rated,NULL,N/A
AMSF,$46.27,1441120216502,"1,862",Not yet rated,NULL,$57.50
ASRV,$3.2101,1441120216546,"11,187",100% bullish,of 2 ratings,N/A
AMGN,$148.8367,1441120216567,"1,141,880",89% bullish,of 19 ratings,$185
FOLD,$14.51,1441120216632,"436,459",56% bullish,of 9 ratings,$21
AMSG,$77.72,1441120216819,"28,674",100% bearish,of 1 rating,$85.50
AMKR,$5.11,1441120216844,"433,444",100% bearish,of 2 ratings,$5
AMPH,$13.09,1441120216869,"50,715",50% bullish,of 2 ratings,$20
AFSI,$56.7,1441120217008,"90,960",60% bullish,of 5 ratings,$72
ASYS,$5.48,1441120217057,"5,042",67% bullish,of 3 ratings,$12
AMRS,$1.792,1441120217111,"38,972",70% bullish,of 10 ratings,N/A
ANAD,$0.3329,1441120217189,"63,201",100% bullish,of 2 ratings,$.50
ANAC,$128.3501,1441120217223,"62,781",80% bullish,of 5 ratings,$180.50
AMSGP,$148.51,1441120217244,400,Not yet rated,NULL,N/A
ADI,$54.295,1441120217279,"475,681",67% bullish,of 3 ratings,$69
ANCB,NULL,1441120217319,0,Not yet rated,NULL,$23
ALOG,$79.58,1441120217352,"2,946",100% bearish,of 2 ratings,$100.50
ABCW,$41,1441120217454,800,67% bullish,of 3 ratings,N/A
AMCF,$0.1991,1441120217635,"5,170",100% bullish,of 7 ratings,N/A
ANGI,$5.26,1441120217682,"82,203",64% bullish,of 11 ratings,$5.50
ANGO,$14.59,1441120217761,"18,931",67% bullish,of 3 ratings,$19
ANIK,$34.83,1441120217786,"15,045",60% bullish,of 5 ratings,$51.25
ANIP,$50.15,1441120217810,"53,948",89% bullish,of 19 ratings,$66
ATRS,$1.845,1441120217862,"52,115",92% bullish,of 12 ratings,$4.50
ANTH,$6.945,1441120217954,"224,734",80% bullish,of 10 ratings,$13
APIC,$6.74,1441120218063,"26,347",100% bearish,of 1 rating,$19
APOG,$51.72,1441120218098,"21,271",50% bullish,of 2 ratings,$67
ABAC,$0.71,1441120218119,"4,600",100% bearish,of 1 rating,N/A
ANSS,$87.44,1441120218151,"56,386",100% bearish,of 1 rating,$100
AINV,$6.32,1441120218182,"462,345",50% bullish,of 4 ratings,$8
ATNY,NULL,1441120218207,0,50% bullish,of 2 ratings,$3.75
APOL,$11.1,1441120218247,"196,838",87% bearish,of 68 ratings,$14
APPF,$15.41,1441120218475,"9,831",50% bullish,of 2 ratings,$22
ARCI,$1.25,1441120218500,20,Not yet rated,NULL,N/A
AAPL,$111.039,1441120218555,"13,535,000",86% bullish,of 2358 ratings,$150
AMAT,$15.9,1441120218637,"2,959,483",82% bullish,of 11 ratings,$23
APDN,$3.5263,1441120218690,"12,581",Not yet rated,NULL,$9
APDNW,$1.48,1441120218717,"10,080",Not yet rated,NULL,N/A
AGTC,$16.3,1441120218746,"9,414",50% bullish,of 2 ratings,$33
AMCC,$5.76,1441120218767,"57,287",80% bullish,of 5 ratings,$8
AAOI,$20.42,1441120218801,"46,952",50% bullish,of 4 ratings,$26
AREX,$2.375,1441120218895,"257,178",50% bullish,of 2 ratings,$3
AQXP,$16.9846,1441120218997,"55,166",50% bullish,of 2 ratings,$2
AUMA,$9.9,1441120219072,100,Not yet rated,NULL,N/A
AQMS,$4.84,1441120219101,460,Not yet rated,NULL,N/A
APRI,$1.75,1441120219170,"472,237",83% bullish,of 6 ratings,$4.86
APTO,$5.3,1441120219198,800,Not yet rated,NULL,$17
AUMAU,NULL,1441120219218,0,Not yet rated,NULL,N/A
ARDM,NULL,1441120219345,0,100% bullish,of 1 rating,$26
PETX,$18.03,1441120219445,"33,336",100% bearish,of 2 ratings,$26
ABIO,$0.9,1441120219502,"9,203",50% bullish,of 2 ratings,$3.75
ARCB,$28.17,1441120219528,"20,922",67% bearish,of 3 ratings,$39.50
AUMAW,NULL,1441120219556,0,Not yet rated,NULL,N/A
ABUS,$6.87,1441120219583,"116,876",86% bullish,of 14 ratings,$23
ARCW,$3.73,1441120219683,"2,013",100% bearish,of 2 ratings,$10.50
ACGL,$68.15,1441120219709,"83,840",50% bullish,of 2 ratings,$72
RKDA,$6.2094,1441120219765,"1,627",100% bearish,of 2 ratings,$10
ACAT,$25.85,1441120220012,"10,946",100% bearish,of 3 ratings,$33
ARNA,$2.65,1441120220043,"446,983",90% bullish,of 78 ratings,$5.50
ARCC,$15.33,1441120220065,"415,859",67% bearish,of 3 ratings,$17.75
AGIIL,$25.03,1441120220154,58,Not yet rated,NULL,N/A
ARDX,$18.9,1441120220193,"26,984",50% bullish,of 2 ratings,$24.50
AGII,$55.4,1441120220283,"17,250",Not yet rated,NULL,$59.50
ARIA,$9.0925,1441120220311,"1,310,792",87% bullish,of 46 ratings,$9
ARKR,$24.74,1441120220346,42,50% bullish,of 2 ratings,N/A
ARGS,$6.16,1441120220376,"18,774",50% bullish,of 2 ratings,$19.50
ARIS,$3.74,1441120220444,"4,766",Not yet rated,NULL,$4.50
ARMH,$41.96,1441120220475,"298,057",54% bearish,of 13 ratings,$60
ARTX,$1.52,1441120220501,"43,537",88% bullish,of 16 ratings,$4.50
ARWA,NULL,1441120220581,0,Not yet rated,NULL,N/A
ARWAW,NULL,1441120220730,0,Not yet rated,NULL,N/A
ARWAU,$10.2,1441120220757,200,100% bullish,of 1 rating,N/A
ARWAR,NULL,1441120220782,0,Not yet rated,NULL,N/A
ARQL,$1.65,1441120220942,"18,344",75% bullish,of 4 ratings,$5
DWAT,$9.74,1441120221019,"7,900",100% bearish,of 1 rating,N/A
AROW,$27.15,1441120221057,"3,806",Not yet rated,NULL,N/A
ARRY,$5.85,1441120221078,"317,843",100% bullish,of 7 ratings,$10
ARRS,$26.08,1441120221107,"163,321",50% bullish,of 2 ratings,$38
ARTW,$4.176,1441120221155,"1,716",75% bearish,of 4 ratings,N/A
ARTNA,$21.9899,1441120221182,"4,356",100% bearish,of 1 rating,$29
ARWR,$5.785,1441120221259,"190,607",75% bullish,of 4 ratings,$10.50
ASNA,$12.01,1441120221318,"378,071",50% bullish,of 2 ratings,$18
ASND,$19.51,1441120221345,"14,011",50% bullish,of 2 ratings,$30
ASBB,$24.11,1441120221365,100,Not yet rated,NULL,N/A
ASTI,$0.1947,1441120221534,"7,818,633",83% bullish,of 6 ratings,$3
ASCMA,$27.85,1441120221561,"13,773",100% bearish,of 1 rating,$45
APWC,$1.72,1441120221697,100,100% bearish,of 1 rating,N/A
ASMI,NULL,1441120221719,0,NULL,NULL,NULL
AZPN,$37.84,1441120221747,"58,692",50% bullish,of 2 ratings,$42
ASMB,$13.85,1441120221771,"14,451",67% bullish,of 3 ratings,N/A
ASML,$90.03,1441120221797,"135,382",50% bullish,of 4 ratings,$127
ASFI,$8.9,1441120221933,"4,000",100% bullish,of 1 rating,N/A
ATRO,$50.15,1441120222015,"17,986",100% bearish,of 2 ratings,$80
ASUR,$5.38,1441120222043,"1,748",50% bullish,of 2 ratings,$8
ASTC,$2.0688,1441120222065,"6,671",100% bullish,of 5 ratings,N/A
ALOT,$13.59,1441120222099,"1,196",100% bearish,of 1 rating,N/A
ASTE,$38.7,1441120222121,"14,773",100% bearish,of 1 rating,$49
ATAI,$2.3604,1441120222262,"22,264",100% bearish,of 1 rating,N/A
ATHN,$131.766,1441120222298,"37,880",67% bearish,of 3 ratings,$153
ATRA,$39.5,1441120222350,"31,604",50% bullish,of 2 ratings,$68
AFCB,NULL,1441120222396,0,Not yet rated,NULL,N/A
ATHX,$1.12,1441120222421,"44,767",89% bullish,of 9 ratings,$5
ATLC,$3.93,1441120222712,"2,190",67% bullish,of 3 ratings,N/A
AAME,NULL,1441120222738,0,Not yet rated,NULL,N/A
ATNI,$71.22,1441120222769,"5,098",100% bearish,of 1 rating,$69.50
AAPC,$10.1,1441120222789,8,Not yet rated,NULL,N/A
AFH,$16,1441120222825,"12,231",Not yet rated,NULL,$21.50
AAWW,$39.26,1441120222846,"57,753",50% bullish,of 2 ratings,$65
ACFC,$5.33,1441120222867,"10,207",100% bearish,of 1 rating,$6.50
ATOS,$0.78,1441120222888,"10,818",100% bullish,of 7 ratings,$7
ATML,$8.01,1441120223026,"1,669,914",78% bullish,of 9 ratings,$9.50
ATRI,$386.9,1441120223189,406,Not yet rated,NULL,N/A
ATRC,$24.31,1441120223219,"30,187",100% bullish,of 1 rating,$30
ATRM,$2.72,1441120223321,400,50% bullish,of 2 ratings,N/A
ATTU,$12.79,1441120223418,"27,988",100% bearish,of 1 rating,$20.50
AUDC,$3.35,1441120223454,"8,958",80% bullish,of 5 ratings,$5
LIFE,$14,1441120223487,"28,003",86% bullish,of 7 ratings,$43
AUBN,$26.95,1441120223517,233,Not yet rated,NULL,N/A
AUPH,$3.4799,1441120223587,"22,250",100% bearish,of 1 rating,$8
ADAT,$0.289,1441120223618,"54,556",100% bullish,of 2 ratings,N/A
EARS,$4.62,1441120223651,"2,604",100% bearish,of 2 ratings,$11
ABTL,$17.97,1441120223721,"16,323",100% bullish,of 4 ratings,$20.25
AAVL,$10.43,1441120223755,"65,770",100% bearish,of 1 rating,$20
ADSK,$46.32,1441120223853,"812,876",67% bullish,of 6 ratings,$66
ADP,$75.87,1441120223881,"372,158",100% bearish,of 1 rating,$88
AVGO,$122.67,1441120223905,"780,602",88% bullish,of 8 ratings,$165
AVNW,$1.16,1441120224127,"5,650",50% bullish,of 2 ratings,N/A
CAR,$43.21,1441120224166,"303,164",80% bullish,of 5 ratings,$60
AVNU,$12.54,1441120224258,"6,240",Not yet rated,NULL,$14
AVEO,$1.39,1441120224341,"279,716",75% bullish,of 8 ratings,$3
AWRE,$3.25,1441120224371,"1,354",67% bullish,of 3 ratings,N/A
ACLS,$3.22,1441120224392,"67,938",67% bullish,of 6 ratings,$4.75
AVID,$8.26,1441120224427,"164,111",100% bearish,of 1 rating,$20
AVGR,$14.95,1441120224521,"4,521",100% bearish,of 1 rating,$20
AXGN,$4.61,1441120224612,"16,731",Not yet rated,NULL,$5
AXPW,$2.1615,1441120224644,"1,198,249",83% bullish,of 6 ratings,N/A
AXTI,$2.17,1441120224743,"3,307",50% bullish,of 2 ratings,$2.75
AXPWW,$1.0001,1441120224773,100,Not yet rated,NULL,N/A
BCOM,NULL,1441120224873,0,100% bearish,of 1 rating,N/A
RILY,NULL,1441120224905,0,Not yet rated,NULL,N/A
BOSC,$2.1501,1441120224930,200,50% bullish,of 2 ratings,N/A
BEAV,$48.32,1441120225002,"231,467",67% bearish,of 3 ratings,$59
BIDU,$145.635,1441120225031,"1,027,810",81% bullish,of 88 ratings,$210
BWINB,$22.9,1441120225206,800,Not yet rated,NULL,N/A
BWINA,NULL,1441120225239,0,Not yet rated,NULL,N/A
BLDP,$1.35,1441120225272,"93,034",91% bullish,of 22 ratings,$2.50
BANFP,NULL,1441120225294,0,Not yet rated,NULL,N/A
BCPC,$58.2,1441120225325,"23,486",100% bearish,of 1 rating,$75
BANF,$58.6162,1441120225379,"2,515",Not yet rated,NULL,$68
BKMU,$7.1,1441120225407,"3,503",Not yet rated,NULL,$8
BMRC,$48.015,1441120225566,"1,430",Not yet rated,NULL,$52
BOCH,$5.72,1441120225591,"1,384",Not yet rated,NULL,$6.50
BKSC,NULL,1441120225763,0,Not yet rated,NULL,N/A
BOTJ,$11.11,1441120225792,25,Not yet rated,NULL,N/A
BFIN,$12.215,1441120225895,"3,054",Not yet rated,NULL,$13
OZRK,$40.7825,1441120225974,"55,231",67% bullish,of 3 ratings,$49.50
BANR,$43.57,1441120226027,"18,817",100% bullish,of 3 ratings,$50
BWFG,$17.85,1441120226054,200,100% bearish,of 1 rating,N/A
TAPR,NULL,1441120226191,0,100% bearish,of 1 rating,N/A
BZUN,$4.99,1441120226239,"60,707",50% bullish,of 2 ratings,$11.50
BHAC,NULL,1441120226286,0,Not yet rated,NULL,N/A
BHACU,NULL,1441120226317,0,Not yet rated,NULL,N/A
BHACR,NULL,1441120226421,0,Not yet rated,NULL,N/A
BHACW,NULL,1441120226448,0,Not yet rated,NULL,N/A
BBCN,$14.03,1441120226788,"29,109",100% bearish,of 1 rating,$16
BYLK,$12.8601,1441120226827,"3,801",Not yet rated,NULL,$14
BYBK,NULL,1441120226888,0,100% bearish,of 1 rating,N/A
BBSI,$34.72,1441120226915,"8,422",67% bearish,of 3 ratings,$62.50
BCBP,NULL,1441120226965,0,Not yet rated,NULL,N/A
BDCV,$4.95,1441120227073,"4,581",100% bearish,of 1 rating,$10.19
BECN,$35.44,1441120227094,"28,776",50% bullish,of 2 ratings,$40
BV,$5.24,1441120227125,"98,139",67% bullish,of 6 ratings,$9
BSF,$8.39,1441120227145,713,Not yet rated,NULL,N/A
BBGI,$3.96,1441120227176,100,100% bearish,of 1 rating,N/A
BBBY,$61.055,1441120227344,"181,998",71% bullish,of 7 ratings,$75
BELFB,$17.43,1441120227416,"2,982",100% bearish,of 1 rating,N/A
BELFA,$14.87,1441120227486,218,100% bearish,of 1 rating,N/A
BSET,$28.39,1441120227517,"2,608",100% bearish,of 1 rating,$35
BLPH,$5,1441120227619,"5,500",100% bearish,of 1 rating,$12.50
BEBE,$1.32,1441120227648,"197,868",75% bullish,of 4 ratings,$2.125
BLCM,$16.98,1441120227753,"24,165",50% bullish,of 4 ratings,$40
BNTC,$8,1441120227779,"4,019",100% bullish,of 1 rating,N/A
BNCL,$12.3,1441120227810,"44,497",100% bullish,of 3 ratings,$12.50
BNFT,$35.41,1441120227911,"28,606",67% bullish,of 3 ratings,$46
BGCP,$8.735,1441120227982,"248,426",88% bullish,of 8 ratings,$14
BIND,$4.79,1441120228115,"44,623",75% bullish,of 4 ratings,$13.50
BGFV,$11.18,1441120228140,"24,530",57% bullish,of 7 ratings,$12
BASI,$1.61,1441120228167,"1,800",Not yet rated,NULL,N/A
ORPN,$5.66,1441120228193,"2,100",100% bullish,of 1 rating,$28.50
BGMD,$0.7199,1441120228214,"10,525",100% bullish,of 10 ratings,N/A
BCDA,NULL,1441120228377,0,Not yet rated,NULL,N/A
BIOC,$1.979,1441120228405,"60,793",83% bullish,of 6 ratings,$3.85
BIIB,$299.24,1441120228435,"430,262",88% bullish,of 16 ratings,$400
BIOD,$0.6999,1441120228461,"36,445",80% bullish,of 5 ratings,$4
BCRX,$11.58,1441120228539,"128,017",63% bullish,of 8 ratings,$18
BIOL,$1.605,1441120228594,"11,404",Not yet rated,NULL,N/A
BDSI,$6.7,1441120228633,"339,153",88% bullish,of 8 ratings,$17
BLRX,$1.52,1441120228687,"54,578",100% bullish,of 12 ratings,$5
BVXV,$3.3801,1441120228856,"5,212",Not yet rated,NULL,N/A
BMRN,$126.14,1441120228915,"269,785",80% bullish,of 5 ratings,$160
BVXVW,$0.7,1441120228944,"4,500",100% bearish,of 1 rating,N/A
BLFS,$2.623,1441120228966,"300,432",100% bearish,of 1 rating,$4.75
BRLI,NULL,1441120228994,0,NULL,NULL,NULL
BIOS,$2.38,1441120229135,"135,320",71% bullish,of 7 ratings,$4
BBC,$31.17,1441120229221,"6,347",Not yet rated,NULL,N/A
BBP,$32.41,1441120229246,"19,089",Not yet rated,NULL,N/A
BPTH,$1.3,1441120229299,"83,989",100% bullish,of 2 ratings,$5
BSTC,$48.5938,1441120229382,"6,658",100% bearish,of 1 rating,$76
BSPM,$0.6976,1441120229430,680,50% bullish,of 2 ratings,N/A
BOTA,$2.2028,1441120229515,"16,143",88% bullish,of 8 ratings,N/A
BEAT,$14.8199,1441120229567,"134,814",67% bearish,of 3 ratings,$15
BITI,$16.81,1441120229596,"2,427",100% bullish,of 1 rating,$28
BDMS,NULL,1441120229777,0,100% bearish,of 1 rating,N/A
TECH,$92.995,1441120229806,"12,223",100% bullish,of 1 rating,$117
BBOX,$15.13,1441120229862,"23,971",100% bearish,of 1 rating,N/A
BJRI,$43.4,1441120229905,"43,197",50% bullish,of 2 ratings,$55
BDE,$7.27,1441120229957,"30,944",50% bullish,of 2 ratings,$9
BLKB,$56.605,1441120229990,"17,622",100% bearish,of 2 ratings,$66
BBRY,$7.38,1441120230018,"782,749",61% bullish,of 330 ratings,$9
HAWK,$38.71,1441120230165,"100,910",91% bullish,of 11 ratings,$49
BKCC,$9.28,1441120230265,"58,068",50% bullish,of 2 ratings,$10
ADRA,$26.33,1441120230292,"1,912",100% bearish,of 1 rating,N/A
ADRE,$29.19,1441120230368,"2,015",100% bearish,of 1 rating,N/A
ADRD,$21.402,1441120230393,"64,490",100% bearish,of 1 rating,N/A
BLMN,$20.8,1441120230531,"222,738",83% bullish,of 6 ratings,$27.50
BUFF,$24.79,1441120230562,"190,258",83% bullish,of 12 ratings,$31.50
BCOR,$13.46,1441120230635,"45,678",57% bullish,of 7 ratings,$15
ADRU,$21.1812,1441120230662,100,100% bearish,of 1 rating,N/A
BLBD,$11.75,1441120230691,"1,873",Not yet rated,NULL,N/A
BBLU,$0.79,1441120230722,"11,041",100% bullish,of 2 ratings,$4.43
BHBK,$13.86,1441120230829,"17,656",100% bullish,of 1 rating,$14.50
BLUE,$130.97,1441120230859,"111,286",71% bullish,of 7 ratings,$217.50
BKEP,$6.22,1441120230888,"1,400",100% bearish,of 1 rating,$8.50
NILE,$33.61,1441120230996,"22,197",50% bullish,of 2 ratings,$34
BPMC,$27.06,1441120231100,"11,458",50% bullish,of 2 ratings,$47.50
WIFI,$7.5,1441120231255,"22,180",50% bullish,of 2 ratings,$13.50
BOBE,$44.48,1441120231281,"26,689",75% bullish,of 4 ratings,$57
BKEPP,$7.4,1441120231311,100,100% bearish,of 1 rating,N/A
BOFI,$112.56,1441120231410,"55,969",100% bullish,of 6 ratings,$144
BOJA,$20.65,1441120231441,"22,527",100% bullish,of 1 rating,$30
BNCN,$20.3,1441120231472,"20,548",Not yet rated,NULL,$24
BONA,$11.406,1441120231546,"88,034",75% bullish,of 4 ratings,$8.50
BOKF,$61.08,1441120231579,"67,808",100% bearish,of 1 rating,$69
BAMM,$3.16,1441120231607,"5,430",60% bullish,of 5 ratings,N/A
BNSO,NULL,1441120231684,0,100% bearish,of 1 rating,N/A
BPFHW,NULL,1441120231784,0,100% bearish,of 1 rating,N/A
BPFH,$11.5,1441120231809,"69,856",100% bearish,of 1 rating,$14
BPFHP,$25.1,1441120231999,"2,000",100% bearish,of 1 rating,N/A
BCLI,$3.1,1441120232028,"23,100",80% bullish,of 5 ratings,$12
EPAY,$26.39,1441120232081,"10,932",100% bearish,of 2 ratings,$30
BDBD,$8.33,1441120232190,"176,230",60% bullish,of 5 ratings,$10
BBRG,$12.35,1441120232218,"12,075",67% bullish,of 3 ratings,$14.50
BBEP,$2.715,1441120232239,"426,391",69% bullish,of 13 ratings,$5.625
BDGE,$26.01,1441120232277,"2,243",Not yet rated,NULL,$31.75
BRID,NULL,1441120232302,0,100% bearish,of 1 rating,N/A
BBEPP,$14.6,1441120232365,"7,722",100% bearish,of 1 rating,N/A
BLIN,NULL,1441120232467,0,100% bullish,of 2 ratings,$2.20
BSFT,$32.08,1441120232599,"40,051",57% bullish,of 7 ratings,$40.50
BCOV,$5.35,1441120232624,"31,292",67% bullish,of 3 ratings,$10.20
BWEN,$3.14,1441120232756,"3,793",75% bullish,of 4 ratings,$8
BRCM,$50.77,1441120232787,"908,343",75% bullish,of 12 ratings,$56
BRKL,$10.225,1441120232836,"73,816",100% bearish,of 1 rating,$10.75
BVSN,$5.8999,1441120232864,"1,500",60% bearish,of 5 ratings,N/A
BRCD,$10.33,1441120232937,"919,616",92% bullish,of 13 ratings,$11.50
BYFC,$1.45,1441120232962,502,50% bullish,of 2 ratings,N/A
BRKR,$18.15,1441120233163,"61,510",100% bearish,of 2 ratings,$22
BRKS,$10.35,1441120233191,"10,221",67% bullish,of 3 ratings,$15.25
BWLD,$190.15,1441120233262,"80,012",82% bullish,of 11 ratings,$205
BLMT,$20.78,1441120233290,"1,049",Not yet rated,NULL,N/A
BMTC,$29.03,1441120233312,"9,485",Not yet rated,NULL,$34
BLDR,$14.48,1441120233343,"137,244",67% bullish,of 3 ratings,$22
BSQR,$6.0288,1441120233369,"4,044",67% bullish,of 3 ratings,N/A
CFFI,NULL,1441120233529,0,100% bearish,of 1 rating,N/A
BUR,$1.797,1441120233611,"4,294",100% bearish,of 1 rating,$8
CA,$26.7549,1441120233660,"412,746",50% bullish,of 4 ratings,$33
CHRW,$66.79,1441120233715,"213,920",Not yet rated,NULL,$72
CDZI,$8.0475,1441120233742,"2,848",100% bearish,of 1 rating,N/A
CCMP,$42.77,1441120233772,"6,051",50% bullish,of 2 ratings,$59
CACQ,$7.15,1441120233804,"8,179",100% bearish,of 1 rating,$12.25
CDNS,$19.87,1441120233880,"254,095",75% bullish,of 4 ratings,$22.50
CSTE,$39.03,1441120233985,"20,704",50% bullish,of 2 ratings,$65
CLBS,$1.57,1441120234061,"110,501",79% bullish,of 14 ratings,$4
CZR,$9.26,1441120234089,"159,652",60% bearish,of 5 ratings,$10.50
CLMS,$10.2801,1441120234278,"15,695",Not yet rated,NULL,$10.50
CHY,$11.259,1441120234321,"144,566",Not yet rated,NULL,N/A
PRSS,$4.24,1441120234346,"2,902",80% bullish,of 5 ratings,$4.50
CCD,$18.85,1441120234407,"19,262",Not yet rated,NULL,N/A
CFGE,$10.34,1441120234436,80,Not yet rated,NULL,N/A
CGO,$12,1441120234506,"8,407",100% bearish,of 1 rating,N/A
CHI,$10.47,1441120234532,"69,656",100% bearish,of 1 rating,N/A
CHW,$7.426,1441120234603,"39,828",100% bearish,of 1 rating,N/A
CSQ,$9.7501,1441120234732,"123,796",Not yet rated,NULL,N/A
CVGW,$57.32,1441120234770,"15,059",50% bullish,of 2 ratings,$62
CAMP,$16.09,1441120234795,"117,524",88% bullish,of 8 ratings,$25
CFNB,NULL,1441120234866,0,100% bearish,of 1 rating,N/A
CALA,$5.65,1441120234891,"126,184",100% bullish,of 3 ratings,$19.50
CALD,$15.7975,1441120235081,"74,895",100% bearish,of 1 rating,$21
CLMT,$25.3366,1441120235215,"56,339",75% bullish,of 8 ratings,$31
CAMBU,NULL,1441120235247,0,100% bearish,of 1 rating,N/A
CALM,$51.94,1441120235347,"119,102",80% bullish,of 5 ratings,$63.50
CAMBW,NULL,1441120235371,0,Not yet rated,NULL,N/A
CSIQ,$18.43,1441120235405,"410,011",86% bullish,of 28 ratings,$42.50
CAMB,$9.95,1441120235538,"1,856",Not yet rated,NULL,N/A
CAC,$40.08,1441120235567,"1,382",Not yet rated,NULL,N/A
ABCD,$5.02,1441120235594,"15,773",83% bullish,of 6 ratings,N/A
CAMT,$2.6401,1441120235624,"9,688",73% bullish,of 11 ratings,$4
CGIX,$9.75,1441120235701,"1,700",67% bullish,of 3 ratings,$14.375
CBNJ,$11.01,1441120235779,"2,985",100% bearish,of 1 rating,N/A
CPHC,NULL,1441120235835,0,100% bearish,of 1 rating,N/A
CPLA,$48.48,1441120235983,"22,765",67% bearish,of 3 ratings,$65
CPLP,$6.955,1441120236058,"49,947",71% bullish,of 7 ratings,$11
CBF,$30.5,1441120236092,"42,735",Not yet rated,NULL,$32
CCBG,$15.05,1441120236113,"1,200",Not yet rated,NULL,$17.25
CFFN,$11.855,1441120236202,"293,920",Not yet rated,NULL,$12.75
CSWC,$44.77,1441120236243,"5,343",Not yet rated,NULL,N/A
CPTA,$13.7,1441120236268,"13,293",100% bearish,of 1 rating,$18.50
CAPN,$2.2501,1441120236428,"38,173",100% bullish,of 1 rating,$10.85
CAPNW,NULL,1441120236458,0,Not yet rated,NULL,N/A
CPST,$0.3959,1441120236485,"271,636",95% bullish,of 22 ratings,$1.25
CARA,$18.73,1441120236560,"30,803",50% bullish,of 4 ratings,$25
CAPR,NULL,1441120236612,0,Not yet rated,NULL,$12
CARB,$11.09,1441120236708,"44,472",75% bullish,of 4 ratings,$12
CBYL,$5.2,1441120236776,"5,504",100% bearish,of 1 rating,$20
CRME,$9.05,1441120236910,"3,100",89% bullish,of 9 ratings,$11.25
CSII,$24.3,1441120236942,"69,977",100% bearish,of 2 ratings,$42.125
CFNL,$21.76,1441120236963,"12,180",Not yet rated,NULL,$24
CDNA,$6.74,1441120237000,404,100% bearish,of 1 rating,$9
CRDC,$0.333,1441120237021,"97,288",100% bullish,of 1 rating,$1.25
CATM,$33.8,1441120237098,"26,352",100% bearish,of 1 rating,$44
CKEC,$23.13,1441120237280,"28,229",50% bullish,of 2 ratings,$35.915
CECO,$3.64,1441120237305,"26,723",67% bearish,of 3 ratings,$6
CTRE,$11.02,1441120237445,"34,415",50% bullish,of 2 ratings,$13.50
CARO,$15.4899,1441120237478,"2,680",100% bearish,of 1 rating,$19
CLBH,$12.56,1441120237578,"2,309",Not yet rated,NULL,$16.50
CRZO,$34.79,1441120237634,"260,594",67% bearish,of 3 ratings,$54.50
CARV,NULL,1441120237710,0,50% bullish,of 2 ratings,N/A
TAST,$12.64,1441120237741,"25,416",Not yet rated,NULL,$14.25
CART,NULL,1441120237762,0,100% bearish,of 1 rating,N/A
CRTN,$2.51,1441120237797,404,100% bearish,of 1 rating,N/A
CASM,$1.21,1441120237897,439,100% bullish,of 1 rating,$3.50
CACB,$5.32,1441120237986,"4,383",Not yet rated,NULL,$5.50
CSCD,$15.31,1441120238028,"2,758",100% bullish,of 2 ratings,$17
CASY,$105.04,1441120238053,"30,852",50% bullish,of 2 ratings,$99.50
CWST,$6.09,1441120238188,"13,198",50% bullish,of 2 ratings,$7.25
CASI,$1.4467,1441120238322,500,100% bullish,of 1 rating,$3.50
CATY,$28.9,1441120238482,"145,415",100% bearish,of 1 rating,$33.50
CPRX,$3.67,1441120238534,"176,781",71% bullish,of 7 ratings,$7
CATB,$11.19,1441120238556,"1,004",100% bearish,of 1 rating,$28
CVCO,$69.45,1441120238593,"3,405",100% bearish,of 1 rating,N/A
CATYW,NULL,1441120238615,0,100% bearish,of 1 rating,N/A
CASS,$47.5,1441120238693,728,100% bearish,of 1 rating,N/A
CAVM,$66.79,1441120238721,"47,206",67% bearish,of 3 ratings,$72
CBFV,$20.5,1441120238798,300,Not yet rated,NULL,$25
CNLM,NULL,1441120238856,0,Not yet rated,NULL,N/A
CNLMU,NULL,1441120238933,0,100% bullish,of 1 rating,N/A
CNLMW,$0.3,1441120239130,"3,100",Not yet rated,NULL,N/A
CDK,$49.08,1441120239165,"82,643",67% bearish,of 3 ratings,$50
CNLMR,$0.34,1441120239234,114,Not yet rated,NULL,N/A
CDW,$38.775,1441120239294,"140,980",75% bullish,of 4 ratings,$44
CELGZ,$1.63,1441120239367,"2,700",80% bullish,of 5 ratings,N/A
CBOE,$62.98,1441120239427,"78,872",Not yet rated,NULL,$60
CLRB,$3.09,1441120239596,"1,160",100% bearish,of 1 rating,N/A
CECE,$9.48,1441120239627,"17,223",50% bullish,of 2 ratings,$16
CLRBW,NULL,1441120239672,0,Not yet rated,NULL,N/A
CPXX,$2.24,1441120239699,"24,513",100% bullish,of 2 ratings,$7
CLDN,$1.1401,1441120239728,"42,136",71% bullish,of 7 ratings,$3
CLDX,$14.516,1441120239757,"266,435",89% bullish,of 9 ratings,$36
CLLS,$32.8,1441120239784,"29,546",75% bullish,of 4 ratings,$51.50
CELG,$117.29,1441120239859,"1,273,026",92% bullish,of 13 ratings,$155.50
CBMG,$22.56,1441120239944,"19,396",50% bullish,of 2 ratings,N/A
CLSN,$2.07,1441120240109,"5,900",80% bullish,of 10 ratings,$7.50
CLTX,$2.5,1441120240167,"69,635",100% bullish,of 2 ratings,N/A
CYAD,$46.8201,1441120240193,900,100% bullish,of 1 rating,$87.50
CFBK,$1.34,1441120240325,200,Not yet rated,NULL,N/A
CENT,$12.34,1441120240414,"8,043",Not yet rated,NULL,$10
CEMP,$33.63,1441120240461,"110,187",71% bullish,of 7 ratings,$52
CETV,$2.14,1441120240526,"17,809",67% bullish,of 3 ratings,$2.80
CENTA,$12.64,1441120240555,"32,150",Not yet rated,NULL,N/A
CVCY,$11.28,1441120240585,"1,255",Not yet rated,NULL,$12
CENX,$5.41,1441120240622,"547,346",67% bullish,of 6 ratings,$9
CNBKA,NULL,1441120240647,0,50% bullish,of 2 ratings,N/A
CSFL,$13.42,1441120240687,"13,211",Not yet rated,NULL,$15
CETX,$2.43,1441120240719,"12,550",Not yet rated,NULL,$5.60
CPHD,$48.83,1441120240981,"89,431",67% bearish,of 3 ratings,$66.50
CNTY,$5.7793,1441120241008,"3,044",80% bullish,of 5 ratings,$7.75
CERE,$1.12,1441120241029,"81,603",88% bullish,of 8 ratings,N/A
CRNT,$1.42,1441120241082,"55,509",50% bullish,of 2 ratings,$2
CERS,$4.905,1441120241276,"55,496",75% bullish,of 4 ratings,$7
HOTR,$1.42,1441120241328,"60,435",100% bullish,of 2 ratings,$5
CERN,$61.02,1441120241349,"300,070",67% bullish,of 3 ratings,$79
CYOU,$19.35,1441120241432,"50,223",50% bullish,of 6 ratings,$24
CERU,$4.02,1441120241479,"8,340",75% bullish,of 4 ratings,$14
HOTRW,NULL,1441120241524,0,Not yet rated,NULL,N/A
KOOL,$0.6785,1441120241562,"34,441",100% bullish,of 5 ratings,$7
CTHR,$1.29,1441120241588,869,50% bullish,of 2 ratings,$2.50
CEVA,$19,1441120241616,"3,923",100% bearish,of 1 rating,$25
CHTR,$179.64,1441120241656,"207,368",100% bearish,of 2 ratings,$202
GTLS,$24.29,1441120241685,"97,398",50% bullish,of 4 ratings,$40
CHEKW,NULL,1441120242021,0,Not yet rated,NULL,N/A
CHEK,$2.06,1441120242049,"1,600",Not yet rated,NULL,$7.75
CHFN,$12.42,1441120242070,"1,727",Not yet rated,NULL,$14
CHKP,$78.065,1441120242103,"343,991",50% bullish,of 4 ratings,$92
CEMI,$4.1,1441120242125,"6,000",50% bullish,of 2 ratings,$7.50
CHFC,$31.05,1441120242214,"4,124",100% bearish,of 1 rating,$36
CCXI,$6.2,1441120242264,"13,018",67% bullish,of 3 ratings,$14
CHMG,$26.35,1441120242319,700,Not yet rated,NULL,$30
CHMA,$26.24,1441120242348,"23,075",Not yet rated,NULL,$40
PLCE,$59.24,1441120242454,"34,878",100% bearish,of 1 rating,$69
CHKE,$25.76,1441120242481,"5,452",100% bearish,of 1 rating,$32.50
CBNK,$16.39,1441120242613,600,100% bearish,of 1 rating,N/A
CHEV,$14.37,1441120242638,304,Not yet rated,NULL,N/A
CMRX,$48.22,1441120242693,"39,630",50% bullish,of 2 ratings,$57
CAAS,$6.06,1441120242784,"4,838",93% bullish,of 14 ratings,$11.50
CALI,$0.885,1441120242813,"9,457",67% bullish,of 3 ratings,N/A
CADC,$3.02,1441120242913,200,78% bullish,of 9 ratings,N/A
CBAK,$1.9042,1441120242939,"9,796",67% bullish,of 9 ratings,N/A
CBPO,$93.77,1441120242965,"40,125",75% bullish,of 8 ratings,$140.50
CCCL,$0.785,1441120243009,200,100% bullish,of 6 ratings,N/A
CCCR,$0.739,1441120243095,"1,500",67% bearish,of 3 ratings,N/A
CHOP,$1.205,1441120243144,"4,160",50% bullish,of 2 ratings,N/A
JRJC,$3.511,1441120243173,"45,649",82% bullish,of 11 ratings,N/A
CNIT,$1.2099,1441120243272,"44,296",67% bullish,of 6 ratings,N/A
CHLN,$1.99,1441120243321,400,67% bullish,of 3 ratings,N/A
HGSH,$1.8499,1441120243409,200,67% bullish,of 3 ratings,N/A
HTHT,$25.54,1441120243457,"22,200",50% bullish,of 2 ratings,$28.40
CJJD,$1.8,1441120243601,"1,100",100% bullish,of 1 rating,N/A
CHNR,$1.63,1441120243635,100,100% bearish,of 1 rating,N/A
CREG,$0.6649,1441120243732,"3,549",100% bullish,of 3 ratings,N/A
CSUN,$1.42,1441120243763,"1,552",80% bullish,of 5 ratings,N/A
CNYD,NULL,1441120243794,0,67% bullish,of 3 ratings,N/A
CNTF,$0.8298,1441120243815,"23,404",Not yet rated,NULL,N/A
CPGI,$6.84,1441120243866,200,Not yet rated,NULL,N/A
CXDC,$5.74,1441120243891,"2,810",67% bearish,of 3 ratings,N/A
CCIH,$7.58,1441120244034,"55,054",67% bullish,of 6 ratings,$12.65
IMOS,$18.56,1441120244094,"58,473",60% bullish,of 5 ratings,$21.50
CNET,$0.855,1441120244120,"13,465",50% bullish,of 2 ratings,N/A
CHSCL,$27.147,1441120244181,"3,202",Not yet rated,NULL,N/A
CHSCN,$26.8101,1441120244256,"7,343",Not yet rated,NULL,N/A
CHSCM,$26.22,1441120244282,"3,437",Not yet rated,NULL,N/A
CHSCP,$30.5982,1441120244468,102,Not yet rated,NULL,N/A
CIFC,$6.89,1441120244500,100,100% bearish,of 1 rating,N/A
CHDN,$132.505,1441120244528,"5,016",Not yet rated,NULL,$165
CHSCO,$28.13,1441120244599,500,Not yet rated,NULL,N/A
CMPR,$69.56,1441120244628,"71,423",50% bullish,of 2 ratings,$72.50
CDTX,$14.15,1441120244656,"10,300",Not yet rated,NULL,$22
CHUY,$30.77,1441120244706,"18,607",50% bullish,of 2 ratings,$34
CINF,$51.34,1441120244864,"85,818",50% bullish,of 4 ratings,$50.50
CMCT,$15.3,1441120244892,808,100% bearish,of 1 rating,N/A
CIDM,$0.5402,1441120245027,"60,971",50% bullish,of 2 ratings,$2.10
CTAS,$83.965,1441120245052,"90,461",100% bearish,of 1 rating,$91
CPHR,$5.6,1441120245079,"6,450",100% bearish,of 1 rating,$17
CSCO,$25.367,1441120245109,"6,194,186",84% bullish,of 209 ratings,$32
CTRN,$26.08,1441120245212,"14,579",100% bearish,of 1 rating,$31.50
CRUS,$29.71,1441120245241,"137,736",75% bullish,of 12 ratings,$44.50
CTXS,$66.515,1441120245346,"354,275",86% bullish,of 7 ratings,$80
CZWI,NULL,1441120245398,0,Not yet rated,NULL,N/A
CZFC,$12.7,1441120245487,200,Not yet rated,NULL,N/A
CHCO,$46.61,1441120245528,"6,652",Not yet rated,NULL,$46
CIVBP,NULL,1441120245555,0,Not yet rated,NULL,N/A
CIZN,NULL,1441120245585,0,Not yet rated,NULL,N/A
CZNC,$19.77,1441120245606,700,Not yet rated,NULL,N/A
CIVB,$10,1441120245690,300,Not yet rated,NULL,$11
CLFD,$17.315,1441120245931,"12,780",67% bullish,of 3 ratings,$18
CLNE,$5.08,1441120245957,"300,663",80% bullish,of 15 ratings,$9
CLNT,$1.48,1441120245988,"6,447",75% bullish,of 8 ratings,N/A
CLRO,$11.203,1441120246018,752,50% bullish,of 2 ratings,$14.25
CDTI,$1.59,1441120246039,"58,130",75% bullish,of 4 ratings,$3.20
CLIR,$4.77,1441120246084,"5,995",100% bullish,of 3 ratings,N/A
CBLI,$4.16,1441120246125,"11,903",60% bullish,of 5 ratings,N/A
CSBK,$13.63,1441120246256,"9,870",Not yet rated,NULL,N/A
CLVS,$79.57,1441120246407,"73,946",60% bullish,of 5 ratings,$101.50
CNV,$4.395,1441120246437,"21,282",50% bullish,of 2 ratings,$7.15
CME,$91.72,1441120246480,"287,330",67% bullish,of 3 ratings,$102
CMFN,$11.39,1441120246507,"2,496",100% bearish,of 1 rating,$15.50
CCNE,$16.98,1441120246532,"3,488",50% bullish,of 2 ratings,$21.50
CISG,$7.4,1441120246563,"10,273",100% bullish,of 5 ratings,$10
CWAY,$10.88,1441120246663,704,Not yet rated,NULL,N/A
CVLY,NULL,1441120246939,0,Not yet rated,NULL,N/A
COBZ,$12.65,1441120246971,"6,653",100% bullish,of 1 rating,$14
COKE,$153.67,1441120247006,"7,038",79% bullish,of 19 ratings,N/A
CDXS,$3.63,1441120247073,"3,170",64% bullish,of 11 ratings,$6
CDRB,$13.99,1441120247098,"3,495",67% bullish,of 3 ratings,N/A
CCOI,$27.42,1441120247123,"52,146",50% bullish,of 4 ratings,$35
JVA,$4.675,1441120247170,"1,668",83% bullish,of 6 ratings,$7
CGNT,$1.5272,1441120247275,"2,500",100% bullish,of 2 ratings,$2
CGNX,$34.67,1441120247302,"64,877",50% bullish,of 2 ratings,$47
CTSH,$62.13,1441120247356,"799,585",90% bullish,of 10 ratings,$75
CLRX,$0.6101,1441120247491,"33,753",50% bullish,of 2 ratings,N/A
COHU,$9.635,1441120247517,"11,786",100% bearish,of 1 rating,$14.25
CHRS,$27.72,1441120247542,"10,941",67% bearish,of 3 ratings,$37
COHR,$56.32,1441120247571,"10,935",50% bullish,of 2 ratings,$72
COLL,$14.06,1441120247673,"28,525",100% bearish,of 1 rating,$26
CLCT,$18.0501,1441120247899,"32,997",100% bearish,of 1 rating,N/A
CIGI,$43.94,1441120247992,"12,402",100% bearish,of 1 rating,$52
CLCD,$6.39,1441120248029,"19,682",100% bearish,of 1 rating,$20.50
CBAN,$8.77,1441120248066,200,Not yet rated,NULL,N/A
COLB,$29.3,1441120248196,"15,660",Not yet rated,NULL,$36
COLM,$60.84,1441120248227,"15,990",100% bearish,of 1 rating,$71
CBMX,$1.09,1441120248248,291,83% bullish,of 6 ratings,$3.15
CMCO,$18.73,1441120248295,"7,047",60% bullish,of 5 ratings,$28
CMCSA,$55.92,1441120248601,"2,185,403",66% bullish,of 35 ratings,$69.50
CUBN,NULL,1441120248657,0,Not yet rated,NULL,N/A
CBSHP,$25.43,1441120248690,"1,206",100% bearish,of 1 rating,N/A
CBSH,$43.62,1441120248759,"31,990",50% bullish,of 2 ratings,$46
COMM,$32.16,1441120248785,"432,444",67% bearish,of 3 ratings,$35
CMCSK,$57.03,1441120248812,"771,435",Not yet rated,NULL,$84
CVGI,$5.02,1441120248838,"11,104",50% bullish,of 2 ratings,$6
JCS,NULL,1441120248977,0,67% bullish,of 3 ratings,N/A
CYHHZ,$0.01,1441120249020,"14,300",100% bullish,of 1 rating,N/A
CSAL,$20.34,1441120249047,"173,868",75% bullish,of 4 ratings,$30
ESXB,$5.01,1441120249109,"4,200",Not yet rated,NULL,N/A
CTBI,$34.6,1441120249181,"4,104",Not yet rated,NULL,$36
COB,$10.51,1441120249209,"4,211",100% bullish,of 1 rating,$11.75
CWBC,$6.71,1441120249236,"1,212",Not yet rated,NULL,N/A
CVLT,$35.39,1441120249283,"47,266",75% bullish,of 4 ratings,$44.50
CIZ,$32.3943,1441120249373,384,100% bearish,of 1 rating,N/A
CSA,NULL,1441120249510,0,Not yet rated,NULL,N/A
CIL,NULL,1441120249558,0,Not yet rated,NULL,N/A
CID,NULL,1441120249586,0,Not yet rated,NULL,N/A
CSF,$36.21,1441120249662,174,100% bearish,of 1 rating,N/A
CDC,$34,1441120249687,"3,193",Not yet rated,NULL,N/A
CFO,$34.82,1441120249839,"8,835",100% bearish,of 1 rating,N/A
CDL,NULL,1441120249872,0,Not yet rated,NULL,N/A
CFA,$34.9,1441120249893,200,100% bearish,of 1 rating,N/A
CPSI,$45.68,1441120249974,"13,040",100% bearish,of 1 rating,$45.50
CGEN,$4.935,1441120250006,"16,516",50% bullish,of 2 ratings,$11
CSB,NULL,1441120250034,0,Not yet rated,NULL,N/A
SCOR,$50.465,1441120250059,"40,195",100% bearish,of 1 rating,$66
CTG,$6.57,1441120250191,"14,418",100% bearish,of 1 rating,$8.50
CHCI,NULL,1441120250243,0,50% bullish,of 2 ratings,N/A
CMTL,$26.01,1441120250268,"5,192",100% bearish,of 2 ratings,$37
CNSI,$18.57,1441120250419,"13,595",100% bearish,of 2 ratings,$29
CXRX,$76.05,1441120250452,182,100% bearish,of 1 rating,$90
CNAT,$3.717,1441120250551,"75,411",83% bullish,of 6 ratings,$13
CDORO,NULL,1441120250578,0,100% bearish,of 1 rating,N/A
CNCE,$15.52,1441120250606,"67,784",75% bullish,of 4 ratings,$22
CDOR,$1.36,1441120250627,100,100% bullish,of 1 rating,N/A
CCUR,$5.59,1441120250759,"8,927",75% bullish,of 4 ratings,N/A
CFMS,$15.58,1441120250789,"71,841",100% bearish,of 1 rating,$27
CDORP,NULL,1441120250832,0,100% bearish,of 1 rating,N/A
CTWS,$34.44,1441120250894,"3,072",100% bearish,of 1 rating,$44
CNOB,$18.75,1441120250926,"20,800",100% bullish,of 1 rating,$23.50
CNFR,$10.17,1441120250961,7,Not yet rated,NULL,N/A
CONN,$28.82,1441120251167,"105,417",67% bullish,of 3 ratings,$48.50
CNMD,$52,1441120251217,"11,164",Not yet rated,NULL,$59
CWCO,$10.44,1441120251272,"7,103",67% bullish,of 3 ratings,$14.50
CNSL,$19.27,1441120251351,"20,675",100% bearish,of 1 rating,$23
CPSS,$5.7,1441120251380,"10,647",100% bullish,of 1 rating,$10
CTCT,$24.5711,1441120251424,"33,797",67% bullish,of 3 ratings,$37
CFRXZ,$0.49,1441120251485,"2,325",Not yet rated,NULL,N/A
CNXR,$7.12,1441120251619,"5,941",100% bearish,of 1 rating,$12
CFRXW,$1.82,1441120251648,500,100% bearish,of 1 rating,N/A
CTRV,$3.63,1441120251675,"10,415",Not yet rated,NULL,$6.40
CFRX,$5,1441120251696,"6,500",Not yet rated,NULL,$14
CTRL,$8.785,1441120251833,"80,734",50% bullish,of 2 ratings,$11
CRBP,$1.8637,1441120251865,"95,178",100% bullish,of 2 ratings,$6.25
CPRT,$34.25,1441120251886,"95,247",67% bearish,of 3 ratings,$40
CORT,$4.89,1441120251968,"69,646",67% bullish,of 3 ratings,$12
BVA,NULL,1441120252125,0,50% bullish,of 2 ratings,N/A
CORE,$58.94,1441120252155,"12,917",100% bearish,of 1 rating,$72
CORI,$10.16,1441120252177,"6,473",100% bearish,of 1 rating,$18
CSOD,$35.73,1441120252313,"98,448",50% bullish,of 2 ratings,$42
COSI,$1.14,1441120252416,"15,383",100% bullish,of 1 rating,N/A
COST,$139.78,1441120252453,"409,540",79% bullish,of 24 ratings,$154.50
CSGP,$172.8,1441120252545,"19,665",50% bullish,of 2 ratings,$235
CRVL,$29.52,1441120252580,"3,891",100% bearish,of 1 rating,N/A
ICBK,NULL,1441120252600,0,Not yet rated,NULL,$21
CPAH,NULL,1441120252678,0,50% bullish,of 2 ratings,N/A
COVS,$2.67,1441120252704,"9,319",67% bullish,of 3 ratings,N/A
CVTI,$22.97,1441120252729,"35,796",67% bearish,of 3 ratings,$39
CRAI,$22.97,1441120252894,"4,096",100% bearish,of 1 rating,$36
COWNL,NULL,1441120252972,0,Not yet rated,NULL,N/A
CPSH,NULL,1441120252996,0,Not yet rated,NULL,N/A
CRAY,$20.86,1441120253024,"27,230",83% bullish,of 6 ratings,$38.50
CBRL,$142.97,1441120253053,"51,588",50% bullish,of 2 ratings,$155
COWN,$5.1,1441120253080,"315,799",75% bullish,of 4 ratings,$7
BREW,$7.935,1441120253155,"4,993",67% bullish,of 6 ratings,$15
CACC,$202.53,1441120253398,"22,105",50% bullish,of 2 ratings,$158.50
CREE,$27.17,1441120253424,"269,654",65% bullish,of 17 ratings,$29.50
SLVO,$10.001,1441120253449,"1,408",100% bearish,of 1 rating,N/A
GLDI,$11.0864,1441120253503,"1,512",100% bearish,of 1 rating,N/A
CRESY,$10.32,1441120253638,"6,982",100% bearish,of 1 rating,$19
CRTO,$38.37,1441120253722,"220,137",67% bullish,of 6 ratings,$64
CRWS,$8.13,1441120253790,"1,400",Not yet rated,NULL,$10
CCRN,$13.95,1441120253880,"78,847",100% bearish,of 1 rating,$14.25
CROX,$14.37,1441120253939,"111,220",63% bullish,of 8 ratings,$16.50
CRWN,$5.385,1441120254012,"66,207",75% bullish,of 4 ratings,N/A
CYRXW,NULL,1441120254335,0,Not yet rated,NULL,N/A
CRDS,$1.02,1441120254364,900,75% bullish,of 4 ratings,$4.50
CYRX,$2.87,1441120254395,"16,026",Not yet rated,NULL,$9
CSGS,$30.37,1441120254420,"22,592",Not yet rated,NULL,$40
CCLP,$14.732,1441120254445,"27,695",67% bearish,of 3 ratings,$20
CSPI,NULL,1441120254473,0,67% bullish,of 3 ratings,N/A
CTIC,$1.57,1441120254607,"88,803",84% bullish,of 76 ratings,$5.75
CTCM,$1.74,1441120254644,"71,209",80% bearish,of 5 ratings,$3.90
CPIX,$6.05,1441120254736,"1,200",Not yet rated,NULL,N/A
CUNB,$21.45,1441120254766,"4,668",Not yet rated,NULL,$24.50
CTRP,$65.13,1441120254830,"373,286",75% bullish,of 8 ratings,$92.50
CUI,$5.18,1441120254866,"4,279",50% bullish,of 2 ratings,$10
CMLS,$1.375,1441120254897,"53,842",50% bullish,of 4 ratings,$6
CTIB,$3.61,1441120254931,800,100% bearish,of 1 rating,N/A
CRIS,$2.63,1441120255003,"51,978",100% bullish,of 8 ratings,$6
CUTR,$14.88,1441120255029,"26,288",67% bearish,of 3 ratings,$18
CVBF,$15.81,1441120255157,"63,702",Not yet rated,NULL,$18
CVV,$10.93,1441120255241,"1,841",100% bullish,of 5 ratings,N/A
CYAN,$6.99,1441120255293,"1,286",100% bearish,of 1 rating,N/A
CYBR,$51.3,1441120255323,"346,009",75% bullish,of 8 ratings,$66
CYBE,$6.7795,1441120255351,"1,553",100% bearish,of 1 rating,N/A
CYBX,$64.31,1441120255397,"30,673",50% bullish,of 4 ratings,$71.50
CYCC,$0.56,1441120255569,"2,402",73% bullish,of 11 ratings,N/A
CBAY,$2.7,1441120255700,"14,615",100% bullish,of 1 rating,$4
CYNA,$15.76,1441120255726,"1,400",50% bullish,of 2 ratings,$31.50
CYNO,$31.4,1441120255786,"43,380",67% bearish,of 3 ratings,$45.50
CYRN,$1.76,1441120255855,"13,300",67% bullish,of 3 ratings,$4
CYCCP,NULL,1441120255880,0,100% bearish,of 1 rating,N/A
CY,$10,1441120255937,"2,101,280",80% bullish,of 10 ratings,$15.50
CONE,$31.21,1441120256011,"43,912",67% bearish,of 3 ratings,$35.50
TVIX,$17.51,1441120256263,"5,173,242",81% bullish,of 16 ratings,N/A
CYTX,$0.376,1441120256289,"599,735",83% bullish,of 12 ratings,$5.50
CYTR,$2.37,1441120256335,"98,781",67% bullish,of 6 ratings,$10
CYTK,$7.05,1441120256420,"50,457",71% bullish,of 14 ratings,$13.50
CTSO,$6.8,1441120256467,"5,804",Not yet rated,NULL,$15.625
TVIZ,$23.03,1441120256495,"8,062",100% bearish,of 1 rating,N/A
ZIV,$36.15,1441120256595,"65,073",Not yet rated,NULL,N/A
DAEG,$0.37,1441120256627,5,100% bearish,of 1 rating,N/A
XIV,$23.28,1441120256694,"8,599,316",75% bearish,of 4 ratings,N/A
DAKT,$8.56,1441120256724,"44,611",50% bullish,of 2 ratings,$12
DJCO,NULL,1441120256755,0,Not yet rated,NULL,N/A
DAIO,$2.6001,1441120256854,"5,950",Not yet rated,NULL,N/A
DARA,$0.8627,1441120256882,"26,875",83% bullish,of 6 ratings,$1.50
DTLK,$5.68,1441120256918,"7,670",100% bearish,of 1 rating,$9
DRAM,$1.365,1441120257176,"5,204",78% bullish,of 9 ratings,N/A
DTEA,$13.28,1441120257203,"9,936",100% bearish,of 2 ratings,$24
DWCH,$5.07,1441120257228,"3,931",75% bullish,of 4 ratings,$8.25
PLAY,$35.04,1441120257257,"38,466",100% bullish,of 5 ratings,$42
DWSN,$4.42,1441120257332,"5,201",67% bullish,of 3 ratings,N/A
TRAK,$62.72,1441120257401,"141,542",50% bullish,of 2 ratings,$62.50
DBVT,$37.92,1441120257463,"26,486",100% bearish,of 1 rating,$53
DFRG,$14.56,1441120257535,"28,218",100% bearish,of 1 rating,$20
DHRM,$1.61,1441120257567,200,Not yet rated,NULL,N/A
TACOW,$3.93,1441120257664,100,100% bullish,of 1 rating,N/A
TACO,$12.71,1441120257693,"46,608",75% bullish,of 4 ratings,$20
DELT,NULL,1441120257719,0,Not yet rated,NULL,N/A
DCTH,$0.4397,1441120257740,"15,466",78% bullish,of 9 ratings,N/A
DGAS,$20.3,1441120257775,"1,316",67% bearish,of 3 ratings,N/A
DENN,$11.1,1441120257872,"81,413",100% bullish,of 3 ratings,$15
XRAY,$51.28,1441120258025,"103,432",100% bullish,of 1 rating,$58
DERM,$26.53,1441120258056,"15,251",100% bearish,of 1 rating,$33.50
DELTW,NULL,1441120258082,0,Not yet rated,NULL,N/A
DEPO,$26.72,1441120258107,"117,053",60% bullish,of 5 ratings,$29
DSCI,$5.83,1441120258159,"13,589",50% bullish,of 2 ratings,$16
DXLG,$5.91,1441120258288,"32,504",100% bearish,of 1 rating,$8
DXM,$0.2497,1441120258318,"173,205",50% bullish,of 2 ratings,N/A
DXCM,$90.445,1441120258346,"230,407",57% bullish,of 7 ratings,$98
DSWL,$1.6772,1441120258424,"2,171",100% bullish,of 1 rating,N/A
DEST,$11.24,1441120258488,"6,624",50% bullish,of 2 ratings,N/A
DHXM,NULL,1441120258516,0,Not yet rated,NULL,N/A
DHIL,$194.795,1441120258579,831,Not yet rated,NULL,N/A
DCIX,$1.6999,1441120258607,"1,312",50% bullish,of 4 ratings,$3.50
FANG,$66.42,1441120258647,"148,332",50% bullish,of 2 ratings,$86.50
DMND,$29.26,1441120258674,"26,718",75% bullish,of 12 ratings,$32
DMRC,$37.88,1441120258897,"8,686",100% bearish,of 1 rating,$44
DRNA,$10.93,1441120258924,"20,211",67% bearish,of 3 ratings,$25
DGII,$10.24,1441120258956,"47,545",100% bearish,of 1 rating,$11
DGLY,$8.08,1441120258982,"40,669",50% bullish,of 6 ratings,$20
APPS,$2.56,1441120259121,"29,641",100% bearish,of 1 rating,$10.25
DRAD,$3.874,1441120259147,"3,901",100% bullish,of 1 rating,$5.25
DISCA,$26.3099,1441120259225,"533,507",67% bullish,of 3 ratings,$34
DIOD,$19.52,1441120259276,"23,317",75% bearish,of 4 ratings,$24
DPRX,$14.86,1441120259308,"6,106",100% bullish,of 2 ratings,$27.75
DCOM,$16.66,1441120259336,"19,770",100% bearish,of 2 ratings,$16
DISCB,NULL,1441120259380,0,100% bearish,of 1 rating,$35
DISCK,$25.0701,1441120259410,"343,994",100% bearish,of 1 rating,$32
DSCO,$0.4105,1441120259543,"85,099",83% bullish,of 6 ratings,$2.75
DISH,$59.61,1441120259574,"240,744",69% bullish,of 13 ratings,$73
BAGR,$2.6916,1441120259675,"1,810",100% bearish,of 1 rating,$6
DVCR,$11.01,1441120259700,"11,500",100% bullish,of 1 rating,N/A
DORM,$50.15,1441120259862,"48,898",100% bearish,of 1 rating,$56
DMLP,$14.6,1441120260052,"3,125",100% bearish,of 1 rating,N/A
DLHC,NULL,1441120260080,0,100% bearish,of 1 rating,N/A
DGICB,NULL,1441120260101,0,100% bearish,of 1 rating,N/A
DLTR,$71.0699,1441120260122,"3,349,852",82% bullish,of 11 ratings,$88
DNBF,$25.37,1441120260163,100,Not yet rated,NULL,$27.50
DRWI,$0.2022,1441120260258,"38,831",60% bullish,of 5 ratings,$.45
HILL,$9.67,1441120260285,"292,902",60% bearish,of 5 ratings,$9.75
DGICA,$14.19,1441120260311,"8,181",100% bearish,of 1 rating,$17
DRYS,$0.4601,1441120260472,"1,182,724",77% bullish,of 31 ratings,$.60
DRWIW,$0.03,1441120260521,117,Not yet rated,NULL,N/A
DWA,$19.6701,1441120260582,"74,561",63% bullish,of 8 ratings,$26
DSPG,$8.72,1441120260666,"6,522",100% bearish,of 1 rating,$13.50
DSKX,$3.32,1441120260772,"7,747",100% bullish,of 1 rating,N/A
CADTR,NULL,1441120260834,0,Not yet rated,NULL,N/A
CADT,NULL,1441120261002,0,Not yet rated,NULL,N/A
CADTU,NULL,1441120261065,0,Not yet rated,NULL,N/A
DTSI,$25.805,1441120261097,"15,103",100% bearish,of 2 ratings,$39.50
CADTW,NULL,1441120261127,0,Not yet rated,NULL,N/A
DYAX,$22.22,1441120261195,"119,461",89% bullish,of 9 ratings,$30
DRRX,$2.12,1441120261265,"19,002",50% bullish,of 6 ratings,$3
DNKN,$48.71,1441120261360,"452,719",67% bullish,of 15 ratings,$56.50
DXPE,$29.77,1441120261403,"39,378",50% bullish,of 2 ratings,N/A
DVAX,$28.11,1441120261448,"56,992",70% bullish,of 10 ratings,$40
BOOM,$11.2,1441120261473,"9,392",67% bullish,of 3 ratings,$12
DYSL,$1.473,1441120261500,"4,301",100% bullish,of 2 ratings,N/A
DYNT,$3.09,1441120261529,300,75% bullish,of 4 ratings,N/A
ETFC,$25.14,1441120261685,"817,905",57% bullish,of 14 ratings,$32.50
EGBN,$41.05,1441120261747,"4,138",Not yet rated,NULL,$48
EBMT,$11.54,1441120261772,300,Not yet rated,NULL,$13.50
EGLE,$6.865,1441120261797,"2,004",60% bullish,of 5 ratings,N/A
EROC,$1.5415,1441120262024,"54,180",50% bullish,of 2 ratings,$3
EWBC,$39.14,1441120262060,"134,813",100% bearish,of 1 rating,$50
EACQU,$10.2,1441120262153,200,Not yet rated,NULL,N/A
EVBS,$6.59,1441120262183,"1,000",Not yet rated,NULL,$7
EML,$16.3,1441120262204,"3,304",Not yet rated,NULL,N/A
ELNK,$8.4338,1441120262239,"77,957",60% bullish,of 5 ratings,$9.50
EBIX,$28.28,1441120262335,"40,831",69% bullish,of 13 ratings,$40
EGRX,$76.98,1441120262461,"54,561",67% bullish,of 3 ratings,$97
EBAY,$27.02,1441120262514,"2,952,464",81% bullish,of 117 ratings,$34
ELON,$0.5731,1441120262545,"10,982",50% bullish,of 2 ratings,N/A
ECHO,$22.64,1441120262575,"49,796",67% bearish,of 3 ratings,$34.50
SATS,$44.04,1441120262596,"16,622",50% bullish,of 2 ratings,$60
ECTE,$1.52,1441120262657,850,75% bullish,of 4 ratings,N/A
ESES,NULL,1441120262827,0,100% bearish,of 1 rating,$7
EEI,$11.69,1441120262855,857,67% bearish,of 3 ratings,N/A
EDGW,$7.1,1441120262876,"1,300",100% bearish,of 1 rating,N/A
EDAP,$3.6529,1441120263008,"6,600",60% bullish,of 5 ratings,$4.50
EDUC,$6.39,1441120263033,"10,008",100% bearish,of 1 rating,N/A
ECACU,NULL,1441120263075,0,Not yet rated,NULL,N/A
EGLT,$11.5,1441120263164,"25,028",50% bullish,of 2 ratings,$21
EFUT,$4.678,1441120263205,200,Not yet rated,NULL,N/A
EGAN,$3.57,1441120263240,"7,974",50% bullish,of 2 ratings,$6.25
EHTH,$14.5,1441120263339,"27,196",50% bullish,of 4 ratings,$16.50
EMITF,$1.2,1441120263370,158,75% bullish,of 4 ratings,N/A
LOCO,$12.6448,1441120263473,"181,014",69% bullish,of 13 ratings,$19.50
ERI,$9.38,1441120263517,"27,448",100% bearish,of 1 rating,$10
ESLT,$76.6599,1441120263542,"3,442",67% bullish,of 3 ratings,N/A
ELRC,$10.53,1441120263621,"1,425",100% bearish,of 1 rating,N/A
ESIO,$4.61,1441120263727,"11,163",50% bullish,of 2 ratings,$10
EFII,$43.07,1441120263769,"53,574",80% bullish,of 5 ratings,$55
EA,$64.595,1441120263856,"757,517",78% bullish,of 36 ratings,$80
ELEC,NULL,1441120263882,0,Not yet rated,NULL,N/A
ELECU,NULL,1441120263935,0,Not yet rated,NULL,N/A
EBIO,$3.64,1441120263963,"117,471",100% bearish,of 2 ratings,$8.35
ELSE,NULL,1441120264067,0,60% bullish,of 5 ratings,N/A
ELECW,NULL,1441120264094,0,Not yet rated,NULL,N/A
RDEN,$10.9,1441120264148,"13,801",100% bearish,of 4 ratings,$15
ESBK,NULL,1441120264241,0,Not yet rated,NULL,N/A
LONG,$16.95,1441120264274,"3,352",67% bullish,of 3 ratings,$15.75
CAPX,$22.416,1441120264372,200,Not yet rated,NULL,N/A
EMCI,$22.85,1441120264506,"2,517",Not yet rated,NULL,N/A
EMCF,$23.48,1441120264638,200,100% bearish,of 1 rating,N/A
ELTK,$1.235,1441120264671,"2,700",67% bearish,of 3 ratings,N/A
EMMS,$1.16,1441120264697,200,83% bullish,of 6 ratings,N/A
EMMSP,NULL,1441120264721,0,100% bearish,of 1 rating,N/A
ENTA,$38.45,1441120264773,"41,144",50% bullish,of 2 ratings,$42
EMKR,$6.885,1441120264829,"26,165",75% bullish,of 4 ratings,$8.50
ECPG,$39.06,1441120264863,"34,512",100% bullish,of 2 ratings,$52
ERS,$2.87,1441120264974,"2,100",Not yet rated,NULL,N/A
WIRE,$31.61,1441120265035,"14,012",100% bearish,of 1 rating,$37
NYNY,$4.305,1441120265107,"2,884",50% bullish,of 2 ratings,N/A
ECYT,$5.2,1441120265133,"36,110",83% bullish,of 6 ratings,$12
ENDP,$75.98,1441120265179,"675,614",50% bullish,of 6 ratings,$104
EIGI,$14.945,1441120265322,"108,076",67% bearish,of 3 ratings,$22.50
WATT,$7.42,1441120265372,"32,012",50% bullish,of 2 ratings,$13
EXXI,$1.77,1441120265455,"312,122",86% bullish,of 7 ratings,$3.50
ELGX,$12.875,1441120265503,"41,927",75% bullish,of 4 ratings,$17
EFOI,$22.89,1441120265533,"211,414",50% bullish,of 2 ratings,$24.50
ERII,$2.645,1441120265635,"3,938",80% bullish,of 5 ratings,$2.50
ENG,$1.01,1441120265666,"16,200",100% bullish,of 3 ratings,N/A
ESGR,$146.14,1441120265692,"8,218",100% bearish,of 1 rating,$185
ENOC,$9.165,1441120265730,"56,114",75% bullish,of 4 ratings,$18
ENPH,$4.57,1441120265760,"148,399",75% bullish,of 4 ratings,$11
ENFC,$17.49,1441120265856,438,Not yet rated,NULL,N/A
ENTG,$13.58,1441120266063,"64,957",100% bearish,of 1 rating,$18
ETRM,$0.274,1441120266094,"62,925",69% bearish,of 35 ratings,$1.625
EBTC,$21.09,1441120266119,300,Not yet rated,NULL,N/A
ENTL,$21.37,1441120266145,"6,998",Not yet rated,NULL,$28
EFSC,$23.8,1441120266189,"6,518",Not yet rated,NULL,$27
EGT,$2.08,1441120266291,200,100% bullish,of 1 rating,N/A
ENZN,$0.9856,1441120266391,"78,397",100% bullish,of 9 ratings,N/A
ENZY,$9.87,1441120266477,"19,320",67% bullish,of 3 ratings,$9.50
EPRS,$5.1,1441120266510,"8,009",82% bullish,of 11 ratings,$15
ENVI,$1.81,1441120266566,"3,257",67% bullish,of 3 ratings,N/A
EPIQ,$12.57,1441120266610,"4,165",100% bearish,of 1 rating,$18
PLUS,$75.1475,1441120266638,"11,774",50% bullish,of 2 ratings,$88
EPZM,$19.71,1441120266667,"56,635",60% bullish,of 5 ratings,$34
EQIX,$265.51,1441120266696,"169,429",75% bullish,of 4 ratings,$312.50
EAC,$3.5,1441120266775,"4,332",100% bearish,of 1 rating,$8
EQFN,$8.07,1441120266803,200,100% bearish,of 1 rating,N/A
ESCA,$17.58,1441120266991,500,100% bearish,of 1 rating,$22
ERIE,$80.9,1441120267054,"2,371",Not yet rated,NULL,$73
ERIC,$9.555,1441120267081,"502,784",67% bullish,of 9 ratings,$12.20
ESCRP,NULL,1441120267163,0,100% bearish,of 1 rating,N/A
ESMC,NULL,1441120267211,0,Not yet rated,NULL,N/A
ESCR,$0.1446,1441120267238,"171,108",50% bullish,of 2 ratings,N/A
ESPR,$47.61,1441120267264,"248,791",70% bearish,of 10 ratings,$122.50
EPIX,NULL,1441120267394,0,Not yet rated,NULL,N/A
ESSA,$12.9,1441120267453,"1,600",100% bearish,of 1 rating,N/A
ESND,$33.95,1441120267481,"9,529",100% bearish,of 2 ratings,$40
EEFT,$63.48,1441120267615,"16,847",100% bearish,of 1 rating,$67.50
ETSY,$14.37,1441120267641,"86,774",80% bullish,of 5 ratings,$16
CLWT,NULL,1441120267667,0,100% bullish,of 1 rating,N/A
ESSX,$0.469,1441120267699,"34,348",50% bullish,of 2 ratings,N/A
ESEA,$4.93,1441120267773,320,100% bullish,of 1 rating,$15
EVEP,$8.625,1441120267837,"88,841",50% bullish,of 2 ratings,$15
EVK,NULL,1441120267938,0,75% bearish,of 4 ratings,N/A
EVLV,$2.67,1441120268026,"11,870",60% bullish,of 5 ratings,$4.625
EVOL,$5.835,1441120268072,"1,700",75% bullish,of 4 ratings,$10
EVOK,$3.64,1441120268096,"12,845",100% bearish,of 1 rating,$13.375
EXA,$10.74,1441120268126,"3,647",100% bearish,of 1 rating,$13
EXAS,$22.11,1441120268262,"170,411",78% bullish,of 9 ratings,$31
EXEL,$5.69,1441120268336,"1,642,133",81% bullish,of 16 ratings,$6
EXAC,$19.21,1441120268393,"5,659",100% bearish,of 1 rating,$22.50
EXPE,$112.11,1441120268496,"282,955",64% bullish,of 11 ratings,$130
EXPD,$48.16,1441120268520,"218,857",80% bullish,of 5 ratings,$52
EXFO,$3.05,1441120268588,200,67% bearish,of 3 ratings,$3.95
ESRX,$82.81,1441120268721,"847,564",67% bearish,of 6 ratings,$101
EXLP,$20.73,1441120268751,"23,687",100% bearish,of 1 rating,$25
EXPO,$42.65,1441120268774,"9,759",100% bearish,of 1 rating,$45.50
EXLS,$35.75,1441120268807,"14,641",50% bullish,of 2 ratings,$41
EXTR,$2.9989,1441120268911,"318,143",80% bullish,of 5 ratings,$3
EZCH,$22.87,1441120268996,"20,348",75% bullish,of 8 ratings,$19.50
FFIV,$120.39,1441120269138,"211,243",63% bullish,of 8 ratings,$132
EYEG,$3.75,1441120269337,"2,900",Not yet rated,NULL,N/A
FB,$89.01,1441120269370,"7,998,018",73% bullish,of 1072 ratings,$111
EYEGW,$1.04,1441120269391,500,Not yet rated,NULL,N/A
FALC,$1.6799,1441120269412,"12,700",63% bearish,of 8 ratings,N/A
FWM,$2.2001,1441120269450,"36,719",100% bearish,of 2 ratings,$3.20
FCS,$13.42,1441120269480,"77,951",67% bearish,of 3 ratings,$17
EZPW,$6.305,1441120269546,"56,346",50% bullish,of 4 ratings,$7
FRP,$15.87,1441120269576,"5,593",100% bearish,of 1 rating,$18
FMNB,$8.33,1441120269718,920,Not yet rated,NULL,N/A
FFKT,$25.71,1441120269751,"3,720",Not yet rated,NULL,$29
FARM,$21.83,1441120269827,"4,437",100% bearish,of 1 rating,$35
FARO,$38.61,1441120269855,"12,838",50% bullish,of 2 ratings,$48
DAVE,$14.465,1441120269880,"2,052",100% bearish,of 1 rating,$15.50
FAST,$37.85,1441120270188,"370,541",80% bullish,of 5 ratings,$45.50
FBRC,$21.55,1441120270221,"19,733",100% bearish,of 1 rating,$29
FNHC,$21.77,1441120270250,"16,667",100% bearish,of 1 rating,$35
FBSS,$15.8,1441120270292,274,Not yet rated,NULL,N/A
FEIC,$74.7,1441120270361,"32,339",50% bullish,of 2 ratings,$95.50
FATE,$6.615,1441120270387,"4,716",50% bullish,of 2 ratings,$11
FCSC,$5.52,1441120270541,"19,455",100% bearish,of 1 rating,$8.125
FDML,$9.08,1441120270579,"46,011",50% bullish,of 4 ratings,$14
ONEQ,$185.235,1441120270604,"6,617",100% bullish,of 1 rating,N/A
FHCO,$1.425,1441120270737,"1,434",50% bullish,of 4 ratings,N/A
FGEN,$23.5,1441120270765,"50,853",100% bearish,of 1 rating,$39
LION,$18.68,1441120270792,"29,398",100% bullish,of 1 rating,$20
FENX,$9.95,1441120270926,"9,077",100% bullish,of 1 rating,$14.25
FDUS,$14.4601,1441120270953,"4,093",50% bullish,of 2 ratings,$18
FRGI,$50.835,1441120270979,"18,784",50% bullish,of 2 ratings,$70
FSAM,$8.325,1441120271084,"1,168",100% bearish,of 1 rating,$10.25
FSFR,$8.7992,1441120271310,"9,970",100% bearish,of 1 rating,$11.50
FNSR,$15.29,1441120271445,"79,598",71% bullish,of 7 ratings,$24
FSC,$6.4861,1441120271476,"148,350",60% bullish,of 5 ratings,$8
FITBI,$27.37,1441120271502,"1,191",Not yet rated,NULL,N/A
FSCFL,$24.6,1441120271546,"1,000",Not yet rated,NULL,N/A
FITB,$19.27,1441120271576,"1,517,521",54% bullish,of 13 ratings,$22
FNGN,$31.5,1441120271632,"93,208",67% bullish,of 3 ratings,$47
FNJN,$1.7602,1441120271707,"14,851",100% bearish,of 1 rating,$5
FISI,$24.605,1441120271774,"3,586",100% bullish,of 2 ratings,$24.50
FNTC,NULL,1441120271863,0,Not yet rated,NULL,N/A
FBNC,$16.68,1441120271905,"1,408",100% bullish,of 1 rating,$20
FNTCW,NULL,1441120271934,0,Not yet rated,NULL,N/A
FNTCU,NULL,1441120272000,0,Not yet rated,NULL,N/A
FNLC,$18.4,1441120272033,"2,026",100% bullish,of 1 rating,N/A
FEYE,$37.4824,1441120272104,"676,170",88% bullish,of 16 ratings,$55.50
BUSE,$6.35,1441120272279,"10,406",Not yet rated,NULL,$6.875
FRBA,$6.09,1441120272342,800,Not yet rated,NULL,$8
FCVA,NULL,1441120272368,0,Not yet rated,NULL,N/A
FCAP,$26.5,1441120272392,200,Not yet rated,NULL,N/A
FBIZ,$22.305,1441120272596,"4,696",100% bearish,of 2 ratings,$26
FCNCA,$233.56,1441120272621,268,Not yet rated,NULL,N/A
FCFS,$40.21,1441120272659,"29,921",100% bearish,of 3 ratings,$47
FCCO,$12.24,1441120272694,"14,194",Not yet rated,NULL,$13.25
FCBC,$17.53,1441120272798,"1,304",Not yet rated,NULL,$18
FCLF,$9.19,1441120272832,"1,500",Not yet rated,NULL,N/A
FDEF,$36.84,1441120273053,"6,618",Not yet rated,NULL,$38
FFBC,$17.865,1441120273083,"13,711",67% bearish,of 3 ratings,$20.25
FBNK,$16.64,1441120273114,"3,224",100% bearish,of 1 rating,$17.50
FFBCW,NULL,1441120273138,0,100% bearish,of 1 rating,N/A
FFNM,$6.39,1441120273181,200,Not yet rated,NULL,N/A
FCFP,$6.95,1441120273351,100,Not yet rated,NULL,N/A
FFNW,$12.07,1441120273410,"8,022",Not yet rated,NULL,$14
INBK,$31.9999,1441120273481,"3,062",50% bullish,of 2 ratings,$37
FRME,$25.57,1441120273565,"39,069",Not yet rated,NULL,$26.50
THFF,$32.75,1441120273710,"5,073",Not yet rated,NULL,$35
FFIN,$30.08,1441120273842,"22,233",50% bullish,of 2 ratings,$31.75
FNWB,$12.0799,1441120273915,"4,390",Not yet rated,NULL,N/A
FNFG,$9.01,1441120273973,"485,352",80% bullish,of 5 ratings,$9
FFWM,$21.15,1441120274002,"2,874",Not yet rated,NULL,$24
FNBC,$33.84,1441120274024,"4,633",Not yet rated,NULL,$40
FMBH,NULL,1441120274075,0,Not yet rated,NULL,N/A
FMBI,$17.13,1441120274173,"52,299",Not yet rated,NULL,$20
FSFG,$30.94,1441120274200,100,Not yet rated,NULL,N/A
FSLR,$48.49,1441120274278,"424,951",72% bullish,of 39 ratings,$65
FIBK,$26.12,1441120274454,"29,031",Not yet rated,NULL,$32
FSBK,$7.69,1441120274479,300,100% bullish,of 1 rating,N/A
BICK,NULL,1441120274506,0,100% bullish,of 1 rating,N/A
FSGI,$2.48,1441120274527,158,Not yet rated,NULL,N/A
FCAN,$24.22,1441120274705,150,Not yet rated,NULL,N/A
FBZ,NULL,1441120274750,0,Not yet rated,NULL,N/A
FV,$23,1441120274835,"628,022",100% bearish,of 1 rating,N/A
FTCS,$35.7099,1441120274918,"3,182",100% bearish,of 1 rating,N/A
FTSM,$59.9897,1441120275005,"13,270",100% bearish,of 1 rating,N/A
FEMB,NULL,1441120275104,0,Not yet rated,NULL,N/A
FEUZ,$30.71,1441120275130,20,Not yet rated,NULL,N/A
FCA,$18.7156,1441120275201,"1,350",Not yet rated,NULL,N/A
IFV,$17.3701,1441120275384,"189,771",100% bearish,of 1 rating,N/A
HYLS,$49.5283,1441120275522,"6,531",100% bearish,of 1 rating,N/A
FGM,$34.9006,1441120275562,994,Not yet rated,NULL,N/A
TDIV,$24.3,1441120275595,"18,752",100% bearish,of 1 rating,N/A
MDIV,$19.0399,1441120275727,"48,394",Not yet rated,NULL,N/A
YDIV,$16.23,1441120275758,"1,869",Not yet rated,NULL,N/A
FTGC,$22.3576,1441120275785,"11,356",Not yet rated,NULL,N/A
FTHI,$18.94,1441120275856,226,Not yet rated,NULL,N/A
SKYY,$28.4799,1441120275917,"28,750",100% bullish,of 1 rating,N/A
FHK,$32.28,1441120276213,"1,451",Not yet rated,NULL,N/A
FJP,$45.2028,1441120276240,"8,173",Not yet rated,NULL,N/A
LMBS,$50.36,1441120276262,200,Not yet rated,NULL,N/A
CU,$12.77,1441120276286,"2,540",100% bearish,of 1 rating,N/A
PLTM,$6.31,1441120276320,"2,116",100% bearish,of 1 rating,N/A
FMB,$51.3,1441120276416,202,Not yet rated,NULL,N/A
QABA,$36.9,1441120276549,"1,479",100% bearish,of 1 rating,N/A
FPXI,$26.49,1441120276587,300,Not yet rated,NULL,N/A
GRID,$31.16,1441120276611,320,100% bearish,of 1 rating,N/A
CIBR,$17.5209,1441120276694,"30,762",Not yet rated,NULL,N/A
QCLN,$14.852,1441120276797,"9,385",Not yet rated,NULL,N/A
CARZ,$33.75,1441120276828,900,100% bearish,of 1 rating,N/A
RDVY,$20.65,1441120276930,610,Not yet rated,NULL,N/A
FONE,NULL,1441120276993,0,Not yet rated,NULL,N/A
QQXT,$39.61,1441120277123,"5,462",Not yet rated,NULL,N/A
AIRR,$16.3557,1441120277212,"2,196",100% bearish,of 1 rating,N/A
QINC,$20.02,1441120277253,100,Not yet rated,NULL,N/A
FTLB,$19.43,1441120277347,10,100% bearish,of 1 rating,N/A
FTSL,$48.846,1441120277376,"16,874",100% bearish,of 1 rating,N/A
FSZ,$38.51,1441120277478,"2,548",Not yet rated,NULL,N/A
FDIV,NULL,1441120277610,0,100% bearish,of 1 rating,N/A
FTW,$30.92,1441120277640,100,Not yet rated,NULL,N/A
QTEC,$39.49,1441120277742,"9,565",Not yet rated,NULL,N/A
FKU,$40.8,1441120277815,"4,152",Not yet rated,NULL,N/A
FKO,$22.9,1441120277844,200,Not yet rated,NULL,N/A
FUNC,NULL,1441120277869,0,Not yet rated,NULL,N/A
SVVC,$9.43,1441120278082,"9,934",50% bullish,of 2 ratings,$26
QQEW,$41.0501,1441120278109,"31,954",Not yet rated,NULL,N/A
FSV,$31.34,1441120278154,"5,900",Not yet rated,NULL,$33.60
FIVE,$38.33,1441120278288,"277,333",75% bearish,of 4 ratings,$44
FPRX,$18.85,1441120278313,"96,781",50% bullish,of 2 ratings,$35
TUSA,NULL,1441120278483,0,Not yet rated,NULL,N/A
FLKS,$11.9,1441120278577,"3,509",50% bullish,of 2 ratings,$27
FLXN,$24.09,1441120278608,"13,829",100% bearish,of 1 rating,$40
FIVN,$3.9188,1441120278635,"22,350",100% bullish,of 1 rating,$8.50
FMER,$17.38,1441120278705,"193,829",50% bullish,of 2 ratings,$20
SKOR,$50.76,1441120278730,800,Not yet rated,NULL,N/A
MBSD,$25.14,1441120278864,408,Not yet rated,NULL,N/A
FLEX,$10.23,1441120278954,"424,766",63% bullish,of 8 ratings,$12
FLIR,$28.17,1441120279159,"160,088",100% bearish,of 1 rating,$38.50
FISV,$83.88,1441120279198,"144,808",100% bearish,of 3 ratings,$90
FFIC,$19.5,1441120279253,"6,294",Not yet rated,NULL,$20.50
FOGO,$19.31,1441120279447,"16,732",50% bullish,of 2 ratings,$25.50
FOMX,$10.26,1441120279476,"21,202",50% bullish,of 2 ratings,$23.50
FONR,$9.54,1441120279582,700,100% bullish,of 1 rating,N/A
FLXS,$30.77,1441120279650,"6,879",100% bearish,of 2 ratings,N/A
FORR,$31.03,1441120279787,"4,198",Not yet rated,NULL,N/A
FORM,$6.7,1441120279815,"29,784",67% bullish,of 3 ratings,$10.50
FTNT,$41.2201,1441120279891,"219,506",80% bullish,of 10 ratings,$52
FBIO,$2.72,1441120280082,"9,450",83% bullish,of 6 ratings,N/A
FWRD,$44.17,1441120280212,"16,590",100% bearish,of 1 rating,$50
FLDM,$12.02,1441120280346,"65,554",67% bearish,of 3 ratings,$15
FORD,$1.64,1441120280371,"2,111,980",67% bullish,of 3 ratings,N/A
FLML,$21.42,1441120280417,"30,344",50% bullish,of 2 ratings,$30
FMI,$22.69,1441120280550,"34,569",100% bearish,of 2 ratings,$27.50
FES,$0.8501,1441120280593,250,50% bullish,of 2 ratings,$1
FORTY,NULL,1441120280618,0,100% bearish,of 1 rating,N/A
FOXF,$14.95,1441120280686,"16,987",100% bearish,of 1 rating,$19
FXCB,$17.14,1441120280874,"2,612",Not yet rated,NULL,$19
FRAN,$11.21,1441120280914,"94,845",50% bullish,of 4 ratings,$15
FREE,$0.3855,1441120280943,"112,948",92% bullish,of 12 ratings,N/A
FELE,$28.3,1441120281044,"41,645",50% bullish,of 4 ratings,$33
FEIM,$10.92,1441120281292,"3,500",100% bearish,of 1 rating,N/A
FRPT,$13.03,1441120281317,"71,316",67% bearish,of 3 ratings,$23.50
FTR,$5.015,1441120281349,"2,823,664",78% bullish,of 27 ratings,$6.25
FTRPR,$100.2001,1441120281537,"1,500",100% bearish,of 1 rating,N/A
FRPH,$30.5,1441120281631,901,100% bearish,of 1 rating,N/A
FTD,$29.7,1441120281673,"20,770",100% bearish,of 1 rating,$40
FSYS,$6.85,1441120281697,"44,287",67% bullish,of 3 ratings,$10
FCEL,$0.9006,1441120281954,"1,673,103",88% bullish,of 41 ratings,$2.65
FRED,$13.07,1441120281983,"26,296",50% bullish,of 2 ratings,$15.50
FOSL,$61.005,1441120282004,"188,696",60% bearish,of 5 ratings,$80
FTEK,$2.03,1441120282135,"51,740",75% bullish,of 4 ratings,N/A
FULLL,$25.17,1441120282193,200,Not yet rated,NULL,N/A
RAIL,$21.2001,1441120282339,"19,449",100% bearish,of 1 rating,$24.50
FULT,$11.84,1441120282417,"119,655",100% bearish,of 1 rating,$13
FFHL,NULL,1441120282567,0,50% bullish,of 4 ratings,N/A
FSNN,$2.04,1441120282593,400,67% bullish,of 3 ratings,$6
FXEN,$0.9655,1441120282797,"6,785",75% bullish,of 4 ratings,$1.10
FXENP,$15.86,1441120282828,"1,067",100% bearish,of 1 rating,N/A
FSBW,NULL,1441120282895,0,Not yet rated,NULL,N/A
GK,$66,1441120282987,"6,610",Not yet rated,NULL,$78
WILC,NULL,1441120283119,0,100% bullish,of 2 ratings,N/A
GAIA,$6.0603,1441120283170,"2,000",50% bullish,of 2 ratings,$8.50
GLPG,$58.61,1441120283263,"9,493",100% bullish,of 1 rating,$75
GALTU,NULL,1441120283352,0,100% bearish,of 1 rating,N/A
GALTW,NULL,1441120283486,0,100% bullish,of 1 rating,N/A
GALE,$1.62,1441120283512,"919,949",89% bullish,of 47 ratings,$4
GALT,$2.17,1441120283539,"13,374",80% bullish,of 5 ratings,N/A
FULL,$3.1175,1441120283589,"5,399",67% bearish,of 3 ratings,$4.25
FWP,$26.36,1441120283668,"2,778",100% bearish,of 1 rating,$45
FLL,$1.49,1441120283747,262,75% bullish,of 4 ratings,$3.50
GLMD,$8.2499,1441120283879,"8,500",67% bullish,of 3 ratings,$20.50
GRMN,$37.11,1441120283904,"199,773",50% bullish,of 6 ratings,$46.50
GGACR,NULL,1441120283931,0,100% bullish,of 1 rating,N/A
GPIC,$9.5,1441120283952,786,100% bearish,of 1 rating,N/A
GGACW,NULL,1441120284206,0,Not yet rated,NULL,N/A
GGACU,$10.22,1441120284235,100,Not yet rated,NULL,N/A
GNCMA,$16.81,1441120284311,"26,727",100% bearish,of 1 rating,$12
GARS,$14.42,1441120284337,"8,070",Not yet rated,NULL,$16
GENC,$9.0134,1441120284364,620,100% bearish,of 1 rating,N/A
GFN,$3.7,1441120284413,"3,800",100% bearish,of 2 ratings,$8
GFNCP,$91.5,1441120284628,600,Not yet rated,NULL,N/A
GNCA,$11.66,1441120284732,"43,970",100% bearish,of 1 rating,$20
GNMK,$10.14,1441120284771,"28,987",67% bullish,of 6 ratings,$14
GFNSL,NULL,1441120284800,0,Not yet rated,NULL,N/A
GHDX,$26.68,1441120284827,"30,561",50% bullish,of 2 ratings,$30
GENE,$2.42,1441120284906,"74,444",100% bullish,of 12 ratings,N/A
GNTX,$15.42,1441120285039,"329,558",Not yet rated,NULL,$20
GNVC,$2.4,1441120285090,"15,514",90% bullish,of 10 ratings,$8.50
GLPI,$30.85,1441120285220,"57,085",100% bearish,of 1 rating,$37.50
GABC,$28.6,1441120285373,"2,708",Not yet rated,NULL,$31
GTWN,NULL,1441120285404,0,Not yet rated,NULL,N/A
GEOS,$17.225,1441120285430,"19,596",100% bearish,of 3 ratings,$21
GERN,$3.03,1441120285468,"427,359",88% bullish,of 16 ratings,$5.25
GIGM,$0.53,1441120285636,"7,399",100% bullish,of 2 ratings,N/A
GGAC,NULL,1441120285660,0,100% bearish,of 1 rating,N/A
GIII,$68.8501,1441120285793,"68,537",67% bullish,of 3 ratings,$75
GIGA,$1.5699,1441120285818,"114,922",100% bearish,of 1 rating,N/A
GILT,$4.12,1441120285989,"3,330",50% bullish,of 2 ratings,N/A
GILD,$103.62,1441120286070,"2,294,889",91% bullish,of 87 ratings,$129
GBCI,$25.36,1441120286347,"83,984",50% bullish,of 2 ratings,$31
GOOD,$14.24,1441120286473,"14,687",Not yet rated,NULL,$19
GOODN,$25.61,1441120286578,300,Not yet rated,NULL,N/A
GOODO,$25,1441120286729,1,Not yet rated,NULL,N/A
THRM,$45.1,1441120286754,"47,112",75% bearish,of 4 ratings,$55.50
GOODP,$25.2,1441120286826,642,Not yet rated,NULL,N/A
GAIN,$7.3552,1441120286893,"31,965",100% bullish,of 2 ratings,$8.25
GAINN,$24.86,1441120287085,749,Not yet rated,NULL,N/A
ROCK,$16.03,1441120287110,"89,857",80% bullish,of 5 ratings,$24
GAINP,$25.9,1441120287151,1,Not yet rated,NULL,N/A
LAND,$9.0782,1441120287366,"40,629",50% bullish,of 2 ratings,$13.75
GLBZ,$11.25,1441120287646,457,Not yet rated,NULL,N/A
GBT,$48,1441120287682,"29,398",100% bearish,of 1 rating,N/A
GLAD,$8.85,1441120287711,"107,800",50% bullish,of 2 ratings,$8.75
GDEF,NULL,1441120287816,0,Not yet rated,NULL,N/A
GEVO,$2.3742,1441120287905,"157,427",75% bullish,of 12 ratings,$5
GBLI,$26.79,1441120288038,"7,600",Not yet rated,NULL,N/A
GSOL,$8.185,1441120288091,"3,724",100% bearish,of 1 rating,N/A
QQQC,$18.272,1441120288195,"1,443",100% bearish,of 1 rating,N/A
ACTX,NULL,1441120288222,0,100% bullish,of 1 rating,N/A
ALTY,$14.31,1441120288470,200,Not yet rated,NULL,N/A
GLADO,$25.55,1441120288494,100,Not yet rated,NULL,N/A
SRET,$12.9,1441120288717,207,Not yet rated,NULL,N/A
YLCO,$11.6198,1441120288783,500,Not yet rated,NULL,N/A
GAI,$6.35,1441120288808,"10,397",50% bullish,of 2 ratings,N/A
GSM,$13.2045,1441120288975,"98,284",50% bullish,of 2 ratings,$22
GAINO,$25.2,1441120289004,542,Not yet rated,NULL,N/A
GBIM,$2.7,1441120289107,"4,053",50% bullish,of 2 ratings,N/A
GLBS,NULL,1441120289133,0,67% bullish,of 3 ratings,N/A
GLUU,$4.415,1441120289260,"318,937",92% bullish,of 26 ratings,$9
GLRI,$1.0001,1441120289361,105,100% bearish,of 1 rating,$4.25
GLYC,$7.02,1441120289386,"1,996",50% bullish,of 2 ratings,$14
GOGO,$15.8552,1441120289410,"94,648",80% bullish,of 5 ratings,$25
GLNG,$38.22,1441120289586,"226,320",83% bullish,of 6 ratings,$55.50
ENT,$11.25,1441120289613,"29,134",100% bearish,of 1 rating,$18
GMLP,$19.71,1441120289742,"37,611",50% bullish,of 4 ratings,$29
GDEN,NULL,1441120289887,0,50% bullish,of 2 ratings,N/A
GOGL,$3.03,1441120289980,"27,632",75% bullish,of 4 ratings,$5
GPACU,NULL,1441120290012,0,Not yet rated,NULL,N/A
GOOG,$607.27,1441120290053,"576,767",88% bullish,of 72 ratings,$825
GBDC,$17.08,1441120290197,"105,577",Not yet rated,NULL,$17.75
GOOGL,$638.99,1441120290236,"347,162",88% bullish,of 1082 ratings,$749
GMAN,$3.76,1441120290367,"9,096",60% bullish,of 5 ratings,$8.50
GPIA,NULL,1441120290397,0,100% bearish,of 1 rating,N/A
GPRO,$42.95,1441120290423,"4,127,217",78% bullish,of 58 ratings,$72
GPIAU,NULL,1441120290576,0,Not yet rated,NULL,N/A
GPIAW,NULL,1441120290618,0,Not yet rated,NULL,N/A
SOCL,$17.26,1441120290669,"4,026",100% bullish,of 2 ratings,N/A
LOPE,$37.22,1441120290725,"51,542",100% bearish,of 2 ratings,$50
GRVY,$3.29,1441120290879,"8,100",50% bullish,of 2 ratings,N/A
GBSNU,NULL,1441120290926,0,NULL,NULL,NULL
GBSN,$0.2972,1441120290957,"2,209,898",50% bullish,of 2 ratings,$8.25
GLDC,$4.0144,1441120290982,"1,900",50% bullish,of 2 ratings,N/A
GLDD,$5.38,1441120291062,"21,008",100% bearish,of 4 ratings,$7.75
GSBC,$39.93,1441120291135,"6,500",100% bullish,of 1 rating,$44
GRBK,$11.97,1441120291292,"31,730",77% bullish,of 13 ratings,N/A
GPRE,$20.7,1441120291344,"97,629",67% bullish,of 6 ratings,$28.50
GCBC,$28.497,1441120291448,456,100% bullish,of 1 rating,N/A
GPP,$14.2,1441120291516,"4,908",Not yet rated,NULL,$20.50
GRIF,NULL,1441120291603,0,100% bearish,of 1 rating,N/A
GRPN,$4.47,1441120291631,"1,145,379",61% bullish,of 71 ratings,$6.75
GTIM,$6.78,1441120291656,"4,135",Not yet rated,NULL,$11.50
GGAL,$19.16,1441120291833,"60,726",80% bullish,of 5 ratings,$40
OMAB,$41.2,1441120291931,"6,786",100% bullish,of 1 rating,$44
GSIT,$4.62,1441120291960,"1,950",100% bearish,of 1 rating,N/A
GSIG,$12.98,1441120291987,907,100% bearish,of 2 ratings,N/A
GSVC,$8.56,1441120292119,"24,279",50% bullish,of 2 ratings,$15.75
GTXI,$0.8631,1441120292387,"1,100",100% bullish,of 5 ratings,$.75
GUID,$6.99,1441120292426,"41,798",100% bearish,of 3 ratings,$10
GFED,NULL,1441120292491,0,Not yet rated,NULL,$17
GBNK,$15.7,1441120292562,"3,883",100% bearish,of 1 rating,$18
GURE,$1.701,1441120292718,"4,400",88% bullish,of 8 ratings,N/A
GULTU,$0.3211,1441120292753,"2,345",100% bearish,of 1 rating,N/A
GPOR,$35,1441120292782,"322,901",75% bullish,of 4 ratings,$54
GWPH,$104.7,1441120292884,"33,756",78% bullish,of 9 ratings,$148.50
GWGH,$8.15,1441120293073,200,100% bearish,of 1 rating,$15.05
GNBC,$11.765,1441120293137,"2,823",100% bearish,of 1 rating,$16.50
GYRO,$28.75,1441120293209,"58,408",100% bearish,of 1 rating,N/A
HEES,$19.735,1441120293343,"69,972",67% bearish,of 3 ratings,$31
HNRG,$7.8999,1441120293592,"12,679",100% bearish,of 1 rating,$10
HALL,$11.3,1441120293653,"3,362",Not yet rated,NULL,N/A
HBK,$13.8,1441120293694,"1,153",50% bullish,of 2 ratings,N/A
GLRE,$25.16,1441120293786,"45,862",50% bullish,of 2 ratings,$41
HMPR,$1.86,1441120293924,"2,000",100% bullish,of 1 rating,N/A
HBHCL,$24.195,1441120293989,"10,411",Not yet rated,NULL,N/A
HBHC,$26.9175,1441120294015,"91,101",50% bullish,of 2 ratings,$30
HNSN,$0.5409,1441120294261,"19,450",88% bullish,of 8 ratings,$.40
HNH,$24.2,1441120294290,"2,250",100% bullish,of 1 rating,N/A
HAFC,$23.61,1441120294320,"33,469",100% bullish,of 2 ratings,$28.50
HQCL,$12.47,1441120294423,"14,171",67% bullish,of 3 ratings,$14
GRFS,$29.75,1441120294555,"43,422",50% bullish,of 2 ratings,$35
GIFI,$12.8,1441120294628,"11,071",100% bearish,of 1 rating,$16
HLIT,$5.73,1441120294728,"36,034",100% bearish,of 1 rating,$6.50
HRMN,NULL,1441120294763,0,Not yet rated,NULL,N/A
HDNG,$10.0101,1441120294820,"2,940",50% bullish,of 4 ratings,N/A
HLG,$9,1441120294914,"10,262",100% bearish,of 1 rating,N/A
HRMNW,NULL,1441120295082,0,Not yet rated,NULL,N/A
HRMNU,NULL,1441120295109,0,Not yet rated,NULL,N/A
TINY,$2.44,1441120295155,"16,610",50% bullish,of 2 ratings,$5.26
HART,$1.2801,1441120295239,"109,212",100% bearish,of 1 rating,N/A
HCAP,$11.92,1441120295268,"4,000",50% bullish,of 2 ratings,$15
HCAPL,NULL,1441120295454,0,Not yet rated,NULL,N/A
HALO,$17.1001,1441120295587,"209,959",67% bullish,of 3 ratings,$22.50
HCOM,$21.75,1441120295644,400,100% bearish,of 1 rating,$28
HWBK,NULL,1441120295775,0,100% bearish,of 1 rating,N/A
HWKN,$37.7,1441120295837,"4,197",Not yet rated,NULL,N/A
HAYN,$37.755,1441120295967,"7,000",100% bearish,of 1 rating,$59
HIIQ,$5.06,1441120295992,"7,860",50% bullish,of 2 ratings,$7
HDS,$32.255,1441120296055,"162,425",100% bearish,of 2 ratings,$39.50
HQY,$28.7601,1441120296154,"25,181",67% bullish,of 3 ratings,$35
HCSG,$33.2,1441120296256,"28,321",50% bullish,of 4 ratings,$35
HSTM,$24.37,1441120296333,"12,626",50% bullish,of 2 ratings,$33.75
HWAY,$11.9745,1441120296427,"67,738",100% bearish,of 1 rating,$15
HTLD,$19.75,1441120296620,"92,046",Not yet rated,NULL,$22.50
HTBX,$4.1392,1441120296666,"102,216",50% bullish,of 2 ratings,$15.50
HTWR,$84.14,1441120296799,"28,618",50% bullish,of 2 ratings,$103
HELE,$83.2,1441120296954,"32,049",67% bearish,of 3 ratings,$100
HMTV,$13.4,1441120297209,"5,426",100% bearish,of 1 rating,$16
HNNA,$24.75,1441120297305,"2,077",Not yet rated,NULL,N/A
HMNY,NULL,1441120297343,0,100% bearish,of 1 rating,N/A
HCACU,NULL,1441120297367,0,Not yet rated,NULL,N/A
HA,$22.4524,1441120297581,"113,656",67% bullish,of 9 ratings,$27
HSIC,$134.69,1441120297607,"65,884",83% bullish,of 6 ratings,$146
HERO,NULL,1441120297683,0,NULL,NULL,NULL
HTBK,$10.48,1441120297844,"13,777",Not yet rated,NULL,$12
HEOP,$7.65,1441120298047,516,Not yet rated,NULL,$8.50
HFWA,$17.26,1441120298100,"4,682",100% bullish,of 1 rating,$20
HAS,$73.5201,1441120298229,"203,507",63% bullish,of 8 ratings,$84.50
HCCI,$11.5,1441120298432,"3,956",100% bearish,of 1 rating,$16.50
HRTX,$36.43,1441120298502,"500,150",57% bullish,of 7 ratings,$41
HSKA,$33.66,1441120298563,"7,629",100% bearish,of 1 rating,$38
HIBB,$39.31,1441120298842,"47,142",100% bearish,of 1 rating,$46.50
HPJ,$2.2,1441120298952,"5,631",75% bullish,of 4 ratings,$12.43
HIHO,$4.1004,1441120299013,"15,909",Not yet rated,NULL,N/A
HIMX,$6.74,1441120299283,"272,857",86% bullish,of 21 ratings,$8.50
HIFS,$116,1441120299340,800,Not yet rated,NULL,N/A
HSGX,$5.9,1441120299474,400,100% bearish,of 1 rating,$17
HMNF,$11.64,1441120299607,201,Not yet rated,NULL,N/A
HMSY,$10.15,1441120299635,"118,641",67% bullish,of 3 ratings,$19.35
HOLI,$17.0099,1441120299820,"59,069",50% bullish,of 4 ratings,$27
HOLX,$38.33,1441120299922,"285,123",50% bullish,of 4 ratings,$42
HBCP,$24.73,1441120299979,429,Not yet rated,NULL,$29
HOMB,$37.17,1441120300244,"18,900",Not yet rated,NULL,$42
AWAY,$28.26,1441120300308,"138,635",67% bullish,of 3 ratings,$36
HFBL,$21.58,1441120300375,998,Not yet rated,NULL,N/A
HMIN,$25.765,1441120300711,"43,735",100% bearish,of 2 ratings,$35
HTBI,$18.13,1441120300843,"11,944",67% bullish,of 3 ratings,$18.625
HMST,$22.02,1441120300869,"25,069",100% bullish,of 2 ratings,$27
HKTV,$4.29,1441120301118,"24,175",100% bearish,of 1 rating,N/A
CETC,$0.75,1441120301178,"32,125",86% bullish,of 7 ratings,N/A
HOFT,$23.62,1441120301346,"14,106",100% bearish,of 1 rating,N/A
HFBC,$11.22,1441120301480,2,Not yet rated,NULL,N/A
HBNC,$23.66,1441120301731,"4,377",100% bullish,of 1 rating,$27
HZNP,$29.01,1441120301863,"334,616",85% bullish,of 20 ratings,$40
HRZN,$10.4187,1441120302007,"3,196",50% bullish,of 2 ratings,$14.25
ZINC,$7.96,1441120302380,"153,491",100% bearish,of 1 rating,$17
HDP,$23.71,1441120302450,"26,308",67% bearish,of 3 ratings,$30.50
HMHC,$22.7,1441120303363,"153,840",Not yet rated,NULL,$27
HWCC,$7.58,1441120303423,"7,721",100% bearish,of 1 rating,$9
HBMD,NULL,1441120303926,0,100% bearish,of 1 rating,N/A
HOVNP,NULL,1441120303972,0,100% bearish,of 1 rating,N/A
HSNI,$60.14,1441120304694,"41,627",Not yet rated,NULL,$80
HTGM,$5.57,1441120305043,200,100% bearish,of 1 rating,$19.50
HUBG,$37.28,1441120305404,"31,027",100% bearish,of 1 rating,$43
HCBK,$9.01,1441120305667,"647,756",83% bullish,of 6 ratings,$8.61
HDSN,$3.08,1441120305847,172,100% bullish,of 1 rating,$6.25
HBAN,$10.585,1441120306061,"1,646,300",76% bullish,of 17 ratings,$12.29
HBANP,NULL,1441120306253,0,100% bearish,of 1 rating,N/A
HURC,$30.09,1441120306772,"2,539",100% bearish,of 1 rating,N/A
HURN,$71.61,1441120306975,"33,746",50% bullish,of 2 ratings,$80
HTCH,$1.4101,1441120307156,"50,040",100% bearish,of 1 rating,$3.50
HBP,$3.097,1441120307540,"1,580",100% bullish,of 1 rating,N/A
HSON,NULL,1441120307634,0,100% bearish,of 1 rating,$5
HDRA,NULL,1441120307765,0,Not yet rated,NULL,N/A
HDRAR,NULL,1441120307934,0,Not yet rated,NULL,N/A
HDRAU,$0.05,1441120308367,0,Not yet rated,NULL,N/A
HDRAW,NULL,1441120308919,0,Not yet rated,NULL,N/A
IDSY,$3.7101,1441120309246,"1,700",100% bearish,of 1 rating,$7
HYGS,$9,1441120309273,"7,052",50% bullish,of 2 ratings,$13
IACI,$69.39,1441120309666,"133,153",75% bullish,of 4 ratings,$90
IBKC,$59.04,1441120309795,"44,104",100% bullish,of 1 rating,$70
IKGH,$1.53,1441120309821,"11,930",75% bullish,of 4 ratings,N/A
ICAD,$3.86,1441120310107,"5,180",100% bullish,of 2 ratings,$7.25
ICFI,$33.58,1441120310155,"78,440",50% bullish,of 2 ratings,$48.50
ICLR,$76.47,1441120310191,"58,229",100% bearish,of 3 ratings,$85
IEP,$71.5,1441120310428,"22,364",75% bullish,of 4 ratings,$99
ICON,$13.53,1441120310515,"116,584",50% bullish,of 2 ratings,$28
ICUI,$112.57,1441120310540,"11,446",Not yet rated,NULL,$122
INVE,$4.65,1441120310793,"6,877",75% bullish,of 4 ratings,$4
IPWR,$7.27,1441120310900,200,100% bullish,of 1 rating,$15
IDRA,$2.935,1441120311078,"306,666",89% bullish,of 9 ratings,$6.50
IDXX,$70.81,1441120311329,"99,825",100% bearish,of 1 rating,$76
DSKY,$11.05,1441120311354,"8,218",67% bullish,of 6 ratings,$11.50
IROQ,$16.97,1441120311488,600,100% bullish,of 1 rating,N/A
RXDX,$13.82,1441120311870,"22,748",100% bullish,of 1 rating,$20
IRG,$4.72,1441120311895,"3,955",100% bearish,of 1 rating,$4.25
IIVI,$16.77,1441120312027,"19,749",100% bearish,of 1 rating,$22
KANG,$15.57,1441120312209,"138,626",50% bullish,of 2 ratings,$23.10
IKAN,$2.73,1441120312246,"2,110",83% bullish,of 6 ratings,$5
ILMN,$196.1,1441120312494,"152,667",80% bullish,of 5 ratings,$245
IKNX,NULL,1441120312531,0,100% bearish,of 1 rating,N/A
ISNS,$4.0733,1441120312711,"2,978",50% bullish,of 2 ratings,N/A
IMMR,$11.3,1441120312915,"38,639",80% bullish,of 5 ratings,$15.50
ICCC,$6.906,1441120313047,"5,023",100% bullish,of 1 rating,N/A
IMDZ,$15.74,1441120313072,"20,706",100% bearish,of 1 rating,$33
IMNP,$1.2488,1441120313298,"70,200",50% bullish,of 2 ratings,$6
IMGN,$13.27,1441120313370,"129,343",75% bullish,of 4 ratings,$17.50
IPXL,$41.09,1441120313707,"85,263",67% bullish,of 3 ratings,$46.50
IMMY,$7.65,1441120314056,600,100% bearish,of 1 rating,$11
IMMU,$2.19,1441120314187,"271,115",86% bullish,of 7 ratings,$2
INCR,$41.755,1441120314261,"126,827",50% bullish,of 2 ratings,$53
SAAS,$7.24,1441120314391,"55,807",50% bullish,of 2 ratings,$15
INDB,$43.98,1441120314691,"5,598",Not yet rated,NULL,$44
IBCP,$14.06,1441120314823,"31,313",100% bullish,of 1 rating,$14.50
INCY,$117.44,1441120314954,"212,827",50% bullish,of 6 ratings,$125.50
IBTX,$40.71,1441120315042,"6,084",100% bullish,of 2 ratings,$47.25
IDSA,NULL,1441120315313,0,Not yet rated,NULL,N/A
INFI,$8.7099,1441120315470,"64,891",50% bullish,of 4 ratings,$16.50
INFN,$21.6601,1441120315495,"256,483",71% bullish,of 7 ratings,$28
IPCC,$76.41,1441120315785,"2,557",Not yet rated,NULL,$77.50
IFON,$1.25,1441120316082,"10,723",75% bullish,of 4 ratings,N/A
III,$3.68,1441120316274,"18,704",57% bullish,of 7 ratings,$6
IMKTA,$50.1,1441120316300,"8,422",100% bearish,of 1 rating,N/A
INWK,$7.02,1441120316503,"13,228",50% bullish,of 2 ratings,$10
INOD,$2.4,1441120316659,"1,800",100% bearish,of 1 rating,N/A
INNL,NULL,1441120316684,0,100% bearish,of 1 rating,$16.50
IPHS,$47.3,1441120316898,"30,384",100% bearish,of 1 rating,$60
IOSP,$48.75,1441120316994,"40,624",100% bearish,of 1 rating,N/A
INGN,$48.56,1441120317238,"32,311",100% bearish,of 1 rating,$50.50
ISSC,$2.8401,1441120317267,"1,175",67% bearish,of 3 ratings,N/A
ITEK,$11.965,1441120317368,"92,283",100% bearish,of 3 ratings,$20
INOV,$21.55,1441120317618,"57,389",100% bearish,of 1 rating,$33
INO,$7.32,1441120317751,"239,727",89% bullish,of 18 ratings,$20
NSIT,$24.77,1441120317823,"16,536",50% bullish,of 2 ratings,N/A
ISIG,$2.75,1441120318002,550,100% bearish,of 1 rating,N/A
INSM,$23.96,1441120318181,"67,560",71% bullish,of 7 ratings,$31.50
IIIN,$16.88,1441120318206,"10,415",100% bearish,of 2 ratings,N/A
PODD,$28.86,1441120318435,"44,067",67% bearish,of 3 ratings,$35
INSY,$33.9911,1441120318508,"184,483",75% bullish,of 4 ratings,$48
NTEC,$5.54,1441120318639,"1,781",100% bearish,of 1 rating,N/A
IART,$59.67,1441120318844,"24,798",100% bearish,of 2 ratings,$71.50
IDTI,$18.67,1441120318975,"328,454",60% bullish,of 5 ratings,$25
IESC,NULL,1441120319058,0,100% bearish,of 1 rating,N/A
ISSI,$21.89,1441120319192,"20,347",67% bullish,of 3 ratings,$19.75
IQNT,$18.21,1441120319412,"34,886",86% bullish,of 7 ratings,$20
INTC,$27.99,1441120319462,"8,354,536",82% bullish,of 238 ratings,$36
IPCI,$2.2099,1441120319590,"14,862",67% bullish,of 6 ratings,$8
IPAR,$25.29,1441120319697,"4,362",67% bullish,of 3 ratings,$38
IBKR,$38.8,1441120319914,"192,436",100% bullish,of 1 rating,N/A
ININ,$35.5,1441120319970,"23,818",67% bearish,of 3 ratings,$57
ICPT,$183.5,1441120320067,"64,722",70% bullish,of 10 ratings,$359.50
ICLD,$1.87,1441120320308,"42,631",75% bullish,of 4 ratings,N/A
ICLDW,$1.18,1441120320442,425,100% bearish,of 1 rating,N/A
IDCC,$49.1,1441120320545,"66,688",80% bullish,of 5 ratings,$63
TILE,$23.88,1441120320850,"56,452",100% bearish,of 3 ratings,$27
INAP,$8.9,1441120320907,"244,326",75% bullish,of 4 ratings,$11
IMI,$2.05,1441120320932,"11,463",67% bullish,of 3 ratings,$2.22
IBOC,$24.89,1441120321208,"12,944",100% bearish,of 1 rating,N/A
ISCA,$31.64,1441120321235,"12,329",100% bearish,of 1 rating,N/A
IGLD,$6.92,1441120321516,"3,500",50% bullish,of 2 ratings,N/A
PTNT,$2.98,1441120321697,5,Not yet rated,NULL,N/A
IIJI,NULL,1441120321747,0,50% bullish,of 2 ratings,$11.50
INPH,$0.3001,1441120321937,"2,000",50% bullish,of 2 ratings,N/A
XENT,$25.96,1441120322034,"43,482",50% bullish,of 2 ratings,$36.50
ISIL,$10.49,1441120322263,"173,592",50% bullish,of 6 ratings,$15
INTX,$2.06,1441120322289,"3,554",67% bullish,of 3 ratings,N/A
IILG,$19.2,1441120322495,"30,927",100% bearish,of 1 rating,$29
IVAC,$4.67,1441120322600,"8,504",100% bearish,of 1 rating,$6.625
INTL,$26.01,1441120322738,"23,389",67% bearish,of 3 ratings,N/A
INTLL,$25.6,1441120322873,300,Not yet rated,NULL,N/A
ITCI,$27.12,1441120323088,"186,941",75% bearish,of 4 ratings,$40
INTU,$84.6105,1441120323173,"329,638",86% bullish,of 7 ratings,$107.50
IIN,$6.25,1441120323198,"1,000",100% bearish,of 1 rating,$12
ISRG,$507.55,1441120323480,"45,367",67% bullish,of 3 ratings,$600
INVT,$0.33,1441120323546,"44,935",67% bullish,of 3 ratings,N/A
SNAK,$8.46,1441120323617,"22,177",50% bullish,of 2 ratings,$14
ISTR,$15.6,1441120323787,159,100% bearish,of 1 rating,$18.50
ISBC,$11.525,1441120323953,"649,766",100% bullish,of 1 rating,$13.25
ITIC,$70,1441120324123,100,100% bearish,of 2 ratings,N/A
NVIV,$9.42,1441120324339,"49,006",50% bullish,of 4 ratings,$24.50
IVTY,$13.6,1441120324471,"1,900",Not yet rated,NULL,$18
IPAS,$1.09,1441120324722,"1,700",67% bullish,of 3 ratings,N/A
DTUL,$64.48,1441120324805,"1,062",Not yet rated,NULL,N/A
DFVL,$66.06,1441120324964,830,Not yet rated,NULL,N/A
IPCM,$79.42,1441120325332,"20,893",50% bullish,of 2 ratings,$80.125
IPGP,$82.65,1441120325462,"53,832",67% bearish,of 3 ratings,$109.50
IRMD,$23.86,1441120325502,"13,472",67% bearish,of 3 ratings,$25
IRIX,$6.7501,1441120325779,"12,049",100% bearish,of 1 rating,N/A
IRDM,$7.1,1441120325968,"153,907",60% bullish,of 5 ratings,$11.50
IRDMB,NULL,1441120326055,0,67% bearish,of 3 ratings,N/A
IRBT,$29.05,1441120326223,"18,457",67% bullish,of 6 ratings,$37
IRWD,$11.05,1441120326271,"225,937",100% bearish,of 1 rating,$13
IRCP,NULL,1441120326450,0,100% bullish,of 2 ratings,N/A
COMT,$33.26,1441120326598,"4,972",100% bearish,of 1 rating,N/A
GNMA,$50.23,1441120326704,"3,300",Not yet rated,NULL,N/A
FCHI,NULL,1441120326810,0,NULL,NULL,NULL
IFAS,NULL,1441120327024,0,NULL,NULL,NULL
IFEU,$37.22,1441120327158,"5,696",Not yet rated,NULL,N/A
IFNA,NULL,1441120327421,0,NULL,NULL,NULL
IFGL,$27.62,1441120327448,"38,157",Not yet rated,NULL,N/A
ACWX,$39.6371,1441120327475,"159,051",100% bearish,of 1 rating,N/A
AAXJ,$52.03,1441120327736,"117,000",Not yet rated,NULL,N/A
AXJS,NULL,1441120328008,0,NULL,NULL,NULL
EEMA,$49.06,1441120328146,"12,844",Not yet rated,NULL,N/A
EMDI,NULL,1441120328244,0,NULL,NULL,NULL
AAIT,NULL,1441120328268,0,NULL,NULL,NULL
EEME,NULL,1441120328394,0,NULL,NULL,NULL
EMEY,NULL,1441120328543,0,NULL,NULL,NULL
ACWI,$54.6,1441120328672,"358,870",Not yet rated,NULL,N/A
EGRW,NULL,1441120328695,0,NULL,NULL,NULL
EEML,$27.25,1441120328864,"1,379",Not yet rated,NULL,N/A
EVAL,NULL,1441120328887,0,NULL,NULL,NULL
EUFN,$21.1699,1441120329141,"21,262",100% bearish,of 1 rating,N/A
MLHR,$26.605,1441120329244,"32,447",50% bullish,of 2 ratings,$33.50
QAT,$21.48,1441120329307,"11,958",Not yet rated,NULL,N/A
IEUS,$45.355,1441120329379,"7,219",100% bearish,of 1 rating,N/A
UAE,$18.1,1441120329438,"18,459",Not yet rated,NULL,N/A
IBB,$338.77,1441120329642,"482,777",63% bullish,of 8 ratings,N/A
SOXX,$81.61,1441120329668,"91,438",50% bullish,of 2 ratings,N/A
EMIF,$27.9482,1441120329848,"1,235",Not yet rated,NULL,N/A
ICLN,$9.2627,1441120329944,"6,748",50% bullish,of 2 ratings,N/A
INDY,$26.69,1441120330222,"67,160",50% bullish,of 2 ratings,N/A
ISHG,$79.91,1441120330291,"5,154",100% bearish,of 1 rating,N/A
WOOD,$47.4399,1441120330316,"2,793",50% bullish,of 2 ratings,N/A
IGOV,$91.05,1441120330505,"4,004",100% bearish,of 1 rating,N/A
ISIS,$48.82,1441120330638,"505,650",53% bullish,of 15 ratings,$67
ISRL,NULL,1441120330687,0,100% bearish,of 1 rating,N/A
ISLE,$18.04,1441120330819,"80,771",50% bullish,of 4 ratings,$16
ITRI,$29.805,1441120330870,"34,927",100% bearish,of 1 rating,$37
ITRN,$24.01,1441120331073,600,50% bullish,of 2 ratings,N/A
ITUS,$4,1441120331106,"1,600",Not yet rated,NULL,N/A
IXYS,$11.76,1441120331311,"32,975",50% bullish,of 4 ratings,N/A
XXIA,$15.26,1441120331443,"57,741",71% bullish,of 7 ratings,$14.625
JJSF,$112.82,1441120331500,"1,304",100% bearish,of 1 rating,N/A
JBHT,$71.29,1441120331660,"224,728",50% bullish,of 4 ratings,$89.50
MAYS,NULL,1441120331685,0,Not yet rated,NULL,N/A
JASO,$8,1441120331872,"297,141",82% bullish,of 17 ratings,$10
JKHY,$66.66,1441120332004,"124,702",50% bullish,of 2 ratings,$72
JCOM,$67.6,1441120332055,"48,725",100% bullish,of 2 ratings,$77
JACK,$77.48,1441120332108,"71,998",83% bullish,of 6 ratings,$105
JXSB,$24.13,1441120332311,200,Not yet rated,NULL,N/A
JAXB,NULL,1441120332415,0,100% bullish,of 1 rating,N/A
JAGX,$3,1441120332472,200,Not yet rated,NULL,$10.50
JAKK,$9.48,1441120332764,"69,867",60% bearish,of 5 ratings,$11
JMBA,$13.96,1441120332794,"17,167",75% bullish,of 4 ratings,$18
JRVR,$27,1441120332895,"11,227",Not yet rated,NULL,$32
ERW,NULL,1441120332919,0,Not yet rated,NULL,N/A
JASN,$4.96,1441120333087,"5,400",50% bullish,of 2 ratings,$9.50
JAZZ,$168.36,1441120333221,"71,652",80% bullish,of 15 ratings,$206.50
JASNW,NULL,1441120333327,0,50% bullish,of 2 ratings,N/A
JD,$25.5175,1441120333353,"1,753,336",75% bullish,of 16 ratings,$36
JBLU,$22.03,1441120333397,"1,271,445",94% bullish,of 18 ratings,$27
DATE,$5.9899,1441120333700,"7,816",75% bullish,of 4 ratings,$9
JCTCF,NULL,1441120333731,0,100% bullish,of 1 rating,N/A
JTPY,$2.93,1441120333835,5,100% bearish,of 1 rating,N/A
JST,$3.9199,1441120333915,203,75% bullish,of 4 ratings,N/A
JIVE,$4.565,1441120333984,"57,130",75% bullish,of 4 ratings,$5
WYIGU,NULL,1441120334126,0,100% bearish,of 1 rating,N/A
JOEZ,$0.165,1441120334166,"3,070",92% bullish,of 12 ratings,N/A
JOUT,$24.58,1441120334371,126,100% bearish,of 1 rating,$34
JBSS,$51.06,1441120334447,"3,239",67% bearish,of 3 ratings,N/A
JNP,$10.74,1441120334474,"6,220",100% bullish,of 3 ratings,$15
JUNO,$35.72,1441120334526,"176,217",73% bullish,of 11 ratings,$71.50
KTWO,$20.91,1441120334730,"20,620",100% bearish,of 1 rating,$28.50
KALU,$82.65,1441120334827,"22,228",67% bearish,of 3 ratings,$91
KBIO,$2.12,1441120334856,"46,215",50% bullish,of 4 ratings,N/A
KMDA,$3.5,1441120335018,"6,160",50% bullish,of 2 ratings,$8
KNDI,$6.5752,1441120335150,"114,418",86% bullish,of 22 ratings,N/A
KCLI,$46.54,1441120335176,"2,267",Not yet rated,NULL,N/A
KPTI,$13.66,1441120335331,"38,830",67% bearish,of 3 ratings,$39
KBSF,NULL,1441120335376,0,100% bullish,of 1 rating,N/A
KCAP,$4.6301,1441120335525,"29,515",75% bullish,of 4 ratings,$6
KRNY,$11.31,1441120335631,"92,340",100% bearish,of 1 rating,$12
KELYB,NULL,1441120335826,0,50% bullish,of 2 ratings,N/A
KELYA,$14.21,1441120335892,"13,767",67% bullish,of 6 ratings,$20
KMPH,$18.95,1441120336088,"11,568",100% bearish,of 2 ratings,$22
KFFB,$8.6701,1441120336112,500,100% bearish,of 1 rating,N/A
KERX,$6.06,1441120336158,"158,611",82% bullish,of 11 ratings,$12
GMCR,$55.42,1441120336411,"447,885",71% bullish,of 42 ratings,$64
KEQU,$16.5701,1441120336490,440,100% bullish,of 1 rating,N/A
KTEC,$12.02,1441120336515,"4,399",Not yet rated,NULL,N/A
KTCC,$10.149,1441120336542,375,100% bearish,of 1 rating,$16
KFRC,$26.49,1441120336796,"31,793",100% bullish,of 2 ratings,$29
KE,$11.71,1441120336927,"2,382",67% bearish,of 3 ratings,$16
KBAL,$10.67,1441120336999,"10,608",50% bullish,of 2 ratings,N/A
KIN,$5.99,1441120337194,"4,645",50% bullish,of 2 ratings,$6.25
KONE,$4.1899,1441120337295,124,Not yet rated,NULL,N/A
KINS,$8.5,1441120337399,"5,932",100% bullish,of 1 rating,N/A
KGJI,$0.6501,1441120337454,"97,207",89% bullish,of 9 ratings,N/A
KIRK,$22.29,1441120337503,"9,334",50% bullish,of 2 ratings,$32
KITE,$52.79,1441120337647,"91,653",89% bullish,of 9 ratings,$85
KLAC,$49.01,1441120337782,"198,862",100% bearish,of 1 rating,$61.50
KONA,$18.29,1441120337910,"4,216",50% bullish,of 2 ratings,$28
KLXI,$38.04,1441120337984,"89,005",100% bearish,of 1 rating,$48.50
KZ,$6.45,1441120338163,"57,261",60% bearish,of 5 ratings,N/A
