Symbol,Price,Date,Volume,Rating,RatingVoteCount,OneYearEstimate
TFSC,NULL,1441721402774,0,100% bearish,of 1 rating,N/A
FCTY,$7.99,1441721402829,10,100% bullish,of 1 rating,$8.50
FCCY,$11.56,1441721402850,100,100% bullish,of 1 rating,$13
TFSCW,$0.3,1441721403006,"4,500",100% bearish,of 1 rating,N/A
PIH,$7.65,1441721403136,3,100% bearish,of 1 rating,N/A
TFSCU,NULL,1441721403166,0,Not yet rated,NULL,N/A
TFSCR,NULL,1441721403196,0,Not yet rated,NULL,N/A
DGLD,$83.6731,1441721403300,"2,537",100% bullish,of 1 rating,N/A
VNET,$18.04,1441721403325,"48,859",60% bullish,of 5 ratings,$35
FLWS,$8.65,1441721403400,"24,639",80% bullish,of 5 ratings,$15
TWOU,$35.5,1441721403506,"22,718",50% bullish,of 2 ratings,$39
SRCE,$30.47,1441721403539,"2,752",100% bullish,of 3 ratings,$33
JOBS,$26.39,1441721403639,"9,225",50% bullish,of 4 ratings,$36
USLV,$12.611,1441721403812,"33,200",86% bullish,of 7 ratings,N/A
DSLV,$67.99,1441721403877,"8,602",100% bearish,of 1 rating,N/A
UGLD,$8.9476,1441721403973,"13,024",100% bearish,of 1 rating,N/A
SIXD,$2.89,1441721404070,"3,665",Not yet rated,NULL,N/A
SHLM,$32.3,1441721404311,"4,274",100% bearish,of 1 rating,$47
EGHT,$7.84,1441721404443,"23,335",82% bullish,of 17 ratings,$11
AAON,$19.91,1441721404533,"5,791",100% bearish,of 1 rating,$24
AVHI,$13.97,1441721404564,"1,484",100% bearish,of 1 rating,$19
CAFD,$14.61,1441721404665,"4,447",Not yet rated,NULL,$24.50
ABGB,$5.8699,1441721404698,"16,750",67% bullish,of 3 ratings,$5.50
ABY,$20.63,1441721404748,"170,497",100% bearish,of 2 ratings,$46
ABEO,$4.79,1441721404796,"4,655",50% bullish,of 4 ratings,$15.50
ABAX,$47.67,1441721404885,"5,165",100% bearish,of 1 rating,$60
ABEOW,$1.7101,1441721405018,100,100% bullish,of 1 rating,N/A
ABMD,$94.705,1441721405089,"37,370",75% bullish,of 4 ratings,$100.50
ACTG,$9.24,1441721405215,"14,781",67% bullish,of 3 ratings,$18.50
AXAS,$1.6,1441721405318,"104,613",78% bullish,of 9 ratings,$3.50
ACHC,$73.5201,1441721405390,"40,166",50% bullish,of 2 ratings,$92
ANCX,$20,1441721405572,"3,681",Not yet rated,NULL,$20
XLRN,$28.8101,1441721405674,"17,103",50% bullish,of 2 ratings,$57
ACAD,$40.0282,1441721405739,"103,535",80% bullish,of 20 ratings,$48
ARAY,$6.6,1441721405769,"52,121",100% bearish,of 1 rating,$10.50
AXDX,$19.17,1441721405803,"13,186",100% bearish,of 1 rating,N/A
ACST,$0.3141,1441721405827,100,100% bullish,of 2 ratings,N/A
VXUP,$1.5,1441721405866,"19,324",100% bearish,of 1 rating,N/A
VXDN,$1.8601,1441721406044,"3,469",100% bearish,of 1 rating,N/A
ACRX,$3.99,1441721406072,"155,989",67% bearish,of 6 ratings,$7
ACET,$22.69,1441721406292,"5,396",75% bullish,of 4 ratings,$30
AKAO,$6.9272,1441721406317,"5,411",75% bullish,of 4 ratings,$15
ACIW,$21.37,1441721406508,"23,854",67% bearish,of 3 ratings,$24
ACNB,$20.4,1441721406550,200,Not yet rated,NULL,N/A
ACOR,$32.16,1441721406642,"18,114",67% bearish,of 3 ratings,$38.50
ATVI,$28.59,1441721406744,"814,166",67% bullish,of 84 ratings,$31.50
ACTS,NULL,1441721406787,0,100% bearish,of 1 rating,N/A
ACHN,$7.82,1441721406842,"1,203,608",90% bullish,of 21 ratings,$16
ACPW,$1.94,1441721406975,"10,365",100% bullish,of 4 ratings,$3.25
ACXM,$20.69,1441721407014,"10,687",67% bullish,of 3 ratings,N/A
ACTA,$14,1441721407045,"6,126",67% bearish,of 3 ratings,$25
ADMS,$19.22,1441721407213,"12,970",100% bearish,of 2 ratings,$36
ACUR,$2.8814,1441721407239,"1,700",100% bullish,of 5 ratings,$5
ADMP,$3.65,1441721407260,800,50% bullish,of 2 ratings,$10
ADUS,$29.05,1441721407417,"6,696",100% bearish,of 1 rating,$31
ADAP,$11.19,1441721407587,"1,045",67% bullish,of 3 ratings,$22
ADBE,$78.65,1441721407728,"207,372",61% bullish,of 18 ratings,$90
ADMA,$8.85,1441721407792,270,Not yet rated,NULL,$19
ADTN,$15.72,1441721407816,"14,795",67% bullish,of 3 ratings,$17.125
AEY,$2.39,1441721407861,100,100% bearish,of 2 ratings,N/A
ADEP,$7.6072,1441721407995,"16,220",50% bullish,of 2 ratings,$10.75
ADRO,$18.89,1441721408050,"16,357",80% bullish,of 5 ratings,$45.50
AMD,$1.84,1441721408178,"727,239",83% bullish,of 103 ratings,$2
ADXSW,NULL,1441721408208,0,100% bullish,of 1 rating,N/A
AEIS,$24.19,1441721408279,"16,883",50% bullish,of 2 ratings,$32.50
MULT,NULL,1441721408414,0,100% bearish,of 1 rating,N/A
AEGN,$17.92,1441721408440,"13,414",100% bearish,of 2 ratings,$21
ADXS,$13.57,1441721408486,"91,098",64% bullish,of 14 ratings,$27
YPRO,NULL,1441721408575,0,100% bearish,of 1 rating,N/A
AEGR,$17.87,1441721408679,"10,989",50% bullish,of 6 ratings,$26
AEHR,NULL,1441721408854,0,50% bullish,of 2 ratings,N/A
AMTX,$3,1441721408880,"2,228",50% bullish,of 2 ratings,N/A
AEZS,$0.0771,1441721409027,"3,774,078",90% bullish,of 21 ratings,$1.50
AERI,$16.14,1441721409058,"152,858",75% bullish,of 4 ratings,$31.50
AEPI,$59.95,1441721409161,"5,868",100% bearish,of 1 rating,N/A
AVAV,$20.59,1441721409188,"13,244",50% bullish,of 4 ratings,$28
AFMD,$9.56,1441721409213,"12,015",50% bullish,of 4 ratings,$15
AFFX,$9.3099,1441721409356,"92,745",80% bullish,of 5 ratings,$12.50
AGEN,$6.89,1441721409447,"25,156",85% bullish,of 13 ratings,$14
AEMD,$7.33,1441721409525,"26,531",Not yet rated,NULL,$27.50
AGRX,$8.27,1441721409686,"1,535",100% bearish,of 1 rating,$17.50
AGFS,$10.1,1441721409759,"3,099",100% bearish,of 1 rating,N/A
AGIO,$86.9,1441721409904,"24,549",88% bullish,of 8 ratings,$114
AGFSW,$2,1441721409935,"1,500",100% bearish,of 2 ratings,N/A
AGYS,$9.73,1441721409961,905,100% bearish,of 1 rating,N/A
AIMT,$23.52,1441721410035,"13,325",Not yet rated,NULL,$35.50
AMCN,$4.639,1441721410303,"46,126",83% bullish,of 6 ratings,N/A
AIRT,$22.53,1441721410370,935,100% bullish,of 1 rating,N/A
AIXG,$6.82,1441721410395,"2,632",67% bearish,of 3 ratings,$5.25
AIRM,$36.77,1441721410443,"22,683",80% bearish,of 5 ratings,$53
AKBA,$7.3669,1441721410583,"91,545",100% bearish,of 1 rating,$18
ATSG,$8.885,1441721410612,"12,738",67% bullish,of 3 ratings,$13
AKAM,$73.1,1441721410634,"106,629",63% bullish,of 8 ratings,$77.50
AKER,$2.78,1441721410655,320,Not yet rated,NULL,N/A
AKRX,$38.79,1441721410916,"42,138",78% bullish,of 9 ratings,$56
AMRI,$20.08,1441721411075,"12,573",75% bearish,of 4 ratings,$24
ALSK,$2.23,1441721411101,"6,818",78% bullish,of 18 ratings,$2
ALRM,$16.32,1441721411160,"2,108",100% bearish,of 1 rating,$22
ALDR,$41.55,1441721411390,"45,389",67% bearish,of 3 ratings,$62
ABDC,$12.9,1441721411571,"7,128",Not yet rated,NULL,$15
ALXA,$1.32,1441721411601,"1,500",83% bullish,of 6 ratings,$2.125
ALDX,$7.42,1441721411639,"3,137",100% bearish,of 1 rating,$14.50
ALGN,$54.95,1441721411703,"20,311",100% bearish,of 2 ratings,$73
ALXN,$174.39,1441721411739,"80,126",88% bullish,of 8 ratings,$223.50
ALIM,$2.97,1441721411769,"5,323",80% bullish,of 5 ratings,$10
ADHD,$7.65,1441721411837,"4,337",50% bullish,of 4 ratings,$18
ALCO,$42.31,1441721411866,"1,633",50% bullish,of 2 ratings,N/A
ALGT,$208.86,1441721412084,"10,660",100% bearish,of 2 ratings,$235
ALLB,$23.31,1441721412183,100,Not yet rated,NULL,N/A
ALKS,$65.58,1441721412211,"51,191",67% bullish,of 3 ratings,$75
AIQ,$14.84,1441721412362,"3,802",67% bullish,of 3 ratings,N/A
AFOP,$19.11,1441721412388,"14,578",75% bullish,of 8 ratings,$21
ARLP,$24.74,1441721412536,"18,772",67% bearish,of 3 ratings,$32
AHGP,$35.436,1441721412639,"4,264",67% bullish,of 3 ratings,N/A
ALNY,$100.665,1441721412853,"57,143",67% bullish,of 3 ratings,$151.50
AMOT,$17.62,1441721412880,"4,425",100% bearish,of 1 rating,N/A
ALLT,$5.14,1441721412912,"4,698",75% bullish,of 4 ratings,$6.25
MDRX,$13.095,1441721412939,"174,349",60% bullish,of 5 ratings,$16
ALQA,$4.58,1441721412965,"2,277",75% bullish,of 4 ratings,$8.50
AHPI,NULL,1441721413010,0,50% bullish,of 2 ratings,N/A
AFAM,$45.3425,1441721413096,"2,679",50% bullish,of 2 ratings,$44
SMCP,$23.66,1441721413249,475,Not yet rated,NULL,N/A
AOSL,$8.19,1441721413432,"1,044",67% bullish,of 3 ratings,$9
AIMC,$23.9,1441721413665,"19,917",100% bearish,of 2 ratings,$28.50
AYA,$20.7868,1441721413729,"1,961",100% bearish,of 1 rating,$40
ALTR,$50.485,1441721413755,"1,074,554",80% bearish,of 5 ratings,$54
ASPS,$26.37,1441721413782,"6,764",67% bullish,of 3 ratings,$46.50
ATEC,$0.57,1441721413829,"5,000",100% bullish,of 1 rating,$2
AMRN,$2.37,1441721413855,"77,825",85% bullish,of 40 ratings,$8
AMAG,$61.51,1441721413985,"31,147",100% bullish,of 2 ratings,$75
AMZN,$513.41,1441721414032,"598,587",81% bullish,of 269 ratings,$646
AMRK,$10.62,1441721414118,302,50% bullish,of 2 ratings,$14
AMBA,$72.6601,1441721414222,"492,993",77% bullish,of 13 ratings,$102.50
AMBC,$16.37,1441721414247,"13,965",100% bearish,of 1 rating,$16.50
AMCX,$73.09,1441721414403,"53,731",67% bullish,of 3 ratings,$87.50
AMBCW,NULL,1441721414636,0,100% bearish,of 1 rating,N/A
EPAX,$2.7,1441721414690,"9,826",100% bearish,of 1 rating,N/A
DOX,$56.745,1441721414776,"55,727",67% bearish,of 3 ratings,$60
ASBI,$22.98,1441721414955,"2,600",Not yet rated,NULL,N/A
UHAL,$373.1,1441721415134,"3,888",100% bullish,of 2 ratings,$393.50
AMED,$40.6801,1441721415208,"15,730",100% bearish,of 1 rating,$42
AGNCB,$24.2575,1441721415265,"3,154",Not yet rated,NULL,N/A
AGNC,$19.01,1441721415301,"390,137",71% bullish,of 28 ratings,$22
AMDA,$0.3998,1441721415322,"1,876,867",90% bullish,of 10 ratings,$1
AAL,$41.33,1441721415356,"985,321",93% bullish,of 88 ratings,$57
ATAX,$5.34,1441721415393,"12,738",100% bullish,of 1 rating,$6.50
AMOV,$17.803,1441721415418,160,100% bearish,of 1 rating,N/A
MTGEP,NULL,1441721415725,0,Not yet rated,NULL,N/A
AGNCP,$25.4,1441721415769,"1,200",Not yet rated,NULL,N/A
ACSF,$12.33,1441721415796,933,100% bearish,of 1 rating,$15
MTGE,$15.105,1441721415853,"33,365",75% bullish,of 4 ratings,$19.50
AETI,NULL,1441721416036,0,67% bearish,of 3 ratings,N/A
ACAS,$13.915,1441721416096,"48,566",60% bullish,of 5 ratings,$16.75
ANCI,NULL,1441721416167,0,100% bearish,of 1 rating,N/A
AMNB,$23.2,1441721416227,"1,888",Not yet rated,NULL,$25.50
AMRB,$10.25,1441721416437,759,Not yet rated,NULL,$11
ARII,$40.83,1441721416540,"18,069",67% bearish,of 3 ratings,$45
APEI,$22.02,1441721416569,"2,007",100% bearish,of 1 rating,$25.50
ANAT,$98.17,1441721416610,"9,164",100% bullish,of 1 rating,N/A
ASEI,$38.97,1441721416637,"1,530",100% bearish,of 1 rating,$52.50
AMIC,NULL,1441721416672,0,100% bearish,of 1 rating,N/A
AMSWA,$9.06,1441721416806,"8,226",100% bearish,of 2 ratings,$10.75
AMSC,$5.12,1441721416874,"16,335",50% bullish,of 4 ratings,N/A
ABCB,$27.77,1441721417200,"4,399",Not yet rated,NULL,$31
AMWD,$67.6899,1441721417331,"7,979",50% bullish,of 2 ratings,$70
ASRVP,NULL,1441721417364,0,Not yet rated,NULL,N/A
ASRV,$3.21,1441721417393,"3,300",100% bullish,of 2 ratings,N/A
CRMT,$35.65,1441721417419,"1,802",100% bearish,of 1 rating,$38
AMSF,$46.85,1441721417499,"1,299",Not yet rated,NULL,$57.50
ATLO,$22.77,1441721417570,394,Not yet rated,NULL,N/A
AMGN,$152.1875,1441721417631,"539,050",89% bullish,of 19 ratings,$185
AMKR,$5.2763,1441721417894,"119,405",100% bearish,of 2 ratings,$5
AMSGP,$140.51,1441721417922,46,Not yet rated,NULL,N/A
ASYS,$5.3395,1441721417953,"3,104",67% bullish,of 3 ratings,$12
AMPH,$13.69,1441721417981,"12,323",50% bullish,of 2 ratings,$20
FOLD,$16.55,1441721418050,"270,840",56% bullish,of 9 ratings,$21
AMSG,$79.815,1441721418136,"26,243",100% bearish,of 1 rating,$85.50
ANAC,$133.53,1441721418386,"24,650",80% bullish,of 5 ratings,$180.50
AMRS,$1.7752,1441721418447,"42,436",70% bullish,of 10 ratings,N/A
AFSI,$58.47,1441721418526,"21,066",60% bullish,of 5 ratings,$72
ADI,$55.54,1441721418580,"201,824",75% bullish,of 4 ratings,$69
ANAD,$0.3275,1441721418721,"7,632",100% bullish,of 2 ratings,$.50
ANCB,$21.67,1441721418795,600,Not yet rated,NULL,$23
ALOG,$81.25,1441721418868,"6,335",100% bearish,of 2 ratings,$100.50
AMCF,NULL,1441721419020,0,NULL,NULL,NULL
ABCW,$41.46,1441721419114,751,67% bullish,of 3 ratings,N/A
ANGI,$5.12,1441721419197,"29,458",64% bullish,of 11 ratings,$5.50
ANIP,$52.1699,1441721419222,"12,196",89% bullish,of 19 ratings,$66
ANGO,$14.54,1441721419410,"4,303",67% bullish,of 3 ratings,$19
ANSS,$91.16,1441721419462,"25,711",100% bearish,of 1 rating,$100
ANTH,$7.3,1441721419562,"54,828",80% bullish,of 10 ratings,$13
ANIK,$36.5,1441721419590,"5,382",60% bullish,of 5 ratings,$51.25
ATRS,$1.8,1441721419623,"34,909",92% bullish,of 12 ratings,$4.50
ABAC,$0.79,1441721419721,40,100% bearish,of 1 rating,N/A
ATNY,$2.4,1441721420006,602,50% bullish,of 2 ratings,$3.75
APIC,$7.2,1441721420038,"16,188",100% bearish,of 1 rating,$19
APOL,$11.19,1441721420059,"60,642",87% bearish,of 68 ratings,$14
APOG,$52.975,1441721420145,"13,357",50% bullish,of 2 ratings,$67
AINV,$6.45,1441721420220,"92,741",50% bullish,of 4 ratings,$8
AAPL,$112.31,1441721420273,"6,848,464",86% bullish,of 2367 ratings,$150
APPF,$17.53,1441721420374,"5,115",50% bullish,of 2 ratings,$22
APDN,$3.5848,1441721420426,"13,873",Not yet rated,NULL,$9
APDNW,NULL,1441721420534,0,Not yet rated,NULL,N/A
AMAT,$15.7,1441721420620,"1,641,210",82% bullish,of 11 ratings,$23
ARCI,$1.278,1441721420788,320,Not yet rated,NULL,N/A
AMCC,$5.75,1441721420847,"21,230",80% bullish,of 5 ratings,$8
AGTC,$16.32,1441721420932,"2,364",50% bullish,of 2 ratings,$33
APTO,$5.25,1441721421100,154,Not yet rated,NULL,$17
AAOI,$21,1441721421127,"23,961",50% bullish,of 4 ratings,$26
APRI,$1.7001,1441721421169,"92,501",83% bullish,of 6 ratings,$4.86
AQMS,$4.9988,1441721421195,"3,491",Not yet rated,NULL,N/A
AQXP,$15.795,1441721421321,"34,007",67% bearish,of 3 ratings,$2
AREX,$2.45,1441721421348,"103,531",50% bullish,of 2 ratings,$3
AUMA,NULL,1441721421387,0,Not yet rated,NULL,N/A
AUMAU,NULL,1441721421523,0,Not yet rated,NULL,N/A
AUMAW,NULL,1441721421548,0,Not yet rated,NULL,N/A
ARDM,$7.33,1441721421576,200,100% bullish,of 1 rating,$26
PETX,$17.46,1441721421686,"10,708",100% bearish,of 2 ratings,$26
ABUS,$6.98,1441721421961,"16,559",86% bullish,of 14 ratings,$21.50
ARDX,$19.45,1441721421987,"5,493",50% bullish,of 2 ratings,$24.50
ARCB,$29.12,1441721422008,"9,776",67% bearish,of 3 ratings,$39.50
RKDA,$5.665,1441721422039,"1,522",100% bearish,of 2 ratings,$10
ARCW,$3.165,1441721422241,"8,654",100% bearish,of 2 ratings,$10.50
ABIO,$7.61,1441721422294,"63,330",50% bullish,of 2 ratings,$26.242
ACGL,$69.08,1441721422348,"43,934",50% bullish,of 2 ratings,$72
ARNA,$2.7401,1441721422398,"165,839",90% bullish,of 78 ratings,$5.50
ACAT,$24.56,1441721422423,"15,017",100% bearish,of 3 ratings,$33
AGIIL,$25.325,1441721422455,"1,312",Not yet rated,NULL,N/A
AGII,$55.01,1441721422563,"3,553",Not yet rated,NULL,$59.50
ARCC,$15.5572,1441721422724,"91,939",67% bearish,of 3 ratings,$17.75
ARGS,$6.276,1441721422815,"1,506",50% bullish,of 2 ratings,$19.50
ARIS,$3.73,1441721422885,"1,986",Not yet rated,NULL,$4.50
ARKR,$25,1441721423029,"2,300",50% bullish,of 2 ratings,N/A
ARTX,$1.34,1441721423102,"13,941",88% bullish,of 16 ratings,$4.50
ARWAU,NULL,1441721423232,0,100% bullish,of 1 rating,N/A
ARMH,$44.05,1441721423257,"339,041",54% bearish,of 13 ratings,$60
ARWAR,NULL,1441721423316,0,Not yet rated,NULL,N/A
ARRY,$5.66,1441721423576,"130,584",100% bullish,of 7 ratings,$10
ARIA,$8.03,1441721423639,"839,130",87% bullish,of 46 ratings,$9
ARWAW,NULL,1441721423666,0,Not yet rated,NULL,N/A
ARRS,$26.45,1441721423695,"34,203",50% bullish,of 2 ratings,$38
ARWA,NULL,1441721423721,0,Not yet rated,NULL,N/A
ARQL,$1.72,1441721423742,"13,574",75% bullish,of 4 ratings,$5
DWAT,$9.77,1441721423882,5,100% bearish,of 1 rating,N/A
ARWR,$5.455,1441721424319,"101,576",75% bullish,of 4 ratings,$10.50
ASCMA,$27.56,1441721424426,"6,387",100% bearish,of 1 rating,$45
APWC,$1.75,1441721424580,204,100% bearish,of 1 rating,N/A
ARTW,$4.02,1441721424606,390,75% bearish,of 4 ratings,N/A
ASND,$20.02,1441721424690,"7,350",50% bullish,of 2 ratings,$30
ASTI,$0.2322,1441721424748,"1,550,393",83% bullish,of 6 ratings,$3
ASBB,$25.23,1441721424887,6,Not yet rated,NULL,N/A
ARTNA,$21.77,1441721424913,"1,358",100% bearish,of 1 rating,$29
ASMI,NULL,1441721424937,0,NULL,NULL,NULL
ASNA,$12.11,1441721424964,"208,941",50% bullish,of 2 ratings,$17.50
AROW,$27.26,1441721424993,770,Not yet rated,NULL,N/A
ASMB,$13.35,1441721425143,"1,866",67% bullish,of 3 ratings,N/A
ASML,$93.2,1441721425299,"136,452",50% bullish,of 4 ratings,$127
ASFI,$8.74,1441721425327,800,100% bullish,of 1 rating,N/A
AZPN,$39.28,1441721425514,"92,861",50% bullish,of 2 ratings,$42
ASTE,$37.6201,1441721425580,"4,449",100% bearish,of 1 rating,$49
ATRO,$49.25,1441721425730,"22,942",100% bearish,of 2 ratings,$80
ASTC,$2.2101,1441721425777,"1,085",100% bullish,of 5 ratings,N/A
ASUR,NULL,1441721425862,0,50% bullish,of 2 ratings,$8
ATAI,$2.35,1441721425915,"6,742",100% bearish,of 1 rating,N/A
ATRA,$42.75,1441721426126,"32,269",50% bullish,of 2 ratings,$68
AAME,$3.45,1441721426158,100,Not yet rated,NULL,N/A
ALOT,$13.95,1441721426186,522,100% bearish,of 1 rating,N/A
ATHX,$1.135,1441721426213,"20,490",89% bullish,of 9 ratings,$5
AAPC,$10.1,1441721426378,200,Not yet rated,NULL,N/A
ATHN,$133.82,1441721426432,"15,051",67% bearish,of 3 ratings,$153
AFCB,NULL,1441721426506,0,Not yet rated,NULL,N/A
ACFC,$5.56,1441721426600,900,100% bearish,of 1 rating,$6.50
ATLC,$3.85,1441721426648,200,67% bullish,of 3 ratings,N/A
ATNI,$74.08,1441721426680,"6,221",100% bearish,of 1 rating,$69.50
AAWW,$38.653,1441721426781,"21,305",50% bullish,of 2 ratings,$65
ATOS,$0.8611,1441721426924,"22,098",100% bullish,of 7 ratings,$7
AFH,$16.285,1441721427026,"9,504",Not yet rated,NULL,$21.50
ATML,$7.92,1441721427086,"393,480",78% bullish,of 9 ratings,$9.50
ATRM,NULL,1441721427236,0,50% bullish,of 2 ratings,N/A
ATRC,$23.8,1441721427257,"9,424",100% bullish,of 1 rating,$30
ATRI,$379.2,1441721427287,236,Not yet rated,NULL,N/A
ATTU,$13.02,1441721427330,"2,775",100% bearish,of 1 rating,$20.50
LIFE,$14.65,1441721427357,"2,046",86% bullish,of 7 ratings,$43
AUBN,$27,1441721427614,202,Not yet rated,NULL,N/A
ADSK,$46.21,1441721427900,"146,794",67% bullish,of 6 ratings,$66
AUPH,$3.473,1441721427930,"1,400",100% bearish,of 1 rating,$8
ABTL,$19.04,1441721427995,"6,794",100% bullish,of 4 ratings,$20.25
ADAT,$0.3477,1441721428059,"81,924",100% bullish,of 2 ratings,N/A
AUDC,$3.3,1441721428086,"1,380",80% bullish,of 5 ratings,$5
AVGO,$125.42,1441721428130,"325,165",88% bullish,of 8 ratings,$165
EARS,$4.41,1441721428159,8,100% bearish,of 2 ratings,$8.49
ADP,$77.38,1441721428263,"146,270",100% bearish,of 1 rating,$88
AAVL,$10.5501,1441721428335,"17,402",100% bearish,of 1 rating,$20
AVGR,$15.1299,1441721428582,933,100% bearish,of 1 rating,$20
AVEO,$1.36,1441721428681,"59,426",75% bullish,of 8 ratings,$3
AVNU,$13.06,1441721428756,700,Not yet rated,NULL,$14
AVID,$8.75,1441721428854,"48,622",100% bearish,of 1 rating,$20
AVNW,$1.2199,1441721428912,"8,516",50% bullish,of 2 ratings,N/A
CAR,$43.13,1441721428985,"99,869",67% bullish,of 6 ratings,$60
AWRE,$3.2,1441721429009,"2,368",67% bullish,of 3 ratings,N/A
AXGN,$4.8599,1441721429480,"5,448",Not yet rated,NULL,$5
AXPW,$1.91,1441721429558,"232,793",86% bullish,of 7 ratings,N/A
BEAV,$49.5892,1441721429620,"25,776",67% bearish,of 3 ratings,$59
ACLS,$3.3301,1441721429648,"280,878",67% bullish,of 6 ratings,$4.75
RILY,NULL,1441721429669,0,Not yet rated,NULL,N/A
BCOM,$19.52,1441721429703,109,100% bearish,of 1 rating,N/A
AXPWW,$0.95,1441721429798,30,Not yet rated,NULL,N/A
AXTI,$2.16,1441721429831,"4,608",50% bullish,of 2 ratings,$2.75
BIDU,$151.75,1441721430051,"439,130",81% bullish,of 88 ratings,$210
BWINB,$22.55,1441721430133,"1,289",Not yet rated,NULL,N/A
BOSC,$2.2788,1441721430186,"19,246",50% bullish,of 2 ratings,N/A
BCPC,$57.75,1441721430237,"14,395",100% bearish,of 1 rating,$75
BWINA,$23.31,1441721430291,6,Not yet rated,NULL,N/A
BLDP,$1.36,1441721430373,"41,089",91% bullish,of 22 ratings,$2.50
BOCH,$5.77,1441721430599,"2,591",Not yet rated,NULL,$6.50
BMRC,$49,1441721430630,536,Not yet rated,NULL,$52
BKMU,$7,1441721430876,"11,345",Not yet rated,NULL,$8
BOTJ,$10.95,1441721430912,366,Not yet rated,NULL,N/A
BANF,$59.89,1441721430939,209,Not yet rated,NULL,$68
OZRK,$41.16,1441721431006,"42,022",67% bullish,of 3 ratings,$49.50
BKSC,$16.7501,1441721431036,"1,330",Not yet rated,NULL,N/A
BANFP,NULL,1441721431076,0,Not yet rated,NULL,N/A
BFIN,$12.07,1441721431101,"3,724",Not yet rated,NULL,$13
BWFG,$18.37,1441721431173,645,100% bearish,of 1 rating,N/A
BANR,$44.13,1441721431358,"3,853",100% bullish,of 3 ratings,$50
TAPR,$33.01,1441721431500,165,100% bearish,of 1 rating,N/A
BHAC,NULL,1441721431561,0,Not yet rated,NULL,N/A
BZUN,$5.3499,1441721431587,"14,828",50% bullish,of 2 ratings,$11.50
BHACR,NULL,1441721431612,0,Not yet rated,NULL,N/A
BHACW,NULL,1441721431851,0,Not yet rated,NULL,N/A
BBSI,$34.83,1441721431877,"8,075",67% bearish,of 3 ratings,$62.50
BHACU,NULL,1441721431920,0,Not yet rated,NULL,N/A
BBCN,$14.41,1441721432006,"14,001",100% bearish,of 1 rating,$16
BYLK,$12.914,1441721432052,"5,972",Not yet rated,NULL,$14
BYBK,NULL,1441721432099,0,100% bearish,of 1 rating,N/A
BV,$5.125,1441721432151,"41,822",67% bullish,of 6 ratings,$8.75
BSET,$29.87,1441721432178,"8,081",100% bearish,of 1 rating,$35
BDCV,$4.8469,1441721432319,"2,592",100% bearish,of 1 rating,$10.19
BCBP,NULL,1441721432378,0,Not yet rated,NULL,N/A
BECN,$35.985,1441721432572,"81,846",50% bullish,of 2 ratings,$40
BBGI,NULL,1441721432656,0,100% bearish,of 1 rating,N/A
BSF,$8.65,1441721432728,800,Not yet rated,NULL,N/A
BLCM,$16.06,1441721432784,"14,411",50% bullish,of 4 ratings,$40
BELFA,$15.98,1441721432810,8,100% bearish,of 1 rating,N/A
BLPH,$4.08,1441721432873,150,100% bearish,of 1 rating,$12.50
BBBY,$62.745,1441721432961,"233,221",71% bullish,of 7 ratings,$75
BEBE,$1.21,1441721433000,"62,202",75% bullish,of 4 ratings,$2.125
BNFT,$35.82,1441721433097,"3,160",67% bullish,of 3 ratings,$46
BNCL,$12.56,1441721433130,"39,470",100% bullish,of 3 ratings,$12.50
BELFB,$18.545,1441721433288,"2,403",100% bearish,of 1 rating,N/A
BNTC,NULL,1441721433314,0,100% bullish,of 1 rating,N/A
BGMD,$0.6196,1441721433343,"31,432",100% bullish,of 10 ratings,N/A
BGCP,$8.96,1441721433396,"101,378",88% bullish,of 8 ratings,$14
BGFV,$11.58,1441721433617,"11,159",57% bullish,of 7 ratings,$12
BCDA,NULL,1441721433747,0,Not yet rated,NULL,N/A
BIOC,$2.2101,1441721433794,"138,295",83% bullish,of 6 ratings,$3.85
ORPN,$5.85,1441721433818,300,100% bullish,of 1 rating,$28.50
BASI,$1.65,1441721434025,5,Not yet rated,NULL,N/A
BIND,$4.94,1441721434051,"6,949",75% bullish,of 4 ratings,$13.50
BCRX,$11.6,1441721434081,"29,962",63% bullish,of 8 ratings,$18
BIOD,$0.69,1441721434182,"6,900",80% bullish,of 5 ratings,$4
BIIB,$306.36,1441721434244,"173,296",88% bullish,of 16 ratings,$400
BIOL,$1.59,1441721434347,"5,391",Not yet rated,NULL,N/A
BDSI,$6.57,1441721434396,"104,691",88% bullish,of 8 ratings,$17
BLFS,$2.5192,1441721434538,"15,939",50% bullish,of 2 ratings,$4.75
BVXV,$3.96,1441721434639,"10,388",Not yet rated,NULL,N/A
BLRX,$1.75,1441721434678,"32,981",100% bullish,of 12 ratings,$5
BMRN,$127.335,1441721434746,"60,363",80% bullish,of 5 ratings,$160
BVXVW,NULL,1441721434875,0,100% bearish,of 1 rating,N/A
BPTH,$1.18,1441721434926,"8,975",100% bullish,of 2 ratings,$5
BBC,$31.57,1441721434954,"8,268",Not yet rated,NULL,N/A
BRLI,NULL,1441721435051,0,NULL,NULL,NULL
BBP,$32.4241,1441721435136,635,Not yet rated,NULL,N/A
BSTC,$49.03,1441721435234,"6,583",100% bearish,of 1 rating,$76
BOTA,$2.17,1441721435290,"5,902",88% bullish,of 8 ratings,N/A
BIOS,$2.465,1441721435367,"47,727",71% bullish,of 7 ratings,$4
BSPM,$0.6215,1441721435395,570,50% bullish,of 2 ratings,N/A
TECH,$93.7,1441721435416,"36,733",100% bullish,of 1 rating,$117
BEAT,$15.99,1441721435545,"133,808",67% bearish,of 3 ratings,$15
BITI,$16.99,1441721435712,"9,045",100% bullish,of 1 rating,$28
BJRI,$45,1441721435811,"19,656",50% bullish,of 2 ratings,$55
BDE,$7.45,1441721435853,"3,906",50% bullish,of 2 ratings,$9
BDMS,$13.1,1441721435945,100,100% bearish,of 1 rating,N/A
BLKB,$57.76,1441721436013,"4,623",100% bearish,of 2 ratings,$66
HAWK,$39.47,1441721436179,"18,285",91% bullish,of 11 ratings,$49
BBRY,$7.415,1441721436204,"698,967",61% bullish,of 331 ratings,$9
ADRA,$26.76,1441721436256,"1,221",100% bearish,of 1 rating,N/A
BBOX,$14.79,1441721436283,"6,174",100% bearish,of 1 rating,N/A
ADRD,$21.83,1441721436343,700,100% bearish,of 1 rating,N/A
BKCC,$9.4872,1441721436470,"61,199",50% bullish,of 2 ratings,$10
ADRE,$29.15,1441721436566,866,100% bearish,of 1 rating,N/A
BLMN,$20.74,1441721436692,"102,298",83% bullish,of 6 ratings,$27.50
BCOR,$13.34,1441721436717,"18,071",57% bullish,of 7 ratings,$15
ADRU,$21.52,1441721436795,"1,708",100% bearish,of 1 rating,N/A
BLBD,$11.53,1441721436926,"1,217",Not yet rated,NULL,N/A
BBLU,$0.8845,1441721437143,"5,515",100% bullish,of 2 ratings,$4.43
BKEP,$6.4,1441721437168,"2,100",100% bearish,of 1 rating,$8.50
BPMC,$28.42,1441721437343,"2,202",50% bullish,of 2 ratings,$47.50
BNCN,$21.15,1441721437370,"3,413",Not yet rated,NULL,$24
BHBK,$14.1,1441721437443,"1,307",100% bullish,of 1 rating,$14.50
NILE,$33.64,1441721437506,"2,882",50% bullish,of 2 ratings,$34
BLUE,$135.11,1441721437594,"189,924",71% bullish,of 7 ratings,$217.50
BKEPP,$7.81,1441721437632,"2,000",100% bearish,of 1 rating,N/A
BUFF,$23.69,1441721437662,"106,992",77% bullish,of 13 ratings,$31.50
BOBE,$45.84,1441721437735,"42,809",75% bullish,of 4 ratings,$57
BOFI,$116.55,1441721437762,"27,173",100% bullish,of 6 ratings,$144
WIFI,$7.74,1441721437904,"12,130",50% bullish,of 2 ratings,$13.50
BOKF,$62.85,1441721438077,"4,971",100% bearish,of 1 rating,$69
BNSO,$1.2699,1441721438174,563,100% bearish,of 1 rating,N/A
BONA,$11.31,1441721438208,"63,817",75% bullish,of 4 ratings,$8.50
BOJA,$21.02,1441721438233,"12,780",100% bullish,of 1 rating,$30
BPFH,$11.96,1441721438404,"34,218",100% bearish,of 1 rating,$14
BPFHW,NULL,1441721438449,0,100% bearish,of 1 rating,N/A
BPFHP,$24.9,1441721438543,"1,300",100% bearish,of 1 rating,N/A
EPAY,$26.5944,1441721438619,"8,331",100% bearish,of 2 ratings,$30
BCLI,$3.1899,1441721438649,"26,913",80% bullish,of 5 ratings,$12
BAMM,$3.21,1441721438681,"1,866",60% bullish,of 5 ratings,N/A
BDBD,$8.15,1441721438752,"39,794",60% bullish,of 5 ratings,$10
BBRG,$12.56,1441721438778,"2,357",67% bullish,of 3 ratings,$14.50
BBEP,$2.7016,1441721438907,"138,891",69% bullish,of 13 ratings,$5.625
BBEPP,$14.445,1441721438964,"1,449",50% bullish,of 2 ratings,N/A
BDGE,$26.32,1441721439063,"1,752",Not yet rated,NULL,$31.75
BLIN,$1.5001,1441721439110,"19,702",50% bullish,of 2 ratings,$2.20
BRID,NULL,1441721439349,0,100% bearish,of 1 rating,N/A
BRCM,$51.56,1441721439411,"133,704",69% bullish,of 13 ratings,$56
BVSN,$5.86,1441721439449,331,60% bearish,of 5 ratings,N/A
BCOV,$5.29,1441721439585,"3,098",67% bullish,of 3 ratings,$10.20
BWEN,$3.19,1441721439686,"5,350",75% bullish,of 4 ratings,$8
BYFC,NULL,1441721439745,0,50% bullish,of 2 ratings,N/A
BSFT,$32.523,1441721439819,"5,708",57% bullish,of 7 ratings,$40.50
BRKS,$10.39,1441721439875,"3,149",67% bullish,of 3 ratings,$15.25
BRKL,$10.5099,1441721439899,"10,830",100% bearish,of 1 rating,$12
BRCD,$10.29,1441721439924,"373,637",92% bullish,of 13 ratings,$12
BRKR,$17.98,1441721440058,"11,119",100% bearish,of 2 ratings,$22
BSQR,$5.9353,1441721440191,"6,470",67% bullish,of 3 ratings,N/A
BLMT,$21.25,1441721440219,"2,400",Not yet rated,NULL,N/A
BMTC,$29.6204,1441721440299,"4,366",Not yet rated,NULL,$34
BLDR,$15.66,1441721440440,"108,900",67% bullish,of 3 ratings,$22
BWLD,$198.225,1441721440489,"31,930",82% bullish,of 11 ratings,$205
BUR,$1.76,1441721440658,"3,526",100% bearish,of 1 rating,$8
CHRW,$68.49,1441721440718,"98,068",Not yet rated,NULL,$72
CFFI,$35.7,1441721440743,100,100% bearish,of 1 rating,N/A
CZR,$9.77,1441721440942,"153,327",60% bearish,of 5 ratings,$10.50
CA,$27.8099,1441721440997,"279,407",50% bullish,of 4 ratings,$33
CCMP,$42.55,1441721441042,"7,618",50% bullish,of 2 ratings,$59
CDNS,$20.66,1441721441102,"139,340",75% bullish,of 4 ratings,$22.50
CDZI,$7.6,1441721441135,"3,025",100% bearish,of 1 rating,N/A
CACQ,$7.27,1441721441164,"102,212",100% bearish,of 1 rating,$12.25
PRSS,$4.3795,1441721441270,"4,475",80% bullish,of 5 ratings,$4.50
CSTE,$39.7699,1441721441300,"52,652",50% bullish,of 2 ratings,$65
CLBS,$1.7225,1441721441524,"6,451",79% bullish,of 14 ratings,$4
CLMS,$9.81,1441721441655,"13,478",Not yet rated,NULL,$10.50
CHY,$11.039,1441721441681,"85,612",Not yet rated,NULL,N/A
CHI,$10.37,1441721441811,"38,857",100% bearish,of 1 rating,N/A
CSQ,$9.75,1441721442074,"65,428",Not yet rated,NULL,N/A
CCD,$19.37,1441721442161,"7,807",Not yet rated,NULL,N/A
CGO,$12.02,1441721442188,"3,575",100% bearish,of 1 rating,N/A
CHW,$7.43,1441721442217,"70,859",100% bearish,of 1 rating,N/A
CAMP,$16.12,1441721442248,"26,740",88% bullish,of 8 ratings,$25
CFGE,$10.52,1441721442274,12,Not yet rated,NULL,N/A
CFNB,NULL,1441721442347,0,100% bearish,of 1 rating,N/A
CVGW,$49.36,1441721442372,"13,559",50% bullish,of 2 ratings,$58
CALA,$6.19,1441721442508,"56,867",67% bullish,of 3 ratings,$19.50
CALM,$54.35,1441721442610,"82,321",80% bullish,of 5 ratings,$63.50
CLMT,$25.6518,1441721442745,"14,131",75% bullish,of 8 ratings,$31
CALD,$16.25,1441721442770,"34,469",100% bearish,of 1 rating,$21
CAMB,$10.1,1441721442899,"17,100",Not yet rated,NULL,N/A
CAMBU,NULL,1441721442976,0,100% bearish,of 1 rating,N/A
CAC,$40.45,1441721443040,801,Not yet rated,NULL,N/A
CAMBW,$0.28,1441721443078,"66,474",Not yet rated,NULL,N/A
ABCD,$5.1,1441721443142,"23,948",83% bullish,of 6 ratings,N/A
CAMT,$2.63,1441721443221,"15,958",73% bullish,of 11 ratings,$4
CPHC,$10.47,1441721443245,110,100% bearish,of 1 rating,N/A
CSIQ,$18.82,1441721443515,"213,519",86% bullish,of 28 ratings,$42.50
CBNJ,$11.21,1441721443545,"15,151",100% bearish,of 1 rating,N/A
CGIX,$10.44,1441721443581,"9,240",67% bullish,of 3 ratings,$14.375
CPLA,$49,1441721443650,"8,893",67% bearish,of 3 ratings,$65
CCBG,$15.05,1441721443675,726,Not yet rated,NULL,$17.25
CBF,$30.72,1441721443754,"3,954",Not yet rated,NULL,$32
CPTA,$14.1799,1441721443950,"8,370",100% bearish,of 1 rating,$18.25
CAPR,$4.42,1441721444105,700,Not yet rated,NULL,$12
CFFN,$11.91,1441721444130,"36,106",Not yet rated,NULL,$12.75
CAPNW,$0.8298,1441721444261,"10,139",Not yet rated,NULL,N/A
CSWC,$44.2,1441721444331,"2,689",Not yet rated,NULL,N/A
CPLP,$7,1441721444414,"17,216",71% bullish,of 7 ratings,$11
CAPN,$2.7396,1441721444487,"2,225,699",100% bullish,of 1 rating,$10.85
CARA,$19.13,1441721444559,"7,406",50% bullish,of 4 ratings,$25
CPST,$0.3948,1441721444627,"63,210",95% bullish,of 22 ratings,$1.25
CARB,$11.06,1441721444702,"3,800",75% bullish,of 4 ratings,$12
CFNL,$22.22,1441721444774,"2,632",Not yet rated,NULL,$24
CATM,$33.93,1441721445082,"18,702",100% bearish,of 1 rating,$44
CDNA,$7.0238,1441721445147,"1,690",100% bearish,of 1 rating,$9
CBYL,$5.4,1441721445176,"1,236",100% bearish,of 1 rating,$20
CSII,$23.02,1441721445219,"13,035",100% bearish,of 2 ratings,$42.125
CRME,$9.41,1441721445307,500,89% bullish,of 9 ratings,$11.25
CRDC,$0.33,1441721445350,"35,800",100% bullish,of 1 rating,$1.25
CTRE,$10.98,1441721445440,"6,341",50% bullish,of 2 ratings,$13.50
CECO,$3.84,1441721445486,"38,186",67% bearish,of 3 ratings,$6
CLBH,$12.95,1441721445701,693,Not yet rated,NULL,$16.50
CKEC,$22.92,1441721445745,"17,306",50% bullish,of 2 ratings,$35.915
CART,NULL,1441721445794,0,100% bearish,of 1 rating,N/A
TAST,$12.8,1441721445926,"29,490",Not yet rated,NULL,$14.25
CARO,$15.31,1441721445953,100,100% bearish,of 1 rating,$19
CRTN,NULL,1441721446010,0,100% bearish,of 1 rating,N/A
CRZO,$35.11,1441721446039,"162,900",67% bearish,of 3 ratings,$54.50
CACB,$5.37,1441721446182,"3,003",Not yet rated,NULL,$5.50
CARV,NULL,1441721446206,0,50% bullish,of 2 ratings,N/A
CASM,$1.2,1441721446273,237,100% bullish,of 1 rating,$3.50
CSCD,$15.2311,1441721446437,"2,541",100% bullish,of 2 ratings,$17
CWST,$6.4,1441721446489,"22,724",50% bullish,of 2 ratings,$7.25
CASY,$107.7,1441721446565,"28,328",50% bullish,of 2 ratings,$99.50
CASS,$49.06,1441721446634,826,100% bearish,of 1 rating,N/A
CASI,$1.26,1441721446695,800,100% bullish,of 1 rating,$3.50
CATB,$11.39,1441721446985,"2,364",100% bearish,of 1 rating,$28
CPRX,$3.81,1441721447043,"40,460",71% bullish,of 7 ratings,$7
CATY,$29.37,1441721447132,"34,464",100% bearish,of 1 rating,$33.50
CATYW,NULL,1441721447168,0,100% bearish,of 1 rating,N/A
CBFV,$20.56,1441721447237,104,Not yet rated,NULL,$25
CNLM,NULL,1441721447265,0,Not yet rated,NULL,N/A
CAVM,$70.515,1441721447286,"40,730",67% bearish,of 3 ratings,$72
CVCO,$70.235,1441721447317,"1,864",100% bearish,of 1 rating,N/A
CNLMU,NULL,1441721447646,0,100% bullish,of 1 rating,N/A
CNLMR,NULL,1441721447688,0,Not yet rated,NULL,N/A
CBOE,$63.9,1441721447714,"31,170",Not yet rated,NULL,$63
CDK,$49.16,1441721447865,"38,530",67% bearish,of 3 ratings,$50
CNLMW,NULL,1441721447890,0,Not yet rated,NULL,N/A
CECE,$9.36,1441721447967,"14,696",50% bullish,of 2 ratings,$16
CDW,$39.65,1441721448106,"63,342",75% bullish,of 4 ratings,$44
CELG,$119.779,1441721448133,"434,856",92% bullish,of 13 ratings,$156
CELGZ,$1.7899,1441721448158,"1,531",80% bullish,of 5 ratings,N/A
CPXX,$2.39,1441721448350,"18,174",100% bullish,of 2 ratings,$7
CLDN,$1.2232,1441721448384,"54,891",63% bullish,of 8 ratings,$3
CLDX,$14.2292,1441721448519,"67,708",89% bullish,of 9 ratings,$36
CLRBW,NULL,1441721448588,0,Not yet rated,NULL,N/A
CLLS,$32.06,1441721448650,"13,693",75% bullish,of 4 ratings,$51.50
CLRB,NULL,1441721448674,0,100% bearish,of 1 rating,N/A
CBMG,$23.5425,1441721448890,"19,465",50% bullish,of 2 ratings,N/A
CLSN,$2.07,1441721449023,"46,089",80% bullish,of 10 ratings,$7.50
CLTX,$1.93,1441721449252,"30,192",100% bullish,of 2 ratings,N/A
CSFL,$13.895,1441721449280,"4,658",Not yet rated,NULL,$15
CFBK,NULL,1441721449300,0,Not yet rated,NULL,N/A
CYAD,$45.77,1441721449341,270,100% bullish,of 1 rating,$87.50
CETV,$2.11,1441721449362,"3,837",67% bullish,of 3 ratings,$2.80
CETX,$2.45,1441721449428,"3,568",Not yet rated,NULL,$5.60
CEMP,$34.69,1441721449453,"162,501",71% bullish,of 7 ratings,$52
CENTA,$15.23,1441721449670,"40,911",Not yet rated,NULL,N/A
CENT,$14.79,1441721449695,"81,117",Not yet rated,NULL,$10
CENX,$5.3599,1441721449912,"234,905",67% bullish,of 6 ratings,$9
CVCY,$11.75,1441721449982,400,Not yet rated,NULL,$12
CNTY,$5.88,1441721450042,"2,834",80% bullish,of 5 ratings,$7.75
CNBKA,$40,1441721450107,500,50% bullish,of 2 ratings,N/A
CRNT,$1.391,1441721450135,"53,430",50% bullish,of 2 ratings,$2
CPHD,$49.85,1441721450163,"29,128",67% bearish,of 3 ratings,$66
CERN,$62.1401,1441721450269,"209,209",67% bullish,of 3 ratings,$79
CERE,$1.111,1441721450584,"24,821",88% bullish,of 8 ratings,N/A
CERU,$4.22,1441721450642,"2,082",75% bullish,of 4 ratings,$14
CYOU,$19.14,1441721450678,"19,996",50% bullish,of 6 ratings,$24
KOOL,$0.6469,1441721450712,910,100% bullish,of 5 ratings,$7
HOTR,$1.32,1441721450773,"12,342",100% bullish,of 2 ratings,$5
CERS,$5.29,1441721450821,"95,089",75% bullish,of 4 ratings,$7
CEVA,$19.29,1441721450863,"4,649",100% bearish,of 1 rating,$25
CTHR,$1.24,1441721451098,550,50% bullish,of 2 ratings,$2.50
HOTRW,$0.1201,1441721451157,"6,500",Not yet rated,NULL,N/A
GTLS,$23.155,1441721451291,"23,116",50% bullish,of 4 ratings,$40
CHKP,$78.0499,1441721451321,"61,216",50% bullish,of 4 ratings,$92
CHTR,$183.995,1441721451352,"48,178",67% bearish,of 3 ratings,$202
CHFN,$12.27,1441721451373,"2,602",Not yet rated,NULL,$14
CHEKW,NULL,1441721451425,0,Not yet rated,NULL,N/A
CHEK,$2.5,1441721451602,400,Not yet rated,NULL,$7.75
CCXI,$6.16,1441721451732,"4,386",67% bullish,of 3 ratings,$14
CHMG,$26.41,1441721451779,676,Not yet rated,NULL,$30
CEMI,$4.22,1441721451806,265,50% bullish,of 2 ratings,$7.50
CHFC,$30.8,1441721451835,"6,926",100% bearish,of 1 rating,$36
CHEV,$14.65,1441721451869,560,Not yet rated,NULL,N/A
CHKE,$25.66,1441721451962,976,100% bearish,of 1 rating,$32.50
CHMA,$28.53,1441721452036,"17,681",Not yet rated,NULL,$40
CBNK,$16.66,1441721452264,300,100% bearish,of 1 rating,N/A
PLCE,$58.76,1441721452302,"11,958",100% bearish,of 1 rating,$69
CALI,$0.82,1441721452473,6,67% bullish,of 3 ratings,N/A
CBAK,$2.11,1441721452530,"15,696",67% bullish,of 9 ratings,N/A
CADC,NULL,1441721452555,0,78% bullish,of 9 ratings,N/A
CBPO,$96.118,1441721452615,"11,501",75% bullish,of 8 ratings,$140.50
CMRX,$50.32,1441721452685,"11,908",50% bullish,of 2 ratings,$57
CCCR,NULL,1441721452713,0,67% bearish,of 3 ratings,N/A
CCCL,$0.75,1441721452742,"1,003",100% bullish,of 6 ratings,N/A
CAAS,$6.02,1441721452815,"3,550",93% bullish,of 14 ratings,$11.50
JRJC,$3.5201,1441721453008,"28,350",82% bullish,of 11 ratings,N/A
HGSH,$1.77,1441721453054,"1,000",67% bullish,of 3 ratings,N/A
CHLN,$1.88,1441721453079,"1,426",67% bullish,of 3 ratings,N/A
CHOP,$1.1233,1441721453225,"1,623",50% bullish,of 2 ratings,N/A
CNIT,$1.1699,1441721453250,"11,555",67% bullish,of 6 ratings,N/A
CJJD,$1.812,1441721453275,"2,250",100% bullish,of 1 rating,N/A
CHNR,$1.71,1441721453510,"2,203",100% bearish,of 1 rating,N/A
HTHT,$25.5101,1441721453546,"6,634",50% bullish,of 2 ratings,$28.40
CNTF,$0.8139,1441721453684,200,Not yet rated,NULL,N/A
CPGI,NULL,1441721453711,0,Not yet rated,NULL,N/A
CXDC,$6.13,1441721453733,"4,758",67% bearish,of 3 ratings,N/A
CSUN,$1.376,1441721453767,743,80% bullish,of 5 ratings,N/A
CREG,$0.665,1441721453872,"2,500",100% bullish,of 3 ratings,N/A
CNYD,NULL,1441721453931,0,67% bullish,of 3 ratings,N/A
CCIH,$7.6699,1441721454075,"24,981",67% bullish,of 6 ratings,$12.65
IMOS,$19.56,1441721454207,"31,388",60% bullish,of 5 ratings,$21.50
CNET,$0.81,1441721454235,997,50% bullish,of 2 ratings,N/A
CHSCM,$26.2899,1441721454402,"2,305",Not yet rated,NULL,N/A
CHSCL,$27.2275,1441721454429,"4,305",Not yet rated,NULL,N/A
CHSCN,NULL,1441721454454,0,Not yet rated,NULL,N/A
CHDN,$135.51,1441721454478,"4,732",Not yet rated,NULL,$165
CHSCP,$30.35,1441721454621,"10,069",Not yet rated,NULL,N/A
CHUY,$31.28,1441721454673,"21,304",50% bullish,of 2 ratings,$34
CHSCO,$28.4875,1441721454758,"3,687",Not yet rated,NULL,N/A
CDTX,$14.49,1441721454892,"8,500",Not yet rated,NULL,$22
CMCT,$15.9999,1441721454921,822,100% bearish,of 1 rating,N/A
CMPR,$72.535,1441721454953,"12,396",50% bullish,of 2 ratings,$72.50
CIFC,$7.03,1441721455057,683,100% bearish,of 1 rating,N/A
CINF,$52.62,1441721455086,"59,595",50% bullish,of 4 ratings,$50.50
CIDM,$0.55,1441721455371,"8,300",50% bullish,of 2 ratings,$2.10
CSCO,$26.031,1441721455401,"2,721,778",83% bullish,of 210 ratings,$32
CRUS,$30.39,1441721455503,"95,664",75% bullish,of 12 ratings,$44.50
CPHR,$5.1317,1441721455562,"2,200",100% bearish,of 1 rating,$17
CZNC,$19.59,1441721455592,"2,132",Not yet rated,NULL,N/A
CTAS,$85.19,1441721455632,"23,598",100% bearish,of 1 rating,$91
CZWI,NULL,1441721455661,0,Not yet rated,NULL,N/A
CTRN,$25.65,1441721455688,"10,341",100% bearish,of 1 rating,$31.50
CIZN,NULL,1441721455815,0,Not yet rated,NULL,N/A
CZFC,NULL,1441721455847,0,Not yet rated,NULL,N/A
CTXS,$68.93,1441721455947,"122,711",86% bullish,of 7 ratings,$80
CHCO,$47.56,1441721456091,"2,554",Not yet rated,NULL,$46
CIVB,$10.04,1441721456148,100,Not yet rated,NULL,$11
CIVBP,NULL,1441721456172,0,Not yet rated,NULL,N/A
CLNE,$5.09,1441721456308,"104,780",80% bullish,of 15 ratings,$9
CLFD,$17.07,1441721456362,"1,500",67% bullish,of 3 ratings,$18
CLRO,$11.35,1441721456559,"2,660",50% bullish,of 2 ratings,$14.25
CBLI,$4.2624,1441721456586,"5,862",60% bullish,of 5 ratings,N/A
CSBK,$13.99,1441721456618,"7,622",Not yet rated,NULL,N/A
CLNT,$1.59,1441721456724,97,75% bullish,of 8 ratings,N/A
CLIR,$5.34,1441721456746,"25,747",100% bullish,of 3 ratings,N/A
CDTI,$1.61,1441721456781,"5,920",75% bullish,of 4 ratings,$3.20
CMFN,$11.55,1441721456882,"2,178",100% bearish,of 1 rating,$15.50
CLVS,$83.4,1441721456914,"31,835",60% bullish,of 5 ratings,$101.50
CME,$93.25,1441721457055,"88,592",67% bullish,of 3 ratings,$102
CCNE,$17.03,1441721457184,910,50% bullish,of 2 ratings,$21.50
CISG,$7.7689,1441721457417,"13,280",100% bullish,of 5 ratings,$10
CNV,$4.3,1441721457470,"2,164",50% bullish,of 2 ratings,$7.15
COBZ,$12.94,1441721457495,"1,305",100% bullish,of 1 rating,$14
COKE,$160.36,1441721457519,"2,316",79% bullish,of 19 ratings,N/A
JVA,$4.822,1441721457770,"4,324",83% bullish,of 6 ratings,$7
CWAY,$11.16,1441721457795,200,Not yet rated,NULL,N/A
CDRB,$10.03,1441721457855,"5,318",67% bullish,of 3 ratings,N/A
CVLY,NULL,1441721457922,0,Not yet rated,NULL,N/A
CGNT,$1.57,1441721457950,1,100% bullish,of 2 ratings,$2
CDXS,$3.53,1441721458014,651,64% bullish,of 11 ratings,$6
CCOI,$27.18,1441721458042,"41,828",50% bullish,of 4 ratings,$35
CGNX,$35.265,1441721458104,"50,360",50% bullish,of 2 ratings,$47
CTSH,$62.85,1441721458300,"320,222",90% bullish,of 10 ratings,$75
COHR,$55.81,1441721458359,"3,136",50% bullish,of 2 ratings,$72
CHRS,$25.87,1441721458705,"32,168",67% bearish,of 3 ratings,$37
COHU,$9.58,1441721458749,"6,128",100% bearish,of 1 rating,$14.25
CLRX,$0.6611,1441721458803,"9,339",50% bullish,of 2 ratings,N/A
COLB,$29.725,1441721458828,"6,508",Not yet rated,NULL,$36
CLCT,$17.96,1441721458995,"6,129",100% bearish,of 1 rating,N/A
CIGI,$42.11,1441721459081,"3,700",100% bearish,of 1 rating,$52
CLCD,$5.98,1441721459127,"1,200",100% bearish,of 1 rating,$20.50
CMCO,$18.92,1441721459209,"4,985",60% bullish,of 5 ratings,$28
CBAN,$8.75,1441721459238,"1,200",Not yet rated,NULL,N/A
CBMX,$1.1101,1441721459298,"6,682",83% bullish,of 6 ratings,$3.15
COLL,$16.04,1441721459325,"8,282",100% bearish,of 1 rating,$26
COLM,$61.99,1441721459369,"3,274",100% bearish,of 1 rating,$71
CMCSA,$56.75,1441721459401,"1,019,823",66% bullish,of 35 ratings,$69.50
CMCSK,$57.69,1441721459702,"279,869",Not yet rated,NULL,$84
CBSH,$44.09,1441721459787,"20,407",50% bullish,of 2 ratings,$46
CVGI,$4.955,1441721459979,"16,575",50% bullish,of 2 ratings,$6
CBSHP,NULL,1441721460005,0,100% bearish,of 1 rating,N/A
COMM,$33.34,1441721460026,"52,660",67% bearish,of 3 ratings,$35
ESXB,$5.08,1441721460194,910,Not yet rated,NULL,N/A
CSAL,$20.44,1441721460223,"71,063",75% bullish,of 4 ratings,$30
CUBN,NULL,1441721460261,0,Not yet rated,NULL,N/A
JCS,$8.72,1441721460328,200,67% bullish,of 3 ratings,N/A
CYHHZ,$0.012,1441721460397,"4,000",100% bullish,of 1 rating,N/A
CWBC,NULL,1441721460468,0,Not yet rated,NULL,N/A
COB,$10.37,1441721460543,"2,358",100% bullish,of 1 rating,$11.75
CTBI,$35.0699,1441721460602,"1,027",Not yet rated,NULL,$36
CVLT,$35.635,1441721460631,"17,968",75% bullish,of 4 ratings,$44.50
CIZ,$32.73,1441721460730,100,100% bearish,of 1 rating,N/A
CIL,NULL,1441721460836,0,Not yet rated,NULL,N/A
CSA,NULL,1441721461110,0,Not yet rated,NULL,N/A
CID,NULL,1441721461188,0,Not yet rated,NULL,N/A
CFO,$35.24,1441721461216,50,100% bearish,of 1 rating,N/A
CDC,NULL,1441721461244,0,Not yet rated,NULL,N/A
CSF,NULL,1441721461271,0,100% bearish,of 1 rating,N/A
CFA,NULL,1441721461347,0,100% bearish,of 1 rating,N/A
CDL,NULL,1441721461444,0,Not yet rated,NULL,N/A
CSB,NULL,1441721461527,0,Not yet rated,NULL,N/A
CTG,$6.67,1441721461654,600,100% bearish,of 1 rating,$8.50
CPSI,$45.36,1441721461753,"3,431",100% bearish,of 1 rating,$45.50
SCOR,$47.4,1441721461898,"15,066",100% bearish,of 1 rating,$66
CGEN,$5.15,1441721461925,"57,309",50% bullish,of 2 ratings,$11
CHCI,$0.67,1441721461950,"16,941",50% bullish,of 2 ratings,N/A
CNSI,$18.7,1441721462111,"15,105",100% bearish,of 2 ratings,$29
CNAT,$3.89,1441721462161,"12,090",83% bullish,of 6 ratings,$13
CMTL,$25.925,1441721462217,"4,600",100% bearish,of 2 ratings,$37
CNCE,$16.28,1441721462320,"21,354",75% bullish,of 4 ratings,$22
CXRX,$77.25,1441721462480,"9,926",100% bearish,of 1 rating,$90
CCUR,$5.24,1441721462583,"3,113",75% bullish,of 4 ratings,N/A
CDOR,$1.28,1441721462613,"1,600",100% bullish,of 1 rating,N/A
CDORP,NULL,1441721462641,0,100% bearish,of 1 rating,N/A
CDORO,NULL,1441721462661,0,100% bearish,of 1 rating,N/A
CFMS,$14.51,1441721462899,"75,665",100% bearish,of 1 rating,$26.50
CNFR,$10,1441721463027,7,Not yet rated,NULL,N/A
CTWS,$34.73,1441721463193,696,100% bearish,of 1 rating,$44
CONN,$29,1441721463261,"78,214",67% bullish,of 3 ratings,$48.50
CNOB,$19.16,1441721463292,"2,843",100% bullish,of 1 rating,$23.50
CNMD,$51.27,1441721463319,"2,574",Not yet rated,NULL,$59
CWCO,$10.4928,1441721463348,"9,920",67% bullish,of 3 ratings,$14.50
CNXR,$6.75,1441721463391,"4,560",100% bearish,of 1 rating,$12
CTCT,$24.87,1441721463451,"15,742",67% bullish,of 3 ratings,$37
CNSL,$19.87,1441721463533,"9,744",100% bearish,of 1 rating,$23
CPSS,$5.39,1441721463675,"7,260",100% bullish,of 1 rating,$10
CFRXW,NULL,1441721463888,0,100% bearish,of 1 rating,N/A
CFRXZ,NULL,1441721463919,0,Not yet rated,NULL,N/A
CTRL,$8.505,1441721463945,"15,181",50% bullish,of 2 ratings,$11
CTRV,$3.47,1441721463969,443,Not yet rated,NULL,$6.40
CFRX,$4.8511,1441721464024,"7,563",Not yet rated,NULL,$14
CPRT,$35.05,1441721464191,"31,717",67% bearish,of 3 ratings,$40
CRBP,$1.87,1441721464329,"16,355",100% bullish,of 2 ratings,$6.25
BVA,NULL,1441721464513,0,50% bullish,of 2 ratings,N/A
CORT,$4.91,1441721464543,"28,580",67% bullish,of 3 ratings,$12
CORE,$59.544,1441721464573,"4,530",100% bearish,of 1 rating,$72
CSOD,$36.96,1441721464646,"18,621",50% bullish,of 2 ratings,$42
CRVL,$31.25,1441721464742,"1,835",100% bearish,of 1 rating,N/A
CORI,$10.72,1441721464790,"2,898",100% bearish,of 1 rating,$18
CSGP,$176.55,1441721464987,"5,196",50% bullish,of 2 ratings,$235
COSI,$1.06,1441721465091,"36,840",100% bullish,of 1 rating,N/A
COST,$140.39,1441721465149,"126,870",79% bullish,of 24 ratings,$154.50
ICBK,$19,1441721465179,200,Not yet rated,NULL,$21
COVS,$2.417,1441721465248,"27,183",67% bullish,of 3 ratings,N/A
CPAH,NULL,1441721465275,0,50% bullish,of 2 ratings,N/A
CVTI,$23.045,1441721465408,"4,331",67% bearish,of 3 ratings,$39
COWN,$5.1071,1441721465471,"104,479",75% bullish,of 4 ratings,$7
CPSH,NULL,1441721465572,0,Not yet rated,NULL,N/A
COWNL,NULL,1441721465603,0,Not yet rated,NULL,N/A
CRAI,$23.18,1441721465653,947,100% bearish,of 1 rating,$36
CBRL,$148.755,1441721465848,"21,450",50% bullish,of 2 ratings,$155
SLVO,$10.0401,1441721465979,"1,603",100% bearish,of 1 rating,N/A
BREW,$7.82,1441721466108,"1,527",67% bullish,of 6 ratings,$15
CACC,$200.7,1441721466133,"4,778",50% bullish,of 2 ratings,$158.50
CREE,$26.32,1441721466164,"64,195",65% bullish,of 17 ratings,$29.50
CRAY,$21.04,1441721466189,"10,022",83% bullish,of 6 ratings,$38.50
GLDI,$10.94,1441721466267,12,100% bearish,of 1 rating,N/A
CRESY,$10.2,1441721466327,"2,968",100% bearish,of 1 rating,$19
CCRN,$14.12,1441721466594,"22,584",100% bearish,of 1 rating,$14.25
CRTO,$36.32,1441721466619,"47,761",67% bullish,of 6 ratings,$64
CROX,$13.9,1441721466657,"60,807",63% bullish,of 8 ratings,$16.50
CRDS,$1.18,1441721466687,"9,937",50% bullish,of 4 ratings,$3.375
CRWS,$8.096,1441721466795,"4,596",Not yet rated,NULL,$10
CRWN,$5.337,1441721466822,"29,096",75% bullish,of 4 ratings,N/A
CYRX,$3.11,1441721466956,"7,990",Not yet rated,NULL,$9
CYRXW,NULL,1441721467023,0,Not yet rated,NULL,N/A
CCLP,$13.57,1441721467095,"4,882",67% bearish,of 3 ratings,$20
CSPI,$5.78,1441721467255,200,67% bullish,of 3 ratings,N/A
CTIC,$1.55,1441721467335,"226,311",84% bullish,of 76 ratings,$5.75
CTIB,NULL,1441721467360,0,100% bearish,of 1 rating,N/A
CSGS,$30.07,1441721467391,"11,668",Not yet rated,NULL,$40
CTCM,$1.705,1441721467490,"33,183",80% bearish,of 5 ratings,$3.90
CTRP,$66.965,1441721467588,"200,349",75% bullish,of 8 ratings,$92.50
CUNB,$21.8,1441721467615,"1,397",Not yet rated,NULL,$24.50
CUI,$5.3,1441721467813,400,50% bullish,of 2 ratings,$10
CPIX,$6.05,1441721467839,"4,186",Not yet rated,NULL,N/A
CRIS,$2.53,1441721467925,"27,387",100% bullish,of 8 ratings,$6
CMLS,$1.295,1441721467971,"22,527",50% bullish,of 4 ratings,$6
CUTR,$15.01,1441721468002,"1,348",67% bearish,of 3 ratings,$18
CVV,$11.53,1441721468163,"2,455",100% bullish,of 5 ratings,N/A
CYBR,$46.46,1441721468292,"270,614",75% bullish,of 8 ratings,$68.50
CVBF,$16.25,1441721468370,"52,070",Not yet rated,NULL,$18
CYCC,$0.565,1441721468424,"18,450",73% bullish,of 11 ratings,N/A
CYAN,NULL,1441721468466,0,100% bearish,of 1 rating,N/A
CYBE,NULL,1441721468512,0,100% bearish,of 1 rating,N/A
CYBX,$66.75,1441721468540,"60,279",50% bullish,of 4 ratings,$71.50
CYCCP,$5.5,1441721468689,564,100% bearish,of 1 rating,N/A
CBAY,$3.0126,1441721468824,"109,188",100% bullish,of 1 rating,$4
CYNA,$16.07,1441721468849,120,50% bullish,of 2 ratings,$31.50
CONE,$32.32,1441721469049,"17,696",67% bearish,of 3 ratings,$35.50
CY,$10.055,1441721469075,"284,963",80% bullish,of 10 ratings,$15.50
CYNO,$33.85,1441721469096,"10,102",67% bearish,of 3 ratings,$45.50
CYRN,$1.7952,1441721469132,"1,231",67% bullish,of 3 ratings,$4
CYTK,$7.45,1441721469273,"46,912",71% bullish,of 14 ratings,$13.50
CTSO,$7.4,1441721469362,"5,236",Not yet rated,NULL,$15.625
CYTX,$0.3757,1441721469447,"174,089",83% bullish,of 12 ratings,$5.50
TVIZ,$22.45,1441721469532,"1,007",100% bearish,of 1 rating,N/A
CYTR,$2.48,1441721469576,"114,372",67% bullish,of 6 ratings,$10
DAEG,NULL,1441721469666,0,100% bearish,of 1 rating,N/A
XIV,$23.95,1441721469727,"3,812,660",75% bearish,of 4 ratings,N/A
TVIX,$15.167,1441721469752,"1,931,848",81% bullish,of 16 ratings,N/A
ZIV,$36.002,1441721469800,"29,228",Not yet rated,NULL,N/A
DARA,$0.85,1441721470101,"3,380",83% bullish,of 6 ratings,$1.50
DRAM,$1.23,1441721470265,"2,936",78% bullish,of 9 ratings,N/A
DTLK,$5.5669,1441721470295,"16,921",100% bearish,of 1 rating,$9
DAKT,$8.48,1441721470347,"15,015",50% bullish,of 2 ratings,$12
PLAY,$36.995,1441721470375,"27,832",100% bullish,of 5 ratings,$42
DJCO,$201.83,1441721470400,100,Not yet rated,NULL,N/A
DAIO,$2.544,1441721470478,500,Not yet rated,NULL,N/A
DWCH,$4.89,1441721470540,"7,902",75% bullish,of 4 ratings,$8.25
DTEA,$13.3676,1441721470644,"15,250",100% bearish,of 2 ratings,$24
DWSN,$4.4,1441721470734,469,67% bullish,of 3 ratings,N/A
DBVT,$36.34,1441721470900,"13,316",100% bearish,of 1 rating,$53
DHRM,$1.6,1441721470931,100,Not yet rated,NULL,N/A
TRAK,$62.855,1441721470960,"31,986",50% bullish,of 2 ratings,$62.50
DFRG,$14.21,1441721471062,"20,282",100% bearish,of 1 rating,$20
TACO,$13.72,1441721471139,"53,282",75% bullish,of 4 ratings,$20
DCTH,$0.4839,1441721471383,"267,925",78% bullish,of 9 ratings,N/A
TACOW,$4.5638,1441721471451,"8,100",100% bullish,of 1 rating,N/A
DELT,NULL,1441721471510,0,Not yet rated,NULL,N/A
DENN,$11.47,1441721471592,"21,582",100% bullish,of 3 ratings,$15
DELTW,NULL,1441721471651,0,Not yet rated,NULL,N/A
DEST,$10.21,1441721471726,"1,631",50% bullish,of 2 ratings,N/A
DGAS,$20.6,1441721471752,416,67% bearish,of 3 ratings,N/A
DSCI,$6.21,1441721471886,"5,661",50% bullish,of 2 ratings,$16
XRAY,$51.81,1441721471956,"44,658",100% bullish,of 1 rating,$58
DEPO,$27.1,1441721471985,"146,521",60% bullish,of 5 ratings,$29
DERM,$25.65,1441721472039,"3,052",100% bearish,of 1 rating,$33.50
DXLG,$6.575,1441721472196,"21,852",100% bearish,of 1 rating,$8
DXM,$0.3389,1441721472244,"92,529",50% bullish,of 2 ratings,N/A
DSWL,$1.4699,1441721472351,"3,633",100% bullish,of 1 rating,N/A
DHXM,$6.09,1441721472663,"1,400",100% bearish,of 1 rating,N/A
DXCM,$88.98,1441721472721,"35,955",57% bullish,of 7 ratings,$98
DRNA,$11.08,1441721472751,"20,744",67% bearish,of 3 ratings,$25
DMRC,$38.8244,1441721472851,"7,726",100% bearish,of 1 rating,$44
DHIL,$190.55,1441721472876,133,100% bearish,of 1 rating,N/A
DGII,$10.26,1441721472930,"1,621",100% bearish,of 1 rating,$11
DMND,$30.75,1441721473010,"5,465",75% bullish,of 12 ratings,$32
DCIX,$1.55,1441721473083,"1,914",50% bullish,of 4 ratings,$3.50
DRAD,$3.8,1441721473212,"2,153",100% bullish,of 1 rating,$5.25
DGLY,$7.31,1441721473236,"20,265",50% bullish,of 6 ratings,$20
FANG,$65.92,1441721473271,"60,475",50% bullish,of 2 ratings,$86
APPS,$2.18,1441721473516,"15,060",100% bearish,of 1 rating,$10.25
DIOD,$22.97,1441721473550,"42,002",75% bearish,of 4 ratings,$28
DCOM,$16.77,1441721473577,"3,503",100% bearish,of 2 ratings,$16
DISCA,$27.4463,1441721473754,"246,314",67% bullish,of 3 ratings,$34
DISCK,$25.9399,1441721473908,"120,390",100% bearish,of 1 rating,$32
DISCB,$27.35,1441721473995,200,100% bearish,of 1 rating,$35
DVCR,$10.508,1441721474050,400,100% bullish,of 1 rating,N/A
DSCO,$0.4495,1441721474081,"17,448",83% bullish,of 6 ratings,$2.75
DPRX,$14.7,1441721474137,"5,446",100% bullish,of 2 ratings,$27.75
BAGR,$2.65,1441721474220,300,100% bearish,of 1 rating,$6
DISH,$59.42,1441721474325,"53,971",69% bullish,of 13 ratings,$73
DLHC,NULL,1441721474382,0,100% bearish,of 1 rating,N/A
DNBF,$26.3,1441721474481,200,Not yet rated,NULL,$27.50
DLTR,$68.49,1441721474570,"494,471",82% bullish,of 11 ratings,$85
DGICB,NULL,1441721474630,0,100% bearish,of 1 rating,N/A
DGICA,$13.695,1441721474655,"2,035",100% bearish,of 1 rating,$17
DMLP,$14.4201,1441721474792,"3,396",100% bearish,of 1 rating,N/A
DORM,$50.6,1441721474850,"13,088",100% bearish,of 1 rating,$56
HILL,$9.685,1441721474955,"435,446",60% bearish,of 5 ratings,$9.75
DRWIW,$0.06,1441721475037,"12,100",Not yet rated,NULL,N/A
DRWI,$0.1832,1441721475186,"202,138",60% bullish,of 5 ratings,$.45
DWA,$20.91,1441721475245,"28,309",63% bullish,of 8 ratings,$26
DRYS,$0.4505,1441721475314,"362,112",77% bullish,of 31 ratings,$.60
DSKX,$3.54,1441721475341,"27,479",100% bullish,of 1 rating,N/A
CADT,NULL,1441721475494,0,Not yet rated,NULL,N/A
CADTU,$10.26,1441721475556,201,Not yet rated,NULL,N/A
DSPG,$8.94,1441721475584,"1,408",100% bearish,of 1 rating,$13.50
CADTR,NULL,1441721475688,0,Not yet rated,NULL,N/A
CADTW,NULL,1441721475725,0,Not yet rated,NULL,N/A
DTSI,$27.18,1441721475854,"13,438",100% bearish,of 2 ratings,$39.50
DNKN,$49.37,1441721475880,"52,659",67% bullish,of 15 ratings,$56.50
DRRX,$2.11,1441721476011,"7,577",50% bullish,of 6 ratings,$3
DXPE,$30.28,1441721476044,"9,255",50% bullish,of 2 ratings,N/A
DYAX,$22.22,1441721476154,"39,795",89% bullish,of 9 ratings,$30
BOOM,$10.0412,1441721476326,"8,438",67% bullish,of 3 ratings,$12
DYSL,$1.54,1441721476353,145,100% bullish,of 2 ratings,N/A
DYNT,NULL,1441721476381,0,75% bullish,of 4 ratings,N/A
DVAX,$28.995,1441721476484,"23,782",70% bullish,of 10 ratings,$40
EGBN,$41.88,1441721476509,"2,365",Not yet rated,NULL,$48
EBMT,$11.63,1441721476564,100,Not yet rated,NULL,$13.50
ETFC,$26.8,1441721476671,"1,096,963",57% bullish,of 14 ratings,$32.50
EGLE,$6.53,1441721476803,"2,718",60% bullish,of 5 ratings,N/A
EGRX,$82.55,1441721476834,"48,622",67% bullish,of 3 ratings,$97
ELNK,$8.57,1441721476935,"23,692",60% bullish,of 5 ratings,$9.50
EWBC,$39.36,1441721476962,"46,959",100% bearish,of 1 rating,$50
EROC,$1.4635,1441721476987,"13,310",50% bullish,of 2 ratings,$3
EACQU,$10.15,1441721477128,"1,100",Not yet rated,NULL,N/A
EML,$16.4,1441721477173,20,Not yet rated,NULL,N/A
EVBS,$6.79,1441721477302,200,Not yet rated,NULL,$7
EBAY,$26.54,1441721477449,"1,738,030",81% bullish,of 117 ratings,$33
ELON,$0.6099,1441721477474,"11,300",50% bullish,of 2 ratings,N/A
EBIX,$27.83,1441721477521,"12,161",69% bullish,of 13 ratings,$40
ECHO,$23.06,1441721477656,"11,952",67% bearish,of 3 ratings,$34.50
ECACU,$10.06,1441721477998,500,Not yet rated,NULL,N/A
EEI,$11.75,1441721478052,300,67% bearish,of 3 ratings,N/A
ESES,$3.39,1441721478082,100,100% bearish,of 1 rating,$7
ECTE,NULL,1441721478128,0,75% bullish,of 4 ratings,N/A
EDAP,$3.62,1441721478155,"3,644",60% bullish,of 5 ratings,$4.50
EDGW,$7.002,1441721478188,600,100% bearish,of 1 rating,N/A
EFUT,$4.68,1441721478213,100,Not yet rated,NULL,N/A
SATS,$43.96,1441721478289,"3,552",50% bullish,of 2 ratings,$60
EDUC,$6.9899,1441721478582,"7,340",100% bearish,of 1 rating,N/A
EGLT,$13.36,1441721478640,"6,836",50% bullish,of 2 ratings,$21
EGAN,$3.79,1441721478664,493,50% bullish,of 2 ratings,$6.25
ERI,$9.33,1441721478937,"6,346",100% bearish,of 1 rating,$10
ESLT,$79.53,1441721479068,"1,723",67% bullish,of 3 ratings,N/A
EHTH,$14.35,1441721479094,"12,712",50% bullish,of 4 ratings,$17
ELRC,$10.62,1441721479116,"2,129",100% bearish,of 1 rating,N/A
EMITF,$1.27,1441721479148,"48,450",75% bullish,of 4 ratings,N/A
ESIO,$4.58,1441721479170,"4,215",50% bullish,of 2 ratings,$10
LOCO,$12.6337,1441721479246,"70,156",69% bullish,of 13 ratings,$19.50
EA,$67.58,1441721479299,"390,049",78% bullish,of 36 ratings,$80
ELSE,NULL,1441721479344,0,60% bullish,of 5 ratings,N/A
ELECU,NULL,1441721479586,0,Not yet rated,NULL,N/A
ELEC,NULL,1441721479612,0,Not yet rated,NULL,N/A
EFII,$43.57,1441721479633,"14,987",80% bullish,of 5 ratings,$55
ELECW,NULL,1441721479763,0,Not yet rated,NULL,N/A
EBIO,$3.33,1441721479970,"38,012",100% bearish,of 2 ratings,$8.35
LONG,$16.82,1441721480100,"3,500",67% bullish,of 3 ratings,$15.75
RDEN,$11.508,1441721480125,"8,089",100% bearish,of 4 ratings,$15
EMCI,$22.1,1441721480186,800,Not yet rated,NULL,N/A
EMCF,$22.8,1441721480258,100,100% bearish,of 1 rating,N/A
ELTK,$1.24,1441721480286,"9,580",67% bearish,of 3 ratings,N/A
ESBK,NULL,1441721480321,0,Not yet rated,NULL,N/A
CAPX,NULL,1441721480425,0,Not yet rated,NULL,N/A
EMMS,$1.25,1441721480557,"4,600",67% bullish,of 6 ratings,N/A
EMMSP,NULL,1441721480584,0,100% bearish,of 1 rating,N/A
EMKR,$6.79,1441721480634,"7,972",75% bullish,of 4 ratings,$8.50
NYNY,$4.57,1441721480788,"2,222",50% bullish,of 2 ratings,N/A
ERS,NULL,1441721481134,0,Not yet rated,NULL,N/A
ECPG,$37.6799,1441721481159,"19,796",100% bullish,of 2 ratings,$52
ELGX,$13.2,1441721481377,"63,196",75% bullish,of 4 ratings,$17
ECYT,$5.05,1441721481407,"58,045",83% bullish,of 6 ratings,$12
ENTA,$39.25,1441721481432,"22,324",50% bullish,of 2 ratings,$42
WIRE,$32.79,1441721481510,"5,366",100% bearish,of 1 rating,$37
ENDP,$74.745,1441721481561,"110,142",50% bullish,of 6 ratings,$101.50
EFOI,$27.35,1441721481650,"227,677",67% bullish,of 3 ratings,$24.50
EIGI,$14.88,1441721481675,"21,191",67% bearish,of 3 ratings,$22.50
ERII,$2.64,1441721481747,"5,660",80% bullish,of 5 ratings,$2.50
WATT,$6.81,1441721481818,"5,951",50% bullish,of 2 ratings,$13
EXXI,$1.655,1441721481902,"303,729",86% bullish,of 7 ratings,$3.50
ENOC,$8.87,1441721482288,"31,443",75% bullish,of 4 ratings,$18
ENTG,$13.5,1441721482318,"90,620",100% bearish,of 1 rating,$18
ENPH,$4.69,1441721482355,"79,101",75% bullish,of 4 ratings,$10
ESGR,$149.83,1441721482422,"12,540",100% bearish,of 1 rating,$185
ENG,$1.04,1441721482452,"1,000",100% bullish,of 3 ratings,N/A
ENFC,NULL,1441721482482,0,Not yet rated,NULL,N/A
ENTL,$21.56,1441721482558,"1,892",Not yet rated,NULL,$28
ETRM,$0.2775,1441721482583,"89,676",69% bearish,of 35 ratings,$1.625
EGT,$2.11,1441721482729,"6,900",100% bullish,of 1 rating,N/A
EFSC,$24.02,1441721482863,"2,265",Not yet rated,NULL,$27
ENZN,$1.02,1441721482995,"34,099",100% bullish,of 9 ratings,N/A
EBTC,$21.25,1441721483027,800,Not yet rated,NULL,N/A
ENVI,$1.91,1441721483076,"24,900",67% bullish,of 3 ratings,N/A
EPIQ,$12.41,1441721483127,"3,912",100% bearish,of 1 rating,$18
ENZY,$10.41,1441721483152,"15,362",67% bullish,of 3 ratings,$9.50
EPRS,$5.29,1441721483283,"4,000",82% bullish,of 11 ratings,$15
EAC,$3.5,1441721483535,"1,391",100% bearish,of 1 rating,$8
EQIX,$273.885,1441721483573,"59,099",75% bullish,of 4 ratings,$312.50
PLUS,$75.02,1441721483755,"1,819",50% bullish,of 2 ratings,$88
EPZM,$19.48,1441721483825,"18,317",60% bullish,of 5 ratings,$34
ESCR,$0.3,1441721483856,"238,508",50% bullish,of 2 ratings,N/A
ERIC,$9.755,1441721483884,"387,509",67% bullish,of 9 ratings,$12.20
ERIE,$79.86,1441721483911,"1,163",Not yet rated,NULL,$73
EQFN,$8.37,1441721483952,100,100% bearish,of 1 rating,N/A
ESCRP,$1.55,1441721484050,636,100% bearish,of 1 rating,N/A
ESCA,$17.96,1441721484081,848,100% bearish,of 1 rating,$22
ESMC,$1.29,1441721484263,300,Not yet rated,NULL,N/A
ESPR,$45.43,1441721484288,"52,929",70% bearish,of 10 ratings,$115
EPIX,$6.05,1441721484612,"1,150",Not yet rated,NULL,N/A
ESSA,$12.96,1441721484675,400,100% bearish,of 1 rating,N/A
ESSX,$0.5,1441721484746,0,50% bullish,of 2 ratings,N/A
ESND,$34.12,1441721484774,"3,368",100% bearish,of 2 ratings,$40
EEFT,$67.08,1441721484795,"14,772",100% bearish,of 1 rating,$67.50
CLWT,NULL,1441721484827,0,100% bearish,of 1 rating,N/A
ETSY,$14.47,1441721484927,"31,887",80% bullish,of 5 ratings,$16
ESEA,$4.5,1441721484958,499,100% bullish,of 1 rating,$15
EVEP,$8.1,1441721485069,"28,076",50% bullish,of 2 ratings,$14
EVLV,$2.54,1441721485212,"25,514",60% bullish,of 5 ratings,$4.625
EVK,NULL,1441721485298,0,75% bearish,of 4 ratings,N/A
EVOK,$3.48,1441721485358,550,100% bearish,of 1 rating,$13.375
EXA,$10.76,1441721485405,166,100% bearish,of 1 rating,$13
EVOL,$5.59,1441721485426,"5,154",75% bullish,of 4 ratings,$10
EXAC,$19.24,1441721485792,"1,030",100% bearish,of 1 rating,$22.50
EXEL,$5.745,1441721485825,"456,001",81% bullish,of 16 ratings,$6
EXFO,$3.0001,1441721485851,"1,740",67% bearish,of 3 ratings,$3.95
EXAS,$20.87,1441721485882,"61,750",78% bullish,of 9 ratings,$31
EXPE,$113.5,1441721485921,"87,122",64% bullish,of 11 ratings,$130
EXLS,$36.88,1441721486057,"3,726",50% bullish,of 2 ratings,$41
EXPO,$42.82,1441721486098,"2,212",100% bearish,of 1 rating,$45.50
EXPD,$48.305,1441721486187,"91,003",80% bullish,of 5 ratings,$52
ESRX,$84.13,1441721486319,"674,995",67% bearish,of 6 ratings,$101
EXLP,$18.13,1441721486344,"3,041",100% bearish,of 1 rating,$25
EXTR,$3.13,1441721486476,"50,625",80% bullish,of 5 ratings,$3
EYEGW,NULL,1441721486606,0,Not yet rated,NULL,N/A
FB,$89.7362,1441721486739,"3,539,193",74% bullish,of 1078 ratings,$111
EZCH,$22.93,1441721486770,"15,792",75% bullish,of 8 ratings,$19
EYEG,$3.9557,1441721486791,"9,880",Not yet rated,NULL,N/A
FFIV,$120.43,1441721486870,"34,161",63% bullish,of 8 ratings,$132
EZPW,$5.99,1441721486918,"17,558",50% bullish,of 4 ratings,$7
FWM,$2.3,1441721486948,"33,544",100% bearish,of 2 ratings,$3.20
FRP,$15.63,1441721487200,"4,466",100% bearish,of 1 rating,$18
FALC,$1.75,1441721487328,"9,325",63% bearish,of 8 ratings,N/A
DAVE,$15.01,1441721487494,"2,066",100% bearish,of 1 rating,$15.50
FARM,$22.75,1441721487540,"1,938",100% bearish,of 1 rating,$35
FARO,$36.9801,1441721487564,"9,105",50% bullish,of 2 ratings,$48
FCS,$13.68,1441721487700,"175,084",67% bearish,of 3 ratings,$17
FAST,$38.47,1441721487749,"150,911",80% bullish,of 5 ratings,$43
FFKT,$25.76,1441721487842,309,Not yet rated,NULL,$29
FMNB,$8.28,1441721487927,500,Not yet rated,NULL,N/A
FATE,$6.35,1441721488263,"1,255",50% bullish,of 2 ratings,$11
FBSS,NULL,1441721488395,0,Not yet rated,NULL,N/A
FDML,$8.155,1441721488423,"25,796",50% bullish,of 4 ratings,$14
FEIC,$75.62,1441721488458,"20,778",50% bullish,of 2 ratings,$95.50
FNHC,$22.01,1441721488564,"4,733",100% bearish,of 1 rating,$35
FHCO,$1.39,1441721488620,971,50% bullish,of 4 ratings,N/A
FBRC,$21.98,1441721488695,"1,111",100% bearish,of 1 rating,$29
FCSC,$5.73,1441721488836,"6,997",100% bearish,of 1 rating,$8.125
FGEN,$24.33,1441721488867,"45,941",100% bearish,of 1 rating,$39
ONEQ,$187.463,1441721488966,"3,025",100% bullish,of 1 rating,N/A
FENX,$9.78,1441721489024,"1,800",100% bullish,of 1 rating,$14.25
LION,$19.59,1441721489229,"3,262",100% bullish,of 1 rating,$20
FRGI,$51.72,1441721489281,"4,298",50% bullish,of 2 ratings,$70
FDUS,$14.5732,1441721489329,"1,980",50% bullish,of 2 ratings,$18
FSC,$6.54,1441721489416,"70,752",60% bullish,of 5 ratings,$8
FSAM,$7.47,1441721489494,"1,057",100% bearish,of 1 rating,$10.25
FSFR,$8.85,1441721489565,"5,070",100% bearish,of 1 rating,$11.50
FSCFL,$24.75,1441721489592,100,Not yet rated,NULL,N/A
FITB,$19.485,1441721489652,"380,539",54% bullish,of 13 ratings,$22
FITBI,$27.5,1441721489790,656,Not yet rated,NULL,N/A
FNGN,$30.05,1441721489855,"30,621",67% bullish,of 3 ratings,$47
FNTC,NULL,1441721489958,0,Not yet rated,NULL,N/A
FNSR,$15.33,1441721490015,"47,184",71% bullish,of 7 ratings,$24
FNJN,$1.64,1441721490062,"1,068",100% bearish,of 1 rating,$5
FISI,$24.28,1441721490110,"1,478",100% bullish,of 2 ratings,$24.50
FNTCU,NULL,1441721490316,0,Not yet rated,NULL,N/A
FNTCW,NULL,1441721490341,0,Not yet rated,NULL,N/A
FBNC,$17.03,1441721490426,243,100% bullish,of 1 rating,$20
FEYE,$37.53,1441721490497,"559,203",88% bullish,of 16 ratings,$55.50
FNLC,$18.9499,1441721490525,"1,390",100% bullish,of 1 rating,N/A
FRBA,$6.13,1441721490601,200,Not yet rated,NULL,$8
BUSE,$19.11,1441721490891,"3,800",Not yet rated,NULL,$6.875
FCNCA,$230,1441721490919,"1,027",Not yet rated,NULL,N/A
FCVA,$4.63,1441721491023,200,Not yet rated,NULL,N/A
FCAP,$26.1,1441721491065,480,Not yet rated,NULL,N/A
FCFS,$39.155,1441721491090,"1,806",100% bearish,of 3 ratings,$47
FCLF,$9.19,1441721491154,200,Not yet rated,NULL,N/A
FBIZ,$22.9455,1441721491297,"3,468",100% bearish,of 2 ratings,$26
FCBC,$17.23,1441721491324,"3,311",Not yet rated,NULL,$18
FCCO,NULL,1441721491502,0,Not yet rated,NULL,$13.25
FBNK,$16.75,1441721491629,"20,585",100% bearish,of 1 rating,$17.50
FFNM,$6.4,1441721491658,100,Not yet rated,NULL,N/A
FDEF,$36.8201,1441721491731,"3,716",Not yet rated,NULL,$38
FCFP,NULL,1441721491757,0,Not yet rated,NULL,N/A
FFBC,$18.31,1441721491886,"5,757",67% bearish,of 3 ratings,$20.25
FFIN,$30.01,1441721491914,"5,080",50% bullish,of 2 ratings,$31.75
THFF,$32.75,1441721491937,"5,674",Not yet rated,NULL,$35
FFBCW,NULL,1441721492068,0,100% bearish,of 1 rating,N/A
FFNW,$12.3,1441721492278,578,Not yet rated,NULL,$14
FFWM,$21.475,1441721492306,"2,202",Not yet rated,NULL,$24
FIBK,$26.39,1441721492364,"3,679",Not yet rated,NULL,$32
INBK,$29.27,1441721492437,"6,358",50% bullish,of 2 ratings,$37
FMBI,$17.54,1441721492495,"12,000",Not yet rated,NULL,$20
FRME,$26.29,1441721492520,"7,374",Not yet rated,NULL,$26.50
FMBH,NULL,1441721492713,0,Not yet rated,NULL,N/A
FNFG,$9.1199,1441721492844,"225,084",80% bullish,of 5 ratings,$9
FSGI,$2.5,1441721492978,"1,070",Not yet rated,NULL,N/A
FNBC,$34.45,1441721493110,"5,221",Not yet rated,NULL,$40
FSLR,$47.695,1441721493137,"132,806",72% bullish,of 39 ratings,$65
FNWB,$12.23,1441721493162,"1,300",Not yet rated,NULL,N/A
FSBK,NULL,1441721493191,0,100% bullish,of 1 rating,N/A
FSFG,$31.2,1441721493216,666,Not yet rated,NULL,N/A
BICK,NULL,1441721493289,0,100% bullish,of 1 rating,N/A
FBZ,NULL,1441721493390,0,Not yet rated,NULL,N/A
FCA,$19.87,1441721493572,315,Not yet rated,NULL,N/A
FTCS,$36.2499,1441721493632,745,100% bearish,of 1 rating,N/A
FV,$23.23,1441721493705,"113,320",100% bearish,of 1 rating,N/A
IFV,$17.7694,1441721493733,"21,938",100% bearish,of 1 rating,N/A
FEMB,$41.09,1441721493775,"3,600",Not yet rated,NULL,N/A
FCAN,NULL,1441721493836,0,Not yet rated,NULL,N/A
FEUZ,$30.89,1441721494071,100,Not yet rated,NULL,N/A
FGM,$36.03,1441721494098,"6,400",Not yet rated,NULL,N/A
FTSM,$59.9301,1441721494128,822,100% bearish,of 1 rating,N/A
MDIV,$18.96,1441721494156,"8,800",Not yet rated,NULL,N/A
TDIV,$24.89,1441721494228,"16,309",100% bearish,of 1 rating,N/A
FTHI,$19.27,1441721494286,100,Not yet rated,NULL,N/A
FTGC,$22.4108,1441721494313,"10,325",Not yet rated,NULL,N/A
FHK,$33.68,1441721494472,"1,300",Not yet rated,NULL,N/A
HYLS,$49.7299,1441721494499,"2,996",100% bearish,of 1 rating,N/A
FPXI,$26.86,1441721494664,200,Not yet rated,NULL,N/A
SKYY,$28.6054,1441721494743,"5,279",100% bullish,of 1 rating,N/A
PLTM,$6.18,1441721494770,220,100% bearish,of 1 rating,N/A
YDIV,NULL,1441721494797,0,Not yet rated,NULL,N/A
CU,$12.82,1441721494899,700,100% bearish,of 1 rating,N/A
FMB,NULL,1441721495090,0,Not yet rated,NULL,N/A
LMBS,NULL,1441721495151,0,Not yet rated,NULL,N/A
QABA,$37.44,1441721495222,"1,172",100% bearish,of 1 rating,N/A
CIBR,$17.58,1441721495282,"2,370",Not yet rated,NULL,N/A
FJP,$44.95,1441721495308,"42,934",Not yet rated,NULL,N/A
FTLB,NULL,1441721495347,0,100% bearish,of 1 rating,N/A
FONE,$35.21,1441721495437,137,Not yet rated,NULL,N/A
QCLN,$15.22,1441721495476,"7,610",Not yet rated,NULL,N/A
GRID,$31.11,1441721495520,35,100% bearish,of 1 rating,N/A
CARZ,$34.71,1441721495738,885,100% bearish,of 1 rating,N/A
RDVY,$20.8999,1441721495912,366,Not yet rated,NULL,N/A
QQEW,$41.8497,1441721495945,"6,674",Not yet rated,NULL,N/A
QTEC,$40.09,1441721495985,"1,383",Not yet rated,NULL,N/A
QQXT,$40.39,1441721496009,49,Not yet rated,NULL,N/A
AIRR,$16.55,1441721496038,"1,120",100% bearish,of 1 rating,N/A
FTSL,$48.8298,1441721496066,"1,972",100% bearish,of 1 rating,N/A
QINC,NULL,1441721496168,0,Not yet rated,NULL,N/A
FKO,NULL,1441721496268,0,Not yet rated,NULL,N/A
FDIV,$47.4,1441721496410,300,100% bearish,of 1 rating,N/A
FTW,NULL,1441721496554,0,Not yet rated,NULL,N/A
FSZ,$38.63,1441721496581,300,Not yet rated,NULL,N/A
TUSA,$24.83,1441721496614,508,Not yet rated,NULL,N/A
FKU,$41.6601,1441721496647,"1,773",Not yet rated,NULL,N/A
FUNC,$8.06,1441721496677,"1,800",Not yet rated,NULL,N/A
SVVC,$9.22,1441721496782,250,50% bullish,of 2 ratings,$26
FSV,$32.17,1441721496869,900,Not yet rated,NULL,$33.60
FLML,$22.0773,1441721497083,"34,062",50% bullish,of 2 ratings,$30
FISV,$85.55,1441721497115,"83,242",100% bearish,of 3 ratings,$90
FIVN,$3.81,1441721497141,"11,321",100% bullish,of 1 rating,$8.50
FMER,$17.49,1441721497170,"39,712",50% bullish,of 2 ratings,$20
FPRX,$19.93,1441721497191,"26,663",50% bullish,of 2 ratings,$35
FIVE,$34,1441721497220,"135,088",75% bearish,of 4 ratings,$43.50
FLKS,$11.62,1441721497462,"4,529",50% bullish,of 2 ratings,$27
SKOR,$50.47,1441721497563,"4,200",Not yet rated,NULL,N/A
FLXN,$27.5579,1441721497589,"9,975",100% bearish,of 1 rating,$40
FLXS,$30.88,1441721497614,824,100% bearish,of 2 ratings,N/A
MBSD,$24.93,1441721497790,"2,400",Not yet rated,NULL,N/A
FLIR,$28.57,1441721497850,"79,124",100% bearish,of 2 ratings,$38.50
FLEX,$10.5,1441721497919,"271,959",63% bullish,of 8 ratings,$12
FFIC,$19.56,1441721497996,"3,358",Not yet rated,NULL,$20.50
FOMX,$9.71,1441721498054,"4,771",50% bullish,of 2 ratings,$23.50
FLDM,$10.98,1441721498081,"18,528",67% bearish,of 3 ratings,$15
FOGO,$19.43,1441721498218,"2,404",50% bullish,of 2 ratings,$25.50
FES,$0.8501,1441721498261,"21,900",50% bullish,of 2 ratings,$1
FONR,$10.137,1441721498289,"7,675",100% bullish,of 1 rating,N/A
FORTY,NULL,1441721498394,0,100% bearish,of 1 rating,N/A
FORM,$6.76,1441721498438,"14,331",67% bullish,of 3 ratings,$10.50
FORR,$31.06,1441721498467,"1,580",Not yet rated,NULL,N/A
FTNT,$42.12,1441721498571,"89,649",80% bullish,of 10 ratings,$52
FORD,$1.74,1441721498787,"675,127",67% bullish,of 3 ratings,N/A
FWRD,$44.54,1441721498835,"4,856",100% bearish,of 1 rating,$50
FMI,$23.05,1441721498894,"6,807",100% bearish,of 2 ratings,$27.50
FBIO,$2.646,1441721498967,"8,501",83% bullish,of 6 ratings,N/A
FXCB,$17.23,1441721499025,435,Not yet rated,NULL,$19
FOSL,$61.025,1441721499053,"99,690",60% bearish,of 5 ratings,$80
FWP,$25.2501,1441721499100,"4,080",100% bearish,of 1 rating,$45
FOXF,$15.26,1441721499195,"1,497",100% bearish,of 1 rating,$19
FRAN,$12.41,1441721499328,"116,567",50% bullish,of 4 ratings,$15
FRED,$12.81,1441721499358,"4,473",50% bullish,of 2 ratings,$15.50
FELE,$27.64,1441721499544,"9,773",50% bullish,of 4 ratings,$33
RAIL,$20.32,1441721499588,"6,050",100% bearish,of 1 rating,$24.50
FREE,$0.3598,1441721499613,"44,107",92% bullish,of 12 ratings,N/A
FEIM,$11.02,1441721499675,"1,300",100% bearish,of 1 rating,N/A
FRPT,$12.56,1441721499746,"29,014",67% bearish,of 3 ratings,$23.50
FTR,$5.405,1441721499954,"1,809,640",78% bullish,of 27 ratings,$6.25
FRPH,$30.61,1441721500021,124,100% bearish,of 1 rating,N/A
FTRPR,$105.25,1441721500046,"1,114",100% bearish,of 1 rating,N/A
FTEK,$1.999,1441721500175,"1,200",75% bullish,of 4 ratings,N/A
FTD,$29.66,1441721500221,"2,940",100% bearish,of 1 rating,$40
FSBW,$23.29,1441721500249,300,Not yet rated,NULL,N/A
FCEL,$0.9017,1441721500310,"436,060",88% bullish,of 41 ratings,$2.65
FSYS,$6.26,1441721500380,"9,770",67% bullish,of 3 ratings,$8.50
FULL,$3.12,1441721500454,"3,949",67% bearish,of 3 ratings,$4.25
FULLL,NULL,1441721500513,0,Not yet rated,NULL,N/A
FLL,$1.4871,1441721500816,862,75% bullish,of 4 ratings,$3.50
FULT,$11.89,1441721500947,"41,267",100% bearish,of 1 rating,$13
FSNN,$2.15,1441721500977,"2,900",67% bullish,of 3 ratings,$6
FFHL,NULL,1441721501079,0,50% bullish,of 4 ratings,N/A
FXENP,NULL,1441721501104,0,100% bearish,of 1 rating,N/A
FXEN,$0.9979,1441721501129,"6,004",75% bullish,of 4 ratings,$1.10
GK,$67.83,1441721501259,"2,528",Not yet rated,NULL,$78
WILC,NULL,1441721501319,0,100% bullish,of 2 ratings,N/A
GAIA,$5.96,1441721501422,528,50% bullish,of 2 ratings,$8.50
GALT,$2.06,1441721501473,"30,654",80% bullish,of 5 ratings,N/A
GALE,$1.5701,1441721501503,"81,978",89% bullish,of 47 ratings,$4
GLPG,$59.2801,1441721501553,"2,096",100% bullish,of 1 rating,$75
GALTW,NULL,1441721501603,0,100% bullish,of 1 rating,N/A
GALTU,NULL,1441721501685,0,100% bearish,of 1 rating,N/A
GLMD,$8.45,1441721501752,610,67% bullish,of 3 ratings,$20.50
GLPI,$30.74,1441721501943,"24,533",100% bearish,of 1 rating,$37.50
GGACR,$0.24,1441721502083,"9,000",100% bullish,of 1 rating,N/A
GRMN,$37,1441721502113,"67,280",50% bullish,of 6 ratings,$46.50
GENC,$9.17,1441721502138,100,100% bearish,of 1 rating,N/A
GGAC,$9.92,1441721502221,81,100% bearish,of 1 rating,N/A
GGACU,NULL,1441721502264,0,Not yet rated,NULL,N/A
GPIC,$9.94,1441721502325,500,100% bearish,of 1 rating,N/A
GARS,$14.66,1441721502349,"11,127",Not yet rated,NULL,$16
GGACW,NULL,1441721502493,0,Not yet rated,NULL,N/A
GFN,$3.755,1441721502641,400,100% bearish,of 2 ratings,$8
GNCMA,$17.24,1441721502693,"5,762",100% bearish,of 1 rating,$12
GFNCP,$88.5,1441721502796,70,Not yet rated,NULL,N/A
GFNSL,NULL,1441721502820,0,Not yet rated,NULL,N/A
GENE,$2.378,1441721502879,"17,431",100% bullish,of 12 ratings,N/A
GNMK,$9.68,1441721503046,768,67% bullish,of 6 ratings,$14
GNCA,$11.05,1441721503130,"1,500",100% bearish,of 1 rating,$20
GNVC,$2.65,1441721503262,"7,133",90% bullish,of 10 ratings,$8.50
GNTX,$16.07,1441721503346,"208,908",Not yet rated,NULL,$20
GEOS,$16.1,1441721503455,"5,035",100% bearish,of 3 ratings,$21
GEVO,$2.405,1441721503486,"157,190",75% bullish,of 12 ratings,$5
THRM,$45.49,1441721503512,"22,503",75% bearish,of 4 ratings,$55.50
GTWN,NULL,1441721503593,0,Not yet rated,NULL,N/A
GHDX,$25.22,1441721503652,"5,335",50% bullish,of 2 ratings,$30
GABC,$28.69,1441721503729,649,Not yet rated,NULL,$31.50
GERN,$3.33,1441721503866,"385,024",88% bullish,of 17 ratings,$5.25
GIGM,NULL,1441721503920,0,100% bullish,of 2 ratings,N/A
ROCK,$16.62,1441721503998,"7,012",80% bullish,of 5 ratings,$24
GIII,$70.205,1441721504066,"9,902",67% bullish,of 3 ratings,$79
GIGA,$1.388,1441721504196,"50,516",100% bearish,of 1 rating,N/A
GILD,$103.63,1441721504390,"993,734",91% bullish,of 89 ratings,$129
GBCI,$25.94,1441721504462,"13,728",50% bullish,of 2 ratings,$31
GLAD,$8.8187,1441721504532,"23,958",50% bullish,of 2 ratings,$8.75
GILT,$4.12,1441721504596,"2,000",50% bullish,of 2 ratings,N/A
GLADO,NULL,1441721504621,0,Not yet rated,NULL,N/A
GOOD,$14.0099,1441721504648,"4,460",Not yet rated,NULL,$19
GOODN,$25.61,1441721504693,39,Not yet rated,NULL,N/A
GOODO,NULL,1441721504722,0,Not yet rated,NULL,N/A
GAIN,$7.4799,1441721504930,"18,020",100% bullish,of 2 ratings,$8.25
GAINO,NULL,1441721505075,0,Not yet rated,NULL,N/A
GAINP,$25.79,1441721505207,900,Not yet rated,NULL,N/A
GOODP,$25.2,1441721505241,400,Not yet rated,NULL,N/A
GAINN,$25.3306,1441721505339,"26,511",Not yet rated,NULL,N/A
GLBZ,NULL,1441721505366,0,Not yet rated,NULL,N/A
LAND,$9.0999,1441721505580,"2,304",50% bullish,of 2 ratings,$13.75
ENT,$11.21,1441721505613,"6,296",100% bearish,of 1 rating,$18
GBT,$52.6,1441721505644,"35,370",100% bearish,of 1 rating,N/A
GDEF,$10.65,1441721505921,400,Not yet rated,NULL,N/A
GPACU,NULL,1441721506009,0,Not yet rated,NULL,N/A
GBLI,$27.29,1441721506072,"1,232",Not yet rated,NULL,N/A
ACTX,NULL,1441721506099,0,100% bullish,of 1 rating,N/A
SOCL,$17.3996,1441721506140,"8,154",100% bullish,of 2 ratings,N/A
GSOL,$8.41,1441721506165,700,100% bearish,of 1 rating,N/A
QQQC,$18.65,1441721506190,505,100% bearish,of 1 rating,N/A
ALTY,$14.43,1441721506326,1,Not yet rated,NULL,N/A
SRET,$12.96,1441721506551,11,Not yet rated,NULL,N/A
YLCO,NULL,1441721506623,0,Not yet rated,NULL,N/A
GAI,$6.16,1441721506648,500,50% bullish,of 2 ratings,N/A
GSM,$14.165,1441721506669,"17,521",50% bullish,of 2 ratings,$22
GBIM,$2.65,1441721506697,244,50% bullish,of 2 ratings,N/A
GLUU,$4.5637,1441721506889,"321,684",92% bullish,of 26 ratings,$9
GLBS,$1.25,1441721506994,"3,718",67% bullish,of 3 ratings,N/A
GLYC,$6.85,1441721507043,"24,070",50% bullish,of 2 ratings,$14
GLNG,$38.96,1441721507068,"50,899",83% bullish,of 6 ratings,$55.50
GLRI,$1.06,1441721507201,"3,000",100% bearish,of 1 rating,$4.25
GDEN,$9.05,1441721507226,500,50% bullish,of 2 ratings,N/A
GOGO,$15.74,1441721507402,"53,033",80% bullish,of 5 ratings,$25
GMLP,$20.9103,1441721507442,"9,371",50% bullish,of 4 ratings,$29
GLDC,$4.0196,1441721507584,712,50% bullish,of 2 ratings,N/A
GBDC,$17.01,1441721507715,"35,546",Not yet rated,NULL,$17.75
GOGL,$2.9003,1441721507759,"22,397",75% bullish,of 4 ratings,$5
GOOG,$608.83,1441721507858,"204,342",87% bullish,of 75 ratings,$787.50
GOOGL,$638.48,1441721507883,"214,570",88% bullish,of 1083 ratings,$749
GTIM,$7.2401,1441721507909,"5,758",Not yet rated,NULL,$11.50
GPIA,NULL,1441721508043,0,100% bearish,of 1 rating,N/A
GPIAW,NULL,1441721508067,0,Not yet rated,NULL,N/A
GPIAU,$9.95,1441721508242,600,Not yet rated,NULL,N/A
LOPE,$37.45,1441721508270,"4,675",100% bearish,of 2 ratings,$50
GPRO,$36.87,1441721508292,"1,875,622",78% bullish,of 59 ratings,$71
GMAN,$3.71,1441721508327,512,60% bullish,of 5 ratings,$8.50
GBSNU,NULL,1441721508420,0,NULL,NULL,NULL
GBSN,$0.168,1441721508452,"1,785,203",50% bullish,of 2 ratings,$8.25
GRVY,$3.52,1441721508490,100,50% bullish,of 2 ratings,N/A
GNBC,$11.8,1441721508831,"2,000",100% bearish,of 1 rating,$16.50
GLDD,$5.354,1441721508856,"6,434",100% bearish,of 4 ratings,$7.75
GRBK,$11.71,1441721508887,"10,165",77% bullish,of 13 ratings,N/A
GSBC,$41.155,1441721508918,"2,041",100% bullish,of 1 rating,$44
GPRE,$19.81,1441721509022,"27,313",67% bullish,of 6 ratings,$28.50
GCBC,$29,1441721509057,27,100% bullish,of 1 rating,N/A
GLRE,$24.639,1441721509092,"21,020",50% bullish,of 2 ratings,$34
GRIF,$32.5,1441721509322,"1,000",100% bearish,of 1 rating,N/A
GPP,$14.3388,1441721509366,660,Not yet rated,NULL,$20.50
GRFS,$31.7,1441721509392,"94,254",50% bullish,of 2 ratings,$35
GRPN,$4.295,1441721509467,"679,742",61% bullish,of 71 ratings,$6.75
GSIG,$12.83,1441721509527,"1,244",100% bearish,of 2 ratings,N/A
GGAL,$19.57,1441721509598,"31,490",80% bullish,of 5 ratings,$40
OMAB,$40.88,1441721509659,"12,648",100% bullish,of 1 rating,$44
GSIT,$4.61,1441721509824,"1,500",100% bearish,of 1 rating,N/A
GSVC,$8.89,1441721509925,"5,780",50% bullish,of 2 ratings,$15.75
GBNK,$15.8625,1441721510055,"1,408",100% bearish,of 1 rating,$18
GUID,$6.755,1441721510212,"5,380",100% bearish,of 3 ratings,$10
GFED,$14.86,1441721510259,32,Not yet rated,NULL,$17
GURE,$1.61,1441721510318,"2,490",88% bullish,of 8 ratings,N/A
GWGH,NULL,1441721510400,0,100% bearish,of 1 rating,$15.05
GTXI,$0.9091,1441721510426,"2,400",100% bullish,of 5 ratings,$.75
GIFI,$11.975,1441721510455,"7,754",100% bearish,of 1 rating,$16
GYRO,$31.4,1441721510497,221,100% bearish,of 1 rating,N/A
GULTU,$0.32,1441721510557,"3,526",100% bearish,of 1 rating,N/A
HEES,$19.1,1441721510639,"26,951",67% bearish,of 3 ratings,$31
GWPH,$103.56,1441721510833,"13,399",78% bullish,of 9 ratings,$148.50
HLG,$9.1,1441721510918,300,100% bearish,of 1 rating,N/A
GPOR,$32.22,1441721511062,"132,607",75% bullish,of 4 ratings,$54
HNRG,$7.12,1441721511202,"6,339",100% bearish,of 1 rating,$10
HALO,$17.14,1441721511283,"51,486",67% bullish,of 3 ratings,$22.50
HBK,NULL,1441721511312,0,50% bullish,of 2 ratings,N/A
HALL,$11.45,1441721511346,"13,416",Not yet rated,NULL,N/A
HMPR,$1.8636,1441721511411,654,100% bullish,of 1 rating,N/A
HNSN,$0.57,1441721511546,"16,837",88% bullish,of 8 ratings,$.40
HBHC,$27.46,1441721511571,"28,393",50% bullish,of 2 ratings,$30
HNH,$26.19,1441721511617,178,100% bullish,of 1 rating,N/A
HDNG,$10.51,1441721511808,"2,864",50% bullish,of 4 ratings,N/A
HAFC,$24.1501,1441721511834,"10,309",100% bullish,of 2 ratings,$28.50
HBHCL,$24.28,1441721511865,"10,000",Not yet rated,NULL,N/A
HQCL,$12.61,1441721511890,"1,507",67% bullish,of 3 ratings,$14
HLIT,$5.65,1441721511974,"17,530",100% bearish,of 1 rating,$6.50
HRMN,NULL,1441721512262,0,Not yet rated,NULL,N/A
TINY,$2.47,1441721512353,"3,108",50% bullish,of 2 ratings,$5.26
HART,$1.28,1441721512383,"25,947",100% bearish,of 1 rating,N/A
HRMNW,NULL,1441721512411,0,Not yet rated,NULL,N/A
HRMNU,NULL,1441721512452,0,Not yet rated,NULL,N/A
HBIO,$4.37,1441721512483,"6,749",100% bearish,of 1 rating,$10
HCAPL,$25.41,1441721512586,672,Not yet rated,NULL,N/A
HCAP,$12.08,1441721512761,"1,330",50% bullish,of 2 ratings,$15
HAS,$75.84,1441721512813,"107,891",63% bullish,of 8 ratings,$84.50
HCOM,$21.67,1441721512840,383,100% bearish,of 1 rating,$28
HA,$24.19,1441721512861,"53,253",67% bullish,of 9 ratings,$27
HWBK,$13.34,1441721512989,100,100% bearish,of 1 rating,N/A
HWKN,$38.44,1441721513082,168,Not yet rated,NULL,N/A
HAYN,$37.83,1441721513195,"3,872",100% bearish,of 1 rating,$59
HIIQ,$4.849,1441721513225,338,50% bullish,of 2 ratings,$7
HDS,$32.69,1441721513296,"388,802",100% bearish,of 2 ratings,$39.50
HCSG,$32.76,1441721513321,"15,525",50% bullish,of 4 ratings,$35
HTWR,$65.78,1441721513637,"36,456",50% bullish,of 2 ratings,$97.50
HSTM,$24.53,1441721513662,"4,364",50% bullish,of 2 ratings,$33.75
HWAY,$11.66,1441721513717,"22,759",100% bearish,of 1 rating,$15
HTLF,$35.96,1441721513798,"5,239",100% bullish,of 1 rating,$39.50
HTBX,$3.805,1441721513827,"8,010",50% bullish,of 2 ratings,$15.50
HQY,$29.785,1441721513848,"14,931",67% bullish,of 3 ratings,$35
HTLD,$20.67,1441721514007,"13,922",Not yet rated,NULL,$22.50
HSII,$20.39,1441721514195,"2,340",100% bullish,of 3 ratings,$25
HMNY,$2.1475,1441721514276,"8,687",100% bearish,of 1 rating,N/A
HMTV,$13.46,1441721514338,453,100% bearish,of 1 rating,$16
HNNA,$24.61,1441721514402,"7,352",100% bearish,of 1 rating,N/A
HELE,$85.33,1441721514470,"3,591",67% bearish,of 3 ratings,$100
HCACU,$9.95,1441721514504,"106,018",Not yet rated,NULL,N/A
HTBK,$10.66,1441721514632,"4,128",Not yet rated,NULL,$12
HERO,NULL,1441721514655,0,NULL,NULL,NULL
HSIC,$134.81,1441721514730,"14,989",83% bullish,of 6 ratings,$146
HFWA,$18.03,1441721514786,"1,717",100% bullish,of 1 rating,$20
HEOP,$7.87,1441721514866,986,Not yet rated,NULL,$8.50
MLHR,$27.5201,1441721514998,"17,668",50% bullish,of 2 ratings,$33.50
HRTX,$38.59,1441721515200,"78,804",57% bullish,of 7 ratings,$41
HCCI,$11.74,1441721515252,857,100% bearish,of 1 rating,$16.50
HSKA,$32.57,1441721515302,"2,200",100% bearish,of 1 rating,$38
HFFC,$16.05,1441721515327,"3,400",Not yet rated,NULL,N/A
HIBB,$39.07,1441721515379,"22,505",100% bearish,of 1 rating,$46.50
HIHO,$4.5517,1441721515406,"29,906",Not yet rated,NULL,N/A
HPJ,$2.1999,1441721515428,"2,000",75% bullish,of 4 ratings,$12.43
HOLI,$16.71,1441721515769,"65,931",50% bullish,of 4 ratings,$27
HIMX,$7.4,1441721515799,"175,983",86% bullish,of 21 ratings,$8.25
HMSY,$10.13,1441721515820,"44,127",67% bullish,of 3 ratings,$19.35
HIFS,$112.6,1441721515855,"1,905",Not yet rated,NULL,N/A
HSGX,$6.21,1441721515900,315,100% bearish,of 1 rating,$17
HOLX,$38.855,1441721515982,"119,833",50% bullish,of 4 ratings,$42
HMNF,$11.42,1441721516010,418,Not yet rated,NULL,N/A
HOMB,$38.09,1441721516285,"5,493",Not yet rated,NULL,$42
HBCP,$24.89,1441721516311,524,Not yet rated,NULL,$29
AWAY,$28.55,1441721516394,"52,957",75% bullish,of 4 ratings,$36
HKTV,$4.18,1441721516437,"42,592",100% bearish,of 1 rating,N/A
HFBL,$22,1441721516525,"7,200",Not yet rated,NULL,N/A
HMIN,$25.39,1441721516573,"6,186",100% bearish,of 2 ratings,$35
CETC,$0.74,1441721516627,"12,512",86% bullish,of 7 ratings,N/A
HMST,$22.32,1441721516715,"7,227",100% bullish,of 2 ratings,$27
HTBI,$18.13,1441721516739,"2,069",67% bullish,of 3 ratings,$18.625
HFBC,$11.23,1441721516931,"1,000",Not yet rated,NULL,N/A
HOFT,$23.82,1441721516956,"4,352",100% bearish,of 1 rating,N/A
HRZN,$10.3367,1441721517423,"5,982",50% bullish,of 2 ratings,$14.25
HDP,$23.68,1441721517570,"32,728",67% bearish,of 3 ratings,$30.50
HWCC,$7.59,1441721517636,"1,422",100% bearish,of 1 rating,$9
HMHC,$22.8098,1441721517661,"65,792",Not yet rated,NULL,$27
HBNC,$23.55,1441721517690,"2,737",100% bullish,of 1 rating,$27
ZINC,$7.38,1441721517734,"50,250",100% bearish,of 1 rating,$17
HZNP,$29.48,1441721517791,"179,186",85% bullish,of 20 ratings,$40
HOVNP,NULL,1441721517890,0,100% bearish,of 1 rating,N/A
HSNI,$59.72,1441721518031,"8,542",Not yet rated,NULL,$80
HUBG,$38.38,1441721518087,"15,157",100% bearish,of 1 rating,$43
HTGM,$6.05,1441721518119,139,100% bearish,of 1 rating,$19.50
HCBK,$9.415,1441721518161,"154,579",83% bullish,of 6 ratings,$8.61
HBMD,$13.71,1441721518188,120,100% bearish,of 1 rating,N/A
HSON,$2.86,1441721518356,"27,144",100% bearish,of 1 rating,$5
HBAN,$10.66,1441721518418,"571,542",76% bullish,of 17 ratings,$12.29
HDSN,$3.03,1441721518557,802,100% bullish,of 1 rating,$6.25
HURC,$29.1,1441721518610,200,100% bearish,of 1 rating,N/A
HBANP,NULL,1441721518645,0,100% bearish,of 1 rating,N/A
HTCH,$1.49,1441721518803,"10,311",100% bearish,of 1 rating,$3.50
HBP,$3.06,1441721518829,200,100% bullish,of 1 rating,N/A
HURN,$73.2,1441721519007,"3,793",50% bullish,of 2 ratings,$80
HDRAW,NULL,1441721519039,0,Not yet rated,NULL,N/A
HYGS,$8.5101,1441721519091,"4,619",50% bullish,of 2 ratings,$13
HDRAR,NULL,1441721519141,0,Not yet rated,NULL,N/A
IDSY,$3.89,1441721519177,918,100% bearish,of 1 rating,$7
HDRA,NULL,1441721519221,0,Not yet rated,NULL,N/A
HDRAU,NULL,1441721519281,0,Not yet rated,NULL,N/A
IKGH,$1.62,1441721519464,300,75% bullish,of 4 ratings,N/A
IACI,$70.56,1441721519595,"94,506",80% bullish,of 5 ratings,$90
IBKC,$60.54,1441721519654,"3,229",100% bullish,of 1 rating,$70
IEP,$68.2999,1441721519884,"17,192",75% bullish,of 4 ratings,$99
ICUI,$110.3701,1441721519949,"5,668",Not yet rated,NULL,$122
ICFI,$33.63,1441721519979,"1,735",50% bullish,of 2 ratings,$48.50
ICLR,$76.86,1441721520010,"27,412",100% bearish,of 3 ratings,$85
ICAD,$3.82,1441721520035,"1,449",50% bullish,of 2 ratings,$7.25
ICON,$13.245,1441721520080,"70,241",50% bullish,of 2 ratings,$18.50
INVE,$4.44,1441721520106,"2,070",75% bullish,of 4 ratings,$4
IPWR,$7.69,1441721520410,"1,150",100% bullish,of 1 rating,$15
IDRA,$2.87,1441721520667,"88,188",89% bullish,of 9 ratings,$6.50
IRG,$5.09,1441721520731,"3,716",100% bearish,of 1 rating,$4.25
IROQ,$16.725,1441721520786,200,100% bullish,of 1 rating,N/A
RXDX,$15.87,1441721520813,"25,722",100% bullish,of 1 rating,$20
IDXX,$73.46,1441721520834,"28,998",100% bearish,of 1 rating,$76
IKAN,$2.73,1441721520865,"1,400",83% bullish,of 6 ratings,$5
IIVI,$16.9,1441721520886,"19,361",100% bearish,of 1 rating,$22
DSKY,$10.79,1441721520915,"11,778",67% bullish,of 6 ratings,$11.50
KANG,$15.11,1441721521215,"105,506",50% bullish,of 2 ratings,$23.10
IMMR,$12.38,1441721521257,"10,724",80% bullish,of 5 ratings,$15.50
ICCC,$7.05,1441721521414,950,100% bullish,of 1 rating,N/A
ILMN,$194.75,1441721521478,"73,755",80% bullish,of 5 ratings,$245
IKNX,NULL,1441721521545,0,100% bearish,of 1 rating,N/A
ISNS,$4.17,1441721521610,"2,854",50% bullish,of 2 ratings,N/A
IMDZ,$15.2,1441721521675,"52,442",100% bearish,of 1 rating,$33
IMMU,$2.35,1441721521768,"1,425,754",86% bullish,of 7 ratings,$2
IMGN,$13.38,1441721521816,"99,191",75% bullish,of 4 ratings,$17.50
IMNP,$1.46,1441721521843,"57,040",50% bullish,of 2 ratings,$6
SAAS,$7.275,1441721522056,"14,890",50% bullish,of 2 ratings,$15
INCR,$42.0141,1441721522197,"16,753",50% bullish,of 2 ratings,$53
IMMY,$7.53,1441721522246,229,100% bearish,of 1 rating,$11
INDB,$44.4,1441721522274,"1,987",Not yet rated,NULL,$44
IPXL,$43.22,1441721522300,"255,027",67% bullish,of 3 ratings,$46.50
INCY,$117.535,1441721522378,"61,842",50% bullish,of 6 ratings,$125.50
IBCP,$14.09,1441721522460,"3,923",100% bullish,of 1 rating,$14.50
IBTX,$40.55,1441721522515,"1,059",100% bullish,of 2 ratings,$47.25
IDSA,NULL,1441721522678,0,Not yet rated,NULL,N/A
INFI,$8.78,1441721522907,"22,307",50% bullish,of 4 ratings,$16.50
III,$3.755,1441721522965,"5,076",57% bullish,of 7 ratings,$6
IPCC,$75.89,1441721522992,"1,106",Not yet rated,NULL,$77.50
INFN,$20.5108,1441721523036,"720,577",71% bullish,of 7 ratings,$28
INWK,$6.98,1441721523064,"10,150",50% bullish,of 2 ratings,$10
IFON,$1.3,1441721523123,"4,018",75% bullish,of 4 ratings,N/A
IMKTA,$50.036,1441721523152,"3,589",100% bearish,of 1 rating,N/A
INNL,NULL,1441721523254,0,100% bearish,of 1 rating,$16.50
INOD,NULL,1441721523338,0,100% bearish,of 1 rating,N/A
ISSC,$2.83,1441721523516,10,67% bearish,of 3 ratings,N/A
IOSP,$49.12,1441721523541,"17,038",100% bearish,of 1 rating,N/A
IPHS,$46.255,1441721523680,"2,686",100% bearish,of 1 rating,$60
ITEK,$12.87,1441721523759,"53,789",100% bearish,of 3 ratings,$20
INSM,$24.45,1441721524013,"14,424",71% bullish,of 7 ratings,$31.50
INO,$7.06,1441721524054,"114,233",89% bullish,of 18 ratings,$20
INOV,$21,1441721524083,"32,840",100% bearish,of 1 rating,$33
INGN,$51.76,1441721524139,"20,195",100% bearish,of 1 rating,$50.50
ISIG,$2.65,1441721524184,167,100% bearish,of 1 rating,N/A
IIIN,$17.527,1441721524240,"2,207",100% bearish,of 2 ratings,N/A
INSY,$33.48,1441721524337,"68,767",75% bullish,of 4 ratings,$48
NTEC,NULL,1441721524479,0,100% bearish,of 1 rating,N/A
PODD,$28.4,1441721524530,"6,353",67% bearish,of 3 ratings,$35
IART,$62.66,1441721524611,"15,863",100% bearish,of 2 ratings,$71.50
NSIT,$24.6,1441721524638,"9,752",50% bullish,of 2 ratings,N/A
IDTI,$19.45,1441721524663,"215,564",60% bullish,of 5 ratings,$25
INTC,$29.29,1441721524874,"3,524,280",82% bullish,of 238 ratings,$36
IESC,$7.08,1441721524910,448,100% bearish,of 1 rating,N/A
ISSI,$21.98,1441721525050,"17,700",67% bullish,of 3 ratings,$19.75
IBKR,$37.92,1441721525075,"42,240",100% bullish,of 1 rating,N/A
IPCI,$2.2,1441721525108,"3,427",67% bullish,of 6 ratings,$8
IPAR,$25.17,1441721525203,"1,628",67% bullish,of 3 ratings,$38
IQNT,$18.93,1441721525230,"18,004",86% bullish,of 7 ratings,$20
ICPT,$188.08,1441721525298,"15,314",70% bullish,of 10 ratings,$359.50
ININ,$35.93,1441721525667,"1,221",67% bearish,of 3 ratings,$57
ICLDW,NULL,1441721525732,0,100% bearish,of 1 rating,N/A
TILE,$24.4,1441721525834,"24,074",100% bearish,of 3 ratings,$27
INAP,$9.395,1441721525980,"11,425",75% bullish,of 4 ratings,$11
ISCA,$32.6,1441721526117,"1,751",100% bearish,of 1 rating,N/A
IMI,$2.04,1441721526142,900,67% bullish,of 3 ratings,$2.22
IBOC,$25.04,1441721526219,"11,374",100% bearish,of 1 rating,N/A
IGLD,$7.5,1441721526345,275,50% bullish,of 2 ratings,N/A
IIJI,$8.24,1441721526423,20,50% bullish,of 2 ratings,$12.50
IDCC,$48.5,1441721526452,"7,912",80% bullish,of 5 ratings,$63
PTNT,$3.02,1441721526480,100,Not yet rated,NULL,N/A
INPH,$0.29,1441721526506,145,50% bullish,of 2 ratings,N/A
ICLD,$2.0501,1441721526581,"128,089",75% bullish,of 4 ratings,N/A
INTX,$2.03,1441721526710,"1,690",67% bullish,of 3 ratings,N/A
XENT,$25.5,1441721526764,"10,700",50% bullish,of 2 ratings,$36.50
ISIL,$10.52,1441721526974,"89,397",50% bullish,of 6 ratings,$15
INTLL,$26.09,1441721527250,100,Not yet rated,NULL,N/A
IVAC,$4.75,1441721527276,"5,484",100% bearish,of 1 rating,$6.625
INTL,$26.01,1441721527305,"1,311",67% bearish,of 3 ratings,N/A
ITCI,$26.6301,1441721527334,"62,237",75% bearish,of 4 ratings,$40
ISRG,$514.82,1441721527411,"8,710",67% bullish,of 3 ratings,$600
IILG,$19.5,1441721527440,"2,965",100% bearish,of 1 rating,$29
INTU,$86.811,1441721527507,"122,439",86% bullish,of 7 ratings,$107.50
IIN,$6.91,1441721527536,600,100% bearish,of 1 rating,$12
SNAK,$8.33,1441721527714,"4,796",50% bullish,of 2 ratings,$14
INVT,$0.34,1441721527740,"10,100",67% bullish,of 3 ratings,N/A
ISBC,$11.81,1441721527766,"168,043",100% bullish,of 1 rating,$13.25
ISTR,$15.8,1441721527899,502,100% bearish,of 1 rating,$18.50
ITIC,$70.95,1441721527946,100,100% bearish,of 2 ratings,N/A
NVIV,$10.994,1441721528076,"154,614",50% bullish,of 4 ratings,$24.50
DTUL,NULL,1441721528133,0,Not yet rated,NULL,N/A
IVTY,$14.905,1441721528158,"2,266",Not yet rated,NULL,$18
IPAS,$1.06,1441721528234,950,67% bullish,of 3 ratings,N/A
IPGP,$81.68,1441721528451,"15,902",67% bearish,of 3 ratings,$109.50
IRMD,$24.31,1441721528493,"1,527",67% bearish,of 3 ratings,$25
IPCM,$79.23,1441721528518,"13,531",50% bullish,of 2 ratings,$80.125
DFVL,NULL,1441721528583,0,Not yet rated,NULL,N/A
IRDMB,NULL,1441721528654,0,67% bearish,of 3 ratings,N/A
IRDM,$6.98,1441721528683,"45,643",60% bullish,of 5 ratings,$11.50
IRIX,$7.12,1441721528705,653,100% bearish,of 1 rating,N/A
IRBT,$30.02,1441721529039,"21,819",67% bullish,of 6 ratings,$37
IRWD,$11.19,1441721529071,"191,848",100% bearish,of 1 rating,$13
IRCP,NULL,1441721529217,0,100% bullish,of 2 ratings,N/A
IFAS,NULL,1441721529242,0,NULL,NULL,NULL
FCHI,NULL,1441721529260,0,NULL,NULL,NULL
COMT,$32.95,1441721529311,601,100% bearish,of 1 rating,N/A
GNMA,$50.03,1441721529331,"2,416",Not yet rated,NULL,N/A
ACWI,$55.12,1441721529627,"95,094",Not yet rated,NULL,N/A
AAXJ,$52.58,1441721529865,"133,055",Not yet rated,NULL,N/A
AAIT,NULL,1441721530035,0,NULL,NULL,NULL
EEMA,$49.54,1441721530098,"5,294",Not yet rated,NULL,N/A
IFEU,$38.06,1441721530250,100,Not yet rated,NULL,N/A
EMDI,NULL,1441721530413,0,NULL,NULL,NULL
EEME,NULL,1441721530523,0,NULL,NULL,NULL
EMEY,NULL,1441721530652,0,NULL,NULL,NULL
IFNA,NULL,1441721530725,0,NULL,NULL,NULL
AXJS,NULL,1441721530783,0,NULL,NULL,NULL
ACWX,$40.0601,1441721530827,"78,481",100% bearish,of 1 rating,N/A
EVAL,NULL,1441721530883,0,NULL,NULL,NULL
EGRW,NULL,1441721530905,0,NULL,NULL,NULL
EEML,NULL,1441721530940,0,Not yet rated,NULL,N/A
IFGL,$27.99,1441721530961,"12,429",Not yet rated,NULL,N/A
EUFN,$21.541,1441721531040,"23,078",100% bearish,of 1 rating,N/A
IEUS,$45.53,1441721531324,"1,015",100% bearish,of 1 rating,N/A
IBB,$344.25,1441721531349,"137,891",67% bullish,of 9 ratings,N/A
QAT,$21.16,1441721531384,"1,500",Not yet rated,NULL,N/A
UAE,$17.63,1441721531408,900,Not yet rated,NULL,N/A
EMIF,$28.07,1441721531557,40,Not yet rated,NULL,N/A
SOXX,$83.25,1441721531605,"28,078",50% bullish,of 2 ratings,N/A
ISLE,$19.69,1441721531800,"53,767",50% bullish,of 4 ratings,$17
ISRL,$125.71,1441721531824,103,100% bearish,of 1 rating,N/A
IGOV,$91.2615,1441721531982,"6,907",100% bearish,of 1 rating,N/A
ICLN,$9.33,1441721532012,"10,342",50% bullish,of 2 ratings,N/A
ITRI,$29.1,1441721532041,"5,712",100% bearish,of 1 rating,$37
INDY,$26.4372,1441721532070,"12,506",50% bullish,of 2 ratings,N/A
WOOD,$48.38,1441721532111,"1,300",50% bullish,of 2 ratings,N/A
ISHG,$79.48,1441721532171,89,100% bearish,of 1 rating,N/A
ISIS,$53.43,1441721532260,"118,280",53% bullish,of 15 ratings,$67
ITRN,$23.98,1441721532521,57,50% bullish,of 2 ratings,N/A
ITUS,$4.03,1441721532627,400,Not yet rated,NULL,N/A
JBHT,$76.18,1441721532652,"63,685",50% bullish,of 4 ratings,$89.50
JJSF,$115.92,1441721532683,"3,452",100% bearish,of 1 rating,N/A
IXYS,$11.34,1441721532704,"4,064",50% bullish,of 4 ratings,N/A
XXIA,$15.09,1441721532786,"40,930",71% bullish,of 7 ratings,$14.625
MAYS,$58.8,1441721532856,121,Not yet rated,NULL,N/A
JCOM,$67.635,1441721532921,"8,446",100% bullish,of 2 ratings,$77
JASO,$7.919,1441721532999,"119,642",82% bullish,of 17 ratings,$10
JAXB,$13.15,1441721533053,222,100% bullish,of 1 rating,N/A
JKHY,$67.48,1441721533080,"17,849",67% bearish,of 3 ratings,$72
JACK,$79.11,1441721533241,"9,895",71% bullish,of 7 ratings,$105
JAGX,$3.485,1441721533371,"2,100",Not yet rated,NULL,$10.50
JXSB,NULL,1441721533398,0,Not yet rated,NULL,N/A
JAKK,$9.77,1441721533526,"97,133",60% bearish,of 5 ratings,$11
JMBA,$14.25,1441721533551,"6,762",75% bullish,of 4 ratings,$18
ERW,NULL,1441721533621,0,Not yet rated,NULL,N/A
JRVR,$28.11,1441721533706,"2,210",Not yet rated,NULL,$32
JASNW,NULL,1441721533877,0,50% bullish,of 2 ratings,N/A
JASN,$4.85,1441721533905,"1,754",50% bullish,of 2 ratings,$9.50
JTPY,$3.02,1441721533933,"10,400",100% bearish,of 1 rating,N/A
JAZZ,$164.3499,1441721533954,"22,900",80% bullish,of 15 ratings,$206.50
JD,$25.23,1441721533986,"3,072,206",75% bullish,of 16 ratings,$36
JBLU,$24.37,1441721534139,"1,044,675",94% bullish,of 18 ratings,$27
JST,$3.55,1441721534374,"2,706",75% bullish,of 4 ratings,N/A
JCTCF,NULL,1441721534403,0,100% bullish,of 1 rating,N/A
JIVE,$4.621,1441721534462,"19,761",75% bullish,of 4 ratings,$5
DATE,$5.97,1441721534509,"18,580",75% bullish,of 4 ratings,$9
WYIGU,NULL,1441721534544,0,100% bearish,of 1 rating,N/A
JOEZ,$0.17,1441721534690,"6,161",92% bullish,of 12 ratings,N/A
JOUT,$24.66,1441721534739,488,100% bearish,of 1 rating,$34
JBSS,$51.49,1441721534765,"4,330",67% bearish,of 3 ratings,N/A
JUNO,$37.483,1441721534819,"120,777",73% bullish,of 11 ratings,$67
JNP,$13.91,1441721534904,"41,132",100% bullish,of 3 ratings,$15
KALU,$83.29,1441721535045,"10,110",67% bearish,of 3 ratings,$91
KTWO,$20.86,1441721535099,"1,120",100% bearish,of 1 rating,$28.50
KBIO,$3.58,1441721535145,"358,129",50% bullish,of 4 ratings,N/A
KMDA,$3.5,1441721535231,"1,440",50% bullish,of 2 ratings,$8
KNDI,$6.5,1441721535278,"73,550",86% bullish,of 22 ratings,N/A
KCLI,$46.44,1441721535363,523,Not yet rated,NULL,N/A
KPTI,$14.07,1441721535495,"6,164",67% bearish,of 3 ratings,$35.50
KELYB,NULL,1441721535638,0,50% bullish,of 2 ratings,N/A
KRNY,$11.27,1441721535714,"87,649",100% bearish,of 1 rating,$12.50
KBSF,NULL,1441721535768,0,100% bullish,of 1 rating,N/A
KFFB,NULL,1441721535793,0,100% bearish,of 1 rating,N/A
KCAP,$4.71,1441721535823,"7,970",75% bullish,of 4 ratings,$6
KELYA,$14.275,1441721535844,"3,436",67% bullish,of 6 ratings,$20
KMPH,$21.3,1441721535876,"2,541",100% bearish,of 2 ratings,$22
KERX,$4.63,1441721535975,"218,424",82% bullish,of 11 ratings,$12
GMCR,$57.375,1441721536107,"478,789",71% bullish,of 42 ratings,$64
KTEC,NULL,1441721536176,0,Not yet rated,NULL,N/A
KEQU,$16.77,1441721536207,610,100% bullish,of 1 rating,N/A
KTCC,$10.01,1441721536310,"9,734",100% bearish,of 1 rating,$16
KFRC,$26.815,1441721536443,"11,960",100% bullish,of 2 ratings,$29
KGJI,$0.6507,1441721536575,"1,750",89% bullish,of 9 ratings,N/A
KIN,$6.04,1441721536600,869,50% bullish,of 2 ratings,$6.25
KINS,$9.1,1441721536740,"11,549",100% bullish,of 1 rating,N/A
KBAL,$10.8,1441721536766,"4,762",50% bullish,of 2 ratings,N/A
KE,$11.4,1441721536804,"1,030",67% bearish,of 3 ratings,$16
KIRK,$23.09,1441721536899,"16,309",50% bullish,of 2 ratings,$32
KONE,$4.2,1441721536929,"1,250",Not yet rated,NULL,N/A
KITE,$55.71,1441721536954,"62,571",89% bullish,of 9 ratings,$83
KLXI,$38.7,1441721537128,"15,316",100% bearish,of 1 rating,$48.50
KONA,$18.84,1441721537157,"3,638",50% bullish,of 2 ratings,$28
KLAC,$48.67,1441721537208,"75,236",100% bearish,of 1 rating,$61.50
KZ,$6.54,1441721537285,"52,796",60% bearish,of 5 ratings,N/A
KRNT,$12.5497,1441721537418,"2,252",50% bullish,of 2 ratings,$18
KOPN,$3.1187,1441721537446,"11,700",50% bullish,of 2 ratings,$4.50
KOSS,$2.35,1441721537547,"4,236",100% bearish,of 2 ratings,N/A
KWEB,$30.47,1441721537630,"4,380",Not yet rated,NULL,N/A
KVHI,$10.77,1441721537678,400,100% bearish,of 1 rating,$16
KTOS,$4.53,1441721537699,"37,131",50% bullish,of 2 ratings,$8.50
KUTV,$0.7288,1441721537735,"16,050",50% bullish,of 2 ratings,N/A
