Symbol,Price,Date,Volume,Rating,RatingVoteCount,OneYearEstimate
TFSCR,NULL,1441224902221,0,Not yet rated,NULL,N/A
FLWS,$8.47,1441224902253,"228,696",80% bullish,of 5 ratings,$15
FCTY,$7.74,1441224902275,990,100% bullish,of 1 rating,$8.50
TFSC,NULL,1441224902310,0,100% bearish,of 1 rating,N/A
TFSCU,NULL,1441224902331,0,Not yet rated,NULL,N/A
FCCY,$11.74,1441224902352,150,100% bullish,of 1 rating,$13
SRCE,$29.57,1441224902385,"21,219",100% bullish,of 3 ratings,$33
TFSCW,NULL,1441224902410,0,100% bearish,of 1 rating,N/A
TWOU,$34.8361,1441224902574,"114,774",50% bullish,of 2 ratings,$39
DGLD,$81.19,1441224902633,"5,495",100% bullish,of 1 rating,N/A
VNET,$16.6863,1441224902658,"368,714",60% bullish,of 5 ratings,$35
PIH,NULL,1441224902701,0,100% bearish,of 1 rating,N/A
DSLV,$68.03,1441224902794,"15,840",100% bearish,of 1 rating,N/A
JOBS,$26.4251,1441224902823,"82,116",50% bullish,of 4 ratings,$36
UGLD,$9.262,1441224902872,"112,289",100% bearish,of 1 rating,N/A
USLV,$12.68,1441224902928,"219,688",86% bullish,of 7 ratings,N/A
SIXD,$2.7,1441224903115,"34,977",Not yet rated,NULL,N/A
CAFD,$14.87,1441224903205,"135,251",Not yet rated,NULL,$24.50
AAON,$20.0301,1441224903280,"62,134",100% bearish,of 1 rating,$24
EGHT,$7.72,1441224903313,"227,706",82% bullish,of 17 ratings,$11
SHLM,$33.0256,1441224903362,"84,696",100% bearish,of 1 rating,$47
ABAX,$47.0664,1441224903387,"78,314",100% bearish,of 1 rating,$60
AVHI,$14,1441224903412,"15,809",100% bearish,of 1 rating,$19
ABEOW,$1.67,1441224903641,800,100% bullish,of 1 rating,N/A
ABGB,$5.26,1441224903673,"15,697",67% bullish,of 3 ratings,$5.50
ABY,$22.4,1441224903703,"393,641",100% bearish,of 2 ratings,$46
ABEO,$4.8,1441224903729,"65,646",50% bullish,of 4 ratings,$15.50
ABMD,$94.9662,1441224903754,"329,965",75% bullish,of 4 ratings,$100.50
AXAS,$1.675,1441224903788,"852,444",78% bullish,of 9 ratings,$3.50
ACTG,$9.13,1441224903890,"304,617",67% bullish,of 3 ratings,$18.50
ACAD,$37.72,1441224903991,"520,609",80% bullish,of 20 ratings,$48
ACHC,$73.03,1441224904019,"212,417",50% bullish,of 2 ratings,$92
AXDX,$19.2899,1441224904126,"49,385",100% bearish,of 1 rating,N/A
ACST,$0.3421,1441224904153,"1,190",100% bullish,of 2 ratings,N/A
ARAY,$6.5979,1441224904231,"348,198",100% bearish,of 1 rating,$10.50
XLRN,$29.23,1441224904289,"47,399",50% bullish,of 2 ratings,$57
ANCX,$19.66,1441224904324,"13,214",Not yet rated,NULL,$20
ACRX,$4.49,1441224904358,"296,588",67% bearish,of 6 ratings,$5.50
VXDN,$1.81,1441224904423,"21,355",100% bearish,of 1 rating,N/A
VXUP,$1.66,1441224904447,"34,804",100% bearish,of 1 rating,N/A
ACET,$21.66,1441224904582,"64,317",75% bullish,of 4 ratings,$30
ACHN,$7.52,1441224904626,"2,565,284",90% bullish,of 21 ratings,$16
AKAO,$7.03,1441224904654,"41,653",75% bullish,of 4 ratings,$15
ACIW,$21.25,1441224904683,"273,481",67% bearish,of 3 ratings,$24
ACNB,$20.35,1441224904716,463,Not yet rated,NULL,N/A
ACOR,$32.385,1441224904786,"357,482",67% bearish,of 3 ratings,$38.50
ACTS,$1.6336,1441224905013,"10,848",100% bearish,of 1 rating,N/A
ATVI,$28.27,1441224905063,"8,367,037",67% bullish,of 84 ratings,$31.50
ACPW,$1.95,1441224905101,"23,392",100% bullish,of 4 ratings,$3.25
ACTA,$13.79,1441224905122,"59,646",67% bearish,of 3 ratings,$25
ACXM,$20.56,1441224905193,"157,844",67% bullish,of 3 ratings,N/A
ACUR,$2.8999,1441224905219,"8,208",100% bullish,of 5 ratings,$5
ADMP,$3.79,1441224905242,"21,996",50% bullish,of 2 ratings,$10
ADMS,$19.6,1441224905296,"30,250",100% bearish,of 2 ratings,$36
ADUS,$29.77,1441224905474,"21,161",100% bearish,of 1 rating,$31
ADAP,$11.35,1441224905502,"26,843",67% bullish,of 3 ratings,$22
AEY,$2.35,1441224905529,"9,438",100% bearish,of 2 ratings,N/A
ADEP,$7,1441224905566,"34,935",50% bullish,of 2 ratings,$10.75
ADMA,$9,1441224905598,"7,381",Not yet rated,NULL,$19
ADBE,$77.19,1441224905696,"1,416,583",65% bullish,of 17 ratings,$90
ADTN,$15.66,1441224905922,"126,669",67% bullish,of 3 ratings,$17.125
ADRO,$19.25,1441224905948,"125,842",80% bullish,of 5 ratings,$45.50
AEIS,$24.19,1441224905999,"68,610",50% bullish,of 2 ratings,$32.50
ADXS,$13.545,1441224906025,"636,156",64% bullish,of 14 ratings,$27
AMD,$1.77,1441224906046,"3,272,723",83% bullish,of 103 ratings,$2
ADXSW,$9.169,1441224906085,"6,050",100% bullish,of 1 rating,N/A
YPRO,$22.97,1441224906176,202,100% bearish,of 1 rating,N/A
MULT,NULL,1441224906200,0,100% bearish,of 1 rating,N/A
AEHR,$2.3,1441224906350,"3,486",50% bullish,of 2 ratings,N/A
AEGR,$17.96,1441224906378,"130,330",50% bullish,of 6 ratings,$26
AMTX,$2.7,1441224906398,"19,461",50% bullish,of 2 ratings,$26.11
AEGN,$17.9267,1441224906431,"40,107",100% bearish,of 2 ratings,$21
AEPI,$53.0783,1441224906461,"18,408",100% bearish,of 1 rating,N/A
AERI,$15.84,1441224906560,"446,442",75% bullish,of 4 ratings,$31.50
AVAV,$21.22,1441224906691,"665,282",50% bullish,of 4 ratings,$31
AEZS,$0.0879,1441224906716,"9,696,985",90% bullish,of 21 ratings,$1.50
AEMD,$7.4211,1441224906752,"13,482",Not yet rated,NULL,$27.50
AFFX,$9.1197,1441224907232,"182,573",80% bullish,of 5 ratings,$12.50
AGEN,$7.0164,1441224907276,"300,984",85% bullish,of 13 ratings,$14
AGYS,$9.865,1441224907307,"8,124",100% bearish,of 1 rating,N/A
AGRX,$8.32,1441224907362,"19,081",100% bearish,of 1 rating,$17.50
AGFS,$9.65,1441224907392,"173,549",100% bearish,of 1 rating,N/A
AGIO,$86.98,1441224907412,"122,191",88% bullish,of 8 ratings,$114
AFMD,$10.17,1441224907433,"108,660",50% bullish,of 4 ratings,$15
AGFSW,$1.9,1441224907477,"1,788",100% bearish,of 2 ratings,N/A
AIMT,$22.13,1441224907572,"87,024",Not yet rated,NULL,$35.50
AIRM,$36.0802,1441224907609,"93,249",80% bearish,of 5 ratings,$53
AIRT,$22.542,1441224907705,"1,076",100% bullish,of 1 rating,N/A
ATSG,$8.7644,1441224907726,"103,668",67% bullish,of 3 ratings,$13
AMCN,$4.5,1441224907808,"68,586",83% bullish,of 6 ratings,N/A
AIXG,$6.3319,1441224907872,"5,240",67% bearish,of 3 ratings,$5.25
AKBA,$7.5,1441224907975,"241,878",100% bearish,of 1 rating,$18
AKAM,$71,1441224908003,"710,001",63% bullish,of 8 ratings,$77.50
ALRM,$15.8538,1441224908031,"134,673",100% bearish,of 1 rating,$22
AKRX,$39.36,1441224908057,"287,450",78% bullish,of 9 ratings,$56
AKER,$2.71,1441224908091,"26,729",Not yet rated,NULL,N/A
AMRI,$19.86,1441224908164,"68,953",75% bearish,of 4 ratings,$24
ABDC,$12.9797,1441224908192,"18,093",Not yet rated,NULL,$15
ALDX,$7.06,1441224908323,"7,184",100% bearish,of 1 rating,$14.50
ALDR,$40.4,1441224908356,"520,912",67% bearish,of 3 ratings,$62
ALSK,$2.21,1441224908377,"67,722",78% bullish,of 18 ratings,$2
ADHD,$7.9,1441224908455,"155,683",50% bullish,of 4 ratings,$18
ALXN,$174.6249,1441224908514,"663,896",88% bullish,of 8 ratings,$223.50
ALGN,$54.8,1441224908648,"312,912",100% bearish,of 2 ratings,$73
ALXA,$1.1997,1441224908677,"4,100",83% bullish,of 6 ratings,$2.125
ALCO,$41.7788,1441224908780,"5,752",50% bullish,of 2 ratings,N/A
ALIM,$3.14,1441224908809,"46,194",80% bullish,of 5 ratings,$10
ALGT,$203.1979,1441224908839,"112,336",100% bearish,of 2 ratings,$235
ALKS,$62.98,1441224908911,"639,355",67% bullish,of 3 ratings,$75
AIQ,$14.05,1441224909081,"6,407",67% bullish,of 3 ratings,N/A
AHGP,$35.36,1441224909132,"22,095",67% bullish,of 3 ratings,N/A
ALLB,$22.66,1441224909187,300,Not yet rated,NULL,N/A
AFOP,$18.7855,1441224909207,"220,161",75% bullish,of 8 ratings,$21
ARLP,$24.79,1441224909340,"187,049",67% bearish,of 3 ratings,$32
AMOT,$17.8734,1441224909373,"121,388",100% bearish,of 1 rating,N/A
AHPI,$1.448,1441224909398,400,50% bullish,of 2 ratings,N/A
ALQA,$4.66,1441224909474,"13,289",75% bullish,of 4 ratings,$8.50
ALLT,$5.11,1441224909663,"36,195",75% bullish,of 4 ratings,$6.25
AFAM,$44.8534,1441224909691,"44,275",50% bullish,of 2 ratings,$44
MDRX,$13.11,1441224909722,"3,424,634",60% bullish,of 5 ratings,$16
ALNY,$99.0397,1441224909769,"282,769",67% bullish,of 3 ratings,$151.50
AOSL,$7.99,1441224909828,"118,673",67% bullish,of 3 ratings,$9
SMCP,$22.84,1441224909863,211,Not yet rated,NULL,N/A
ALTR,$48.91,1441224909902,"1,163,454",80% bearish,of 5 ratings,$54
ATEC,$0.589,1441224909960,"14,454",100% bullish,of 1 rating,$2
ASPS,$25.72,1441224910070,"119,796",67% bullish,of 3 ratings,$46.50
AIMC,$23.43,1441224910095,"93,177",100% bearish,of 2 ratings,$28.50
AMRN,$2.31,1441224910172,"1,557,434",85% bullish,of 40 ratings,$8
AMAG,$64.64,1441224910304,"377,081",100% bullish,of 2 ratings,$75
AMZN,$506.87,1441224910374,"1,544,805",81% bullish,of 267 ratings,$646
AMRK,$10.52,1441224910405,"1,100",50% bullish,of 2 ratings,$14
AMBC,$16.7,1441224910507,"224,980",100% bearish,of 1 rating,$16.50
AYA,$20.4,1441224910542,"16,032",100% bearish,of 1 rating,$40
EPAX,$2.68,1441224910636,"25,671",100% bearish,of 1 rating,N/A
AMBA,$81.89,1441224910666,"5,956,257",83% bullish,of 12 ratings,$102.50
DOX,$56.39,1441224910729,"421,897",67% bearish,of 3 ratings,$60
AMBCW,$8.48,1441224910765,"3,800",100% bearish,of 1 rating,N/A
AMCX,$69.39,1441224910801,"495,002",67% bullish,of 3 ratings,$87.50
AMDA,$0.4775,1441224910823,"356,222",90% bullish,of 10 ratings,$1
AMED,$41.03,1441224910904,"155,786",100% bearish,of 1 rating,$42
UHAL,$369.62,1441224911035,"10,393",100% bullish,of 2 ratings,$393.50
ASBI,$22.66,1441224911086,"18,688",Not yet rated,NULL,N/A
AGNC,$19.11,1441224911251,"1,438,043",71% bullish,of 28 ratings,$22
AMOV,$17.82,1441224911278,"5,474",100% bearish,of 1 rating,N/A
ATAX,$5.3201,1441224911303,"32,475",100% bullish,of 1 rating,$6.50
AAL,$41.29,1441224911324,"10,609,725",93% bullish,of 88 ratings,$57
AGNCB,$24.19,1441224911358,"3,100",Not yet rated,NULL,N/A
MTGE,$15.18,1441224911457,"249,851",75% bullish,of 4 ratings,$19.50
MTGEP,$24.3,1441224911486,"1,200",Not yet rated,NULL,N/A
AGNCP,$25.3299,1441224911521,"7,648",Not yet rated,NULL,N/A
ANCI,$1.54,1441224911630,300,100% bearish,of 1 rating,N/A
ACSF,$12.26,1441224911651,"14,196",100% bearish,of 1 rating,$15
ACAS,$13.55,1441224911683,"817,421",60% bullish,of 5 ratings,$16.75
AETI,$3.32,1441224911741,"1,000",67% bearish,of 3 ratings,N/A
AMIC,NULL,1441224911912,0,100% bearish,of 1 rating,N/A
ANAT,$98.25,1441224911983,"43,724",100% bullish,of 1 rating,N/A
APEI,$21.4607,1441224912013,"21,889",100% bearish,of 1 rating,$25.50
AMNB,$23.16,1441224912034,"3,158",Not yet rated,NULL,$25.50
AMRB,$10.14,1441224912115,"2,200",Not yet rated,NULL,$11
ARII,$40.53,1441224912179,"159,307",67% bearish,of 3 ratings,$45
ASEI,$38.5588,1441224912206,"25,315",100% bearish,of 1 rating,$52.50
AMSWA,$8.955,1441224912282,"29,881",100% bearish,of 2 ratings,$10.75
AMWD,$65.3321,1441224912487,"73,311",50% bullish,of 2 ratings,$70
ABCB,$26.4351,1441224912516,"102,044",Not yet rated,NULL,$31
CRMT,$35.385,1441224912557,"36,889",100% bearish,of 1 rating,$39
AMSC,$4.87,1441224912586,"33,448",50% bullish,of 4 ratings,N/A
AMSF,$46.2061,1441224912648,"25,069",Not yet rated,NULL,$57.50
ASRV,$3.22,1441224912687,"9,074",100% bullish,of 2 ratings,N/A
ASRVP,NULL,1441224912751,0,Not yet rated,NULL,N/A
AMGN,$151.07,1441224912884,"2,031,408",89% bullish,of 19 ratings,$185
AMPH,$13.3833,1441224912916,"71,199",50% bullish,of 2 ratings,$20
AMKR,$5.15,1441224912937,"762,877",100% bearish,of 2 ratings,$5
ATLO,$23.75,1441224912969,"2,079",Not yet rated,NULL,N/A
FOLD,$14.75,1441224912990,"851,249",56% bullish,of 9 ratings,$21
AMSG,$78.1939,1441224913161,"201,222",100% bearish,of 1 rating,$85.50
AMSGP,$149.19,1441224913206,200,Not yet rated,NULL,N/A
ASYS,$5.33,1441224913231,"14,340",67% bullish,of 3 ratings,$12
AFSI,$56.42,1441224913365,"188,605",60% bullish,of 5 ratings,$72
AMRS,$1.68,1441224913406,"90,472",70% bullish,of 10 ratings,N/A
ANAC,$133.93,1441224913471,"207,927",80% bullish,of 5 ratings,$180.50
ALOG,$80.8582,1441224913604,"39,655",100% bearish,of 2 ratings,$100.50
ADI,$54.29,1441224913633,"907,769",75% bullish,of 4 ratings,$69
AMCF,NULL,1441224913661,0,NULL,NULL,NULL
ANAD,$0.3243,1441224913687,"121,236",100% bullish,of 2 ratings,$.50
ANCB,$21.44,1441224913763,"1,400",Not yet rated,NULL,$23
ABCW,$40.61,1441224913854,"5,164",67% bullish,of 3 ratings,N/A
ANGI,$5.12,1441224913894,"147,035",64% bullish,of 11 ratings,$5.50
ANGO,$14.68,1441224914025,"68,446",67% bullish,of 3 ratings,$19
ANIP,$51.0898,1441224914053,"107,188",89% bullish,of 19 ratings,$66
ANIK,$35.3015,1441224914079,"103,696",60% bullish,of 5 ratings,$51.25
ANSS,$88.38,1441224914219,"315,856",100% bearish,of 1 rating,$100
ATRS,$1.87,1441224914240,"426,679",92% bullish,of 12 ratings,$4.50
ANTH,$7.0944,1441224914322,"447,726",80% bullish,of 10 ratings,$13
ABAC,$0.798,1441224914381,"2,001",100% bearish,of 1 rating,N/A
ATNY,$2.4,1441224914458,"9,934",50% bullish,of 2 ratings,$3.75
APIC,$6.57,1441224914486,"45,764",100% bearish,of 1 rating,$19
APOG,$51.75,1441224914533,"117,848",50% bullish,of 2 ratings,$67
AINV,$6.41,1441224914563,"972,928",50% bullish,of 4 ratings,$8
APOL,$10.8986,1441224914622,"427,254",87% bearish,of 68 ratings,$14
APPF,$15.7,1441224914667,"32,605",50% bullish,of 2 ratings,$22
AAPL,$111.48,1441224914808,"30,912,127",86% bullish,of 2362 ratings,$150
ARCI,$1.3054,1441224914841,"11,212",Not yet rated,NULL,N/A
APDN,$3.5,1441224914937,"30,056",Not yet rated,NULL,$9
APDNW,$1.45,1441224914965,"1,900",Not yet rated,NULL,N/A
AGTC,$16.53,1441224915008,"31,137",50% bullish,of 2 ratings,$33
AMAT,$15.63,1441224915038,"6,791,564",82% bullish,of 11 ratings,$23
AMCC,$5.635,1441224915138,"349,498",80% bullish,of 5 ratings,$8
AAOI,$20.43,1441224915167,"133,526",50% bullish,of 4 ratings,$26
AREX,$2.43,1441224915220,"952,531",50% bullish,of 2 ratings,$3
APRI,$1.68,1441224915244,"315,896",83% bullish,of 6 ratings,$4.86
AQXP,$16.63,1441224915379,"142,211",50% bullish,of 2 ratings,$2
AQMS,$4.8122,1441224915405,"2,213",Not yet rated,NULL,N/A
APTO,$5.35,1441224915426,"4,230",Not yet rated,NULL,$17
AUMA,NULL,1441224915597,0,Not yet rated,NULL,N/A
AUMAW,NULL,1441224915626,0,Not yet rated,NULL,N/A
AUMAU,$9.94,1441224915651,200,Not yet rated,NULL,N/A
ARDM,$7.3,1441224915733,300,100% bullish,of 1 rating,$26
PETX,$18.4164,1441224915901,"222,330",100% bearish,of 2 ratings,$26
ABUS,$6.96,1441224915967,"532,081",86% bullish,of 14 ratings,$23
RKDA,$5.67,1441224916001,"10,534",100% bearish,of 2 ratings,$10
ARCW,$3.42,1441224916038,"34,491",100% bearish,of 2 ratings,$10.50
ABIO,$0.9144,1441224916099,"12,016",50% bullish,of 2 ratings,$3.75
ARCB,$27.75,1441224916134,"122,317",67% bearish,of 3 ratings,$39.50
ACGL,$68.35,1441224916163,"132,104",50% bullish,of 2 ratings,$72
ARDX,$19.19,1441224916232,"60,221",50% bullish,of 2 ratings,$24.50
ACAT,$25.7518,1441224916259,"59,858",100% bearish,of 3 ratings,$33
ARCC,$15.3794,1441224916446,"949,233",67% bearish,of 3 ratings,$17.75
ARGS,$6.2,1441224916583,"26,591",50% bullish,of 2 ratings,$19.50
AGIIL,$25.16,1441224916606,"7,616",Not yet rated,NULL,N/A
ARIS,$3.74,1441224916635,"5,294",Not yet rated,NULL,$4.50
ARNA,$2.67,1441224916667,"882,364",90% bullish,of 78 ratings,$5.50
AGII,$54.98,1441224916689,"26,482",Not yet rated,NULL,$59.50
ARIA,$7.52,1441224916770,"6,675,324",87% bullish,of 46 ratings,$9
ARMH,$42.28,1441224916796,"678,151",54% bearish,of 13 ratings,$60
ARKR,$25,1441224917194,"6,409",50% bullish,of 2 ratings,N/A
ARTX,$1.41,1441224917222,"40,380",88% bullish,of 16 ratings,$4.50
ARWAR,NULL,1441224917247,0,Not yet rated,NULL,N/A
ARWA,NULL,1441224917278,0,Not yet rated,NULL,N/A
ARWAU,NULL,1441224917298,0,100% bullish,of 1 rating,N/A
ARWAW,$0.17,1441224917320,"7,500",Not yet rated,NULL,N/A
ARRY,$5.8346,1441224917382,"788,007",100% bullish,of 7 ratings,$10
ARQL,$1.69,1441224917453,"47,525",75% bullish,of 4 ratings,$5
ARRS,$25.885,1441224917599,"548,059",50% bullish,of 2 ratings,$38
ARTNA,$21.9,1441224917629,"4,496",100% bearish,of 1 rating,$29
AROW,$27.05,1441224917683,"3,016",Not yet rated,NULL,N/A
DWAT,$9.75,1441224917728,"3,000",100% bearish,of 1 rating,N/A
ARWR,$5.79,1441224917762,"723,819",75% bullish,of 4 ratings,$10.50
ARTW,$4.1199,1441224917815,"7,057",75% bearish,of 4 ratings,N/A
ASMI,NULL,1441224918075,0,NULL,NULL,NULL
ASCMA,$27.6574,1441224918105,"29,224",100% bearish,of 1 rating,$45
ASBB,$24.01,1441224918137,400,Not yet rated,NULL,N/A
ASNA,$12.21,1441224918158,"1,468,324",50% bullish,of 2 ratings,$18
ASND,$19.72,1441224918195,"15,355",50% bullish,of 2 ratings,$30
ASTI,$0.2801,1441224918216,"12,513,191",83% bullish,of 6 ratings,$3
APWC,$1.75,1441224918248,"1,068",100% bearish,of 1 rating,N/A
ASML,$90.17,1441224918291,"592,845",50% bullish,of 4 ratings,$127
ASFI,$8.8899,1441224918496,"1,679",100% bullish,of 1 rating,N/A
ASMB,$14.44,1441224918524,"29,813",67% bullish,of 3 ratings,N/A
AZPN,$37.48,1441224918545,"209,613",50% bullish,of 2 ratings,$42
ASTE,$38.2772,1441224918595,"78,690",100% bearish,of 1 rating,$49
ATRO,$49.9951,1441224918754,"64,135",100% bearish,of 2 ratings,$80
ALOT,$13.75,1441224918794,"2,524",100% bearish,of 1 rating,N/A
ASUR,$5.4,1441224918826,"2,526",50% bullish,of 2 ratings,$8
ASTC,$2.1547,1441224918852,"11,500",100% bullish,of 5 ratings,N/A
ATAI,$2.36,1441224918875,"9,173",100% bearish,of 1 rating,N/A
AFCB,NULL,1441224918913,0,Not yet rated,NULL,N/A
ATHN,$131.59,1441224918934,"127,200",67% bearish,of 3 ratings,$153
ATRA,$42.98,1441224918967,"172,149",50% bullish,of 2 ratings,$68
AAPC,NULL,1441224919063,0,Not yet rated,NULL,N/A
ATHX,$1.14,1441224919209,"60,205",89% bullish,of 9 ratings,$5
ACFC,$5.4,1441224919265,"18,353",100% bearish,of 1 rating,$6.50
AAME,$3.5999,1441224919439,"1,704",Not yet rated,NULL,N/A
ATLC,$3.97,1441224919469,"10,857",67% bullish,of 3 ratings,N/A
ATNI,$72.2104,1441224919503,"46,672",100% bearish,of 1 rating,$69.50
AAWW,$38.7478,1441224919533,"167,118",50% bullish,of 2 ratings,$65
ATML,$7.86,1441224919570,"2,818,787",78% bullish,of 9 ratings,$9.50
ATOS,$0.78,1441224919602,"25,722",100% bullish,of 7 ratings,$7
AFH,$16.29,1441224919623,"77,064",Not yet rated,NULL,$21.50
ATRC,$24.5444,1441224919651,"59,218",100% bullish,of 1 rating,$30
ATTU,$13.1,1441224919816,"12,531",100% bearish,of 1 rating,$20.50
ATRI,$382.99,1441224919902,722,Not yet rated,NULL,N/A
ATRM,$2.83,1441224919927,800,50% bullish,of 2 ratings,N/A
AUBN,$26.85,1441224919961,706,Not yet rated,NULL,N/A
LIFE,$14.27,1441224919988,"33,142",86% bullish,of 7 ratings,$43
AUDC,$3.29,1441224920119,"29,180",80% bullish,of 5 ratings,$5
AVGO,$123.27,1441224920253,"1,788,645",88% bullish,of 8 ratings,$165
ADSK,$45.82,1441224920282,"3,941,581",67% bullish,of 6 ratings,$66
ABTL,$18,1441224920313,"47,614",100% bullish,of 4 ratings,$20.25
ADAT,$0.227,1441224920344,"153,579",100% bullish,of 2 ratings,N/A
EARS,$4.3,1441224920365,"18,280",100% bearish,of 2 ratings,$11
AUPH,$3.4299,1441224920400,"17,664",100% bearish,of 1 rating,$8
AAVL,$10.61,1441224920445,"165,684",100% bearish,of 1 rating,$20
ADP,$77.09,1441224920502,"1,271,398",100% bearish,of 1 rating,$88
AVNU,$12.95,1441224920715,"87,649",Not yet rated,NULL,$14
AVEO,$1.38,1441224920813,"406,952",75% bullish,of 8 ratings,$3
AVNW,$1.205,1441224920839,"30,350",50% bullish,of 2 ratings,N/A
AVID,$8.3,1441224920911,"210,476",100% bearish,of 1 rating,$20
AVGR,$14.78,1441224920971,"6,746",100% bearish,of 1 rating,$20
AWRE,$3.27,1441224921000,"9,803",67% bullish,of 3 ratings,N/A
CAR,$43.2,1441224921104,"918,319",80% bullish,of 5 ratings,$60
ACLS,$3.23,1441224921133,"226,731",67% bullish,of 6 ratings,$4.75
AXPW,$2.23,1441224921164,"2,945,572",86% bullish,of 7 ratings,N/A
AXGN,$4.7,1441224921258,"68,518",Not yet rated,NULL,$5
AXPWW,NULL,1441224921283,0,Not yet rated,NULL,N/A
BCOM,NULL,1441224921480,0,100% bearish,of 1 rating,N/A
RILY,NULL,1441224921593,0,Not yet rated,NULL,N/A
AXTI,$2.13,1441224921626,"9,799",50% bullish,of 2 ratings,$2.75
BEAV,$48.72,1441224921723,"608,234",67% bearish,of 3 ratings,$59
BOSC,$2.13,1441224921749,"3,700",50% bullish,of 2 ratings,N/A
BIDU,$147.65,1441224921905,"872,397",81% bullish,of 88 ratings,$210
BLDP,$1.31,1441224922003,"284,252",91% bullish,of 22 ratings,$2.50
BANF,$59.76,1441224922044,"14,165",Not yet rated,NULL,$68
BWINB,$22.75,1441224922065,"3,861",Not yet rated,NULL,N/A
BWINA,NULL,1441224922086,0,Not yet rated,NULL,N/A
BANFP,$27.02,1441224922133,533,Not yet rated,NULL,N/A
BKMU,$7.05,1441224922161,"13,488",Not yet rated,NULL,$8
BCPC,$58.1435,1441224922182,"66,678",100% bearish,of 1 rating,$75
BMRC,$48,1441224922339,"18,682",Not yet rated,NULL,$52
BKSC,$17.318,1441224922398,"4,526",Not yet rated,NULL,N/A
BOCH,$5.72,1441224922470,"7,847",Not yet rated,NULL,$6.50
OZRK,$40.32,1441224922636,"338,155",67% bullish,of 3 ratings,$49.50
BOTJ,$11.11,1441224922661,800,Not yet rated,NULL,N/A
BFIN,$12.1999,1441224922686,"19,037",Not yet rated,NULL,$13
BWFG,$18.03,1441224922715,"1,863",100% bearish,of 1 rating,N/A
BZUN,$4.93,1441224922848,"58,367",50% bullish,of 2 ratings,$11.50
TAPR,$33.5299,1441224922876,"1,331",100% bearish,of 1 rating,N/A
BANR,$43.4881,1441224922904,"15,712",100% bullish,of 3 ratings,$50
BHACR,$0.2198,1441224922951,"7,000",Not yet rated,NULL,N/A
BHACU,NULL,1441224923035,0,Not yet rated,NULL,N/A
BHAC,$9.82,1441224923059,560,Not yet rated,NULL,N/A
BSET,$29.13,1441224923529,"41,030",100% bearish,of 1 rating,$35
BCBP,$11.64,1441224923554,861,Not yet rated,NULL,N/A
BYLK,$12.9925,1441224923582,"5,486",Not yet rated,NULL,$14
BDCV,$4.875,1441224923629,"2,996",100% bearish,of 1 rating,$10.19
BYBK,$4.96,1441224923792,"2,110",100% bearish,of 1 rating,N/A
BEBE,$1.24,1441224924046,"278,923",75% bullish,of 4 ratings,$2.125
BSF,$8.45,1441224924074,"3,507",Not yet rated,NULL,N/A
BBCN,$14.14,1441224924095,"107,735",100% bearish,of 1 rating,$16
BECN,$35.86,1441224924155,"126,085",50% bullish,of 2 ratings,$40
BV,$5.03,1441224924226,"584,436",67% bullish,of 6 ratings,$8.75
BHACW,NULL,1441224924253,0,Not yet rated,NULL,N/A
BBSI,$34.9909,1441224924282,"10,462",67% bearish,of 3 ratings,$62.50
BBGI,$4.01,1441224924440,607,100% bearish,of 1 rating,N/A
BBBY,$62,1441224924572,"771,854",71% bullish,of 7 ratings,$75
BELFB,$18.28,1441224924775,"14,672",100% bearish,of 1 rating,N/A
BELFA,$15.1,1441224924813,"1,523",100% bearish,of 1 rating,N/A
BLCM,$16.68,1441224924862,"74,618",50% bullish,of 4 ratings,$40
BLPH,$4.09,1441224925014,"24,893",100% bearish,of 1 rating,$12.50
BNCL,$12.3865,1441224925039,"257,421",100% bullish,of 3 ratings,$12.50
BGCP,$8.91,1441224925096,"665,893",88% bullish,of 8 ratings,$14
BNTC,$7.6498,1441224925254,"4,140",100% bullish,of 1 rating,N/A
BNFT,$36.42,1441224925285,"70,972",67% bullish,of 3 ratings,$46
BGMD,$0.6601,1441224925312,"122,276",100% bullish,of 10 ratings,N/A
BGFV,$11.34,1441224925390,"68,453",57% bullish,of 7 ratings,$12
BIND,$4.89,1441224925459,"160,728",75% bullish,of 4 ratings,$13.50
BASI,$1.64,1441224925484,"6,500",Not yet rated,NULL,N/A
ORPN,$5.82,1441224925512,"5,440",100% bullish,of 1 rating,$28.50
BCDA,NULL,1441224925539,0,Not yet rated,NULL,N/A
BIOC,$1.96,1441224925713,"75,526",83% bullish,of 6 ratings,$3.85
BIIB,$304.21,1441224925793,"889,283",88% bullish,of 16 ratings,$400
BDSI,$6.38,1441224925850,"1,086,660",88% bullish,of 8 ratings,$17
BCRX,$11.44,1441224925894,"279,855",63% bullish,of 8 ratings,$18
BIOD,$0.6912,1441224925940,"70,852",80% bullish,of 5 ratings,$4
BIOL,$1.56,1441224925985,"49,733",Not yet rated,NULL,N/A
BLRX,$1.5814,1441224926015,"201,285",100% bullish,of 12 ratings,$5
BLFS,$2.3601,1441224926044,"209,894",100% bearish,of 1 rating,$4.75
BVXV,$4.04,1441224926144,"1,712,170",Not yet rated,NULL,N/A
BMRN,$129.26,1441224926171,"284,932",80% bullish,of 5 ratings,$160
BVXVW,$0.8102,1441224926310,"78,645",100% bearish,of 1 rating,N/A
BRLI,NULL,1441224926336,0,NULL,NULL,NULL
BIOS,$2.45,1441224926366,"420,715",71% bullish,of 7 ratings,$4
BPTH,$1.16,1441224926391,"127,225",100% bullish,of 2 ratings,$5
BBC,$32.08,1441224926467,"6,655",Not yet rated,NULL,N/A
BBP,$32.8,1441224926521,"6,262",Not yet rated,NULL,N/A
BSPM,$0.6401,1441224926707,"10,566",50% bullish,of 2 ratings,N/A
BSTC,$49.961,1441224926765,"34,587",100% bearish,of 1 rating,$76
BOTA,$2.17,1441224926794,"5,370",88% bullish,of 8 ratings,N/A
TECH,$93.08,1441224926836,"92,989",100% bullish,of 1 rating,$117
BEAT,$15.45,1441224926860,"707,373",67% bearish,of 3 ratings,$15
BDMS,$12.89,1441224926887,350,100% bearish,of 1 rating,N/A
BITI,$16.75,1441224926912,"15,991",100% bullish,of 1 rating,$28
BBOX,$15.06,1441224927200,"26,267",100% bearish,of 1 rating,N/A
BBRY,$7.3923,1441224927247,"1,584,517",61% bullish,of 330 ratings,$9
BDE,$7.22,1441224927273,"106,751",50% bullish,of 2 ratings,$9
BKCC,$9.25,1441224927298,"157,905",50% bullish,of 2 ratings,$10
BLKB,$56.1545,1441224927328,"40,770",100% bearish,of 2 ratings,$66
BJRI,$43.66,1441224927362,"134,159",50% bullish,of 2 ratings,$55
HAWK,$38.8,1441224927383,"197,681",91% bullish,of 11 ratings,$49
ADRA,$26.41,1441224927835,"1,935",100% bearish,of 1 rating,N/A
ADRE,$29.09,1441224927870,"4,645",100% bearish,of 1 rating,N/A
ADRD,$21.65,1441224927890,"26,536",100% bearish,of 1 rating,N/A
ADRU,$21.2801,1441224927920,112,100% bearish,of 1 rating,N/A
BCOR,$13.345,1441224927964,"88,595",57% bullish,of 7 ratings,$15
BLMN,$20.66,1441224927990,"553,222",83% bullish,of 6 ratings,$27.50
BBLU,$0.905,1441224928064,"219,009",100% bullish,of 2 ratings,$4.43
BUFF,$23.46,1441224928120,"413,721",83% bullish,of 12 ratings,$31.50
BLBD,$11.86,1441224928207,"17,600",Not yet rated,NULL,N/A
NILE,$33.5231,1441224928279,"166,453",50% bullish,of 2 ratings,$34
BLUE,$131.29,1441224928342,"199,247",71% bullish,of 7 ratings,$217.50
BHBK,$13.9993,1441224928397,"42,632",100% bullish,of 1 rating,$14.50
BKEP,$6.22,1441224928423,"22,592",100% bearish,of 1 rating,$8.50
BKEPP,$7.59,1441224928455,24,100% bearish,of 1 rating,N/A
BPMC,$28.16,1441224928531,"30,449",50% bullish,of 2 ratings,$47.50
BNCN,$20.71,1441224928558,"31,588",Not yet rated,NULL,$24
BOBE,$47.81,1441224928877,"591,806",75% bullish,of 4 ratings,$57
BOFI,$107.1959,1441224928911,"383,634",100% bullish,of 6 ratings,$144
BONA,$11.4,1441224928968,"37,857",75% bullish,of 4 ratings,$8.50
BOJA,$20.9,1441224928997,"80,490",100% bullish,of 1 rating,$30
BOKF,$61.39,1441224929024,"117,769",100% bearish,of 1 rating,$69
BAMM,$3.1799,1441224929045,"3,055",60% bullish,of 5 ratings,N/A
WIFI,$7.3969,1441224929076,"145,445",50% bullish,of 2 ratings,$13.50
BPFHP,$25,1441224929104,"10,235",100% bearish,of 1 rating,N/A
BPFH,$11.69,1441224929240,"393,714",100% bearish,of 1 rating,$14
BNSO,$1.348,1441224929306,200,100% bearish,of 1 rating,N/A
BPFHW,$4.8,1441224929406,100,100% bearish,of 1 rating,N/A
EPAY,$26.3478,1441224929433,"86,880",100% bearish,of 2 ratings,$30
BCLI,$3.0801,1441224929461,"42,964",80% bullish,of 5 ratings,$12
BBRG,$12.46,1441224929597,"25,656",67% bullish,of 3 ratings,$14.50
BDBD,$8.37,1441224929622,"285,006",60% bullish,of 5 ratings,$10
BBEP,$2.71,1441224929647,"1,059,559",69% bullish,of 13 ratings,$5.625
BRID,$8.4,1441224929814,"1,115",100% bearish,of 1 rating,N/A
BDGE,$26.44,1441224930054,"5,043",Not yet rated,NULL,$31.75
BRCM,$50.58,1441224930137,"2,847,958",69% bullish,of 13 ratings,$56
BVSN,$5.95,1441224930214,366,60% bearish,of 5 ratings,N/A
BWEN,$3.12,1441224930356,"18,789",75% bullish,of 4 ratings,$8
BYFC,NULL,1441224930381,0,50% bullish,of 2 ratings,N/A
BSFT,$31.4369,1441224930538,"60,680",57% bullish,of 7 ratings,$40.50
BRKS,$10.23,1441224930720,"45,968",67% bullish,of 3 ratings,$15.25
BRKL,$10.12,1441224930749,"382,873",100% bearish,of 1 rating,$10.75
BRCD,$10.162,1441224930775,"1,590,954",92% bullish,of 13 ratings,$12
BRKR,$18.08,1441224930857,"484,705",100% bearish,of 2 ratings,$22
BCOV,$5.2,1441224930991,"45,405",67% bullish,of 3 ratings,$10.20
BMTC,$29.13,1441224931040,"25,246",Not yet rated,NULL,$34
BBEPP,$14.24,1441224931071,"18,671",100% bearish,of 1 rating,N/A
BLMT,$20.99,1441224931092,"1,354",Not yet rated,NULL,N/A
BSQR,$6.05,1441224931168,"23,301",67% bullish,of 3 ratings,N/A
BLIN,$1.3134,1441224931253,"9,977",100% bullish,of 2 ratings,$2.20
BLDR,$15.4,1441224931279,"984,615",67% bullish,of 3 ratings,$22
BWLD,$194.34,1441224931300,"158,427",82% bullish,of 11 ratings,$205
BUR,NULL,1441224931428,0,100% bearish,of 1 rating,$8
CHRW,$68.44,1441224931454,"955,217",Not yet rated,NULL,$72
CFFI,$36.69,1441224931530,400,100% bearish,of 1 rating,N/A
CDNS,$19.83,1441224931600,"1,092,034",75% bullish,of 4 ratings,$22.50
CACQ,$7.28,1441224931705,"9,442",100% bearish,of 1 rating,$12.25
CA,$27.2,1441224931731,"1,395,162",50% bullish,of 4 ratings,$33
CCMP,$42.4278,1441224931813,"20,589",50% bullish,of 2 ratings,$59
CZR,$8.98,1441224931868,"387,969",60% bearish,of 5 ratings,$10.50
CSTE,$38.6264,1441224931945,"372,203",50% bullish,of 2 ratings,$65
CDZI,$7.64,1441224931977,"18,756",100% bearish,of 1 rating,N/A
CLBS,$1.65,1441224932002,"125,515",79% bullish,of 14 ratings,$4
PRSS,$4.32,1441224932033,"9,100",80% bullish,of 5 ratings,$4.50
CLMS,$9.91,1441224932081,"46,131",Not yet rated,NULL,$10.50
CHI,$10.44,1441224932222,"184,762",100% bearish,of 1 rating,N/A
CHY,$11.16,1441224932247,"223,650",Not yet rated,NULL,N/A
CCD,$19.2001,1441224932272,"66,271",Not yet rated,NULL,N/A
CFGE,$10.39,1441224932412,"3,400",Not yet rated,NULL,N/A
CHW,$7.455,1441224932486,"153,623",100% bearish,of 1 rating,N/A
CGO,$11.9409,1441224932516,"10,166",100% bearish,of 1 rating,N/A
CAMP,$16.0348,1441224932625,"133,126",88% bullish,of 8 ratings,$25
CSQ,$9.81,1441224932655,"200,208",Not yet rated,NULL,N/A
CFNB,$13.3,1441224932676,200,100% bearish,of 1 rating,N/A
CVGW,$57.6814,1441224932705,"90,998",50% bullish,of 2 ratings,$62
CALA,$5.6,1441224932727,"185,738",67% bullish,of 3 ratings,$19.50
CALD,$15.98,1441224932946,"215,703",100% bearish,of 1 rating,$21
CALM,$51.93,1441224932978,"358,827",80% bullish,of 5 ratings,$63.50
CLMT,$25.5285,1441224933028,"187,139",75% bullish,of 8 ratings,$31
CAMB,$10.05,1441224933078,400,Not yet rated,NULL,N/A
CAMBU,NULL,1441224933104,0,100% bearish,of 1 rating,N/A
ABCD,$5.07,1441224933132,"67,361",83% bullish,of 6 ratings,N/A
CAMBW,$0.15,1441224933153,200,Not yet rated,NULL,N/A
CAC,$40.25,1441224933324,"2,582",Not yet rated,NULL,N/A
CAMT,$2.6,1441224933389,"21,113",73% bullish,of 11 ratings,$4
CGIX,$9.73,1441224933421,"9,053",67% bullish,of 3 ratings,$14.375
CSIQ,$18.35,1441224933450,"690,963",86% bullish,of 28 ratings,$42.50
CPHC,$10.3499,1441224933477,394,100% bearish,of 1 rating,N/A
CBNJ,$10.9,1441224933499,"29,762",100% bearish,of 1 rating,N/A
CPLA,$48.33,1441224933631,"34,506",67% bearish,of 3 ratings,$65
CBF,$29.9717,1441224933691,"36,098",Not yet rated,NULL,$32
CPLP,$7.065,1441224934041,"141,245",71% bullish,of 7 ratings,$11
CCBG,$15.1,1441224934067,"8,869",Not yet rated,NULL,$17.25
CSWC,$44.515,1441224934196,"21,193",Not yet rated,NULL,N/A
CPTA,$13.65,1441224934221,"16,720",100% bearish,of 1 rating,$18.50
CAPN,$2.23,1441224934352,"61,360",100% bullish,of 1 rating,$10.85
CAPNW,$0.6789,1441224934386,100,Not yet rated,NULL,N/A
CAPR,$4.71,1441224934419,"22,615",Not yet rated,NULL,$12
CPST,$0.3837,1441224934443,"387,280",95% bullish,of 22 ratings,$1.25
CFFN,$11.7503,1441224934480,"602,415",Not yet rated,NULL,$12.75
CARA,$19.0027,1441224934512,"94,984",50% bullish,of 4 ratings,$25
CARB,$11.16,1441224934615,"27,819",75% bullish,of 4 ratings,$12
CFNL,$21.95,1441224934744,"39,829",Not yet rated,NULL,$24
CBYL,$4.75,1441224934773,"38,375",100% bearish,of 1 rating,$20
CRDC,$0.31,1441224934794,"269,208",100% bullish,of 1 rating,$1.25
CRME,$9,1441224934949,"7,898",89% bullish,of 9 ratings,$11.25
CSII,$23.4602,1441224934975,"89,752",100% bearish,of 2 ratings,$42.125
CDNA,$6.98,1441224935056,"6,303",100% bearish,of 1 rating,$9
CTRE,$11.06,1441224935114,"196,233",50% bullish,of 2 ratings,$13.50
CECO,$3.59,1441224935141,"139,593",67% bearish,of 3 ratings,$6
CATM,$33.8,1441224935169,"160,378",100% bearish,of 1 rating,$44
CKEC,$23,1441224935200,"54,272",50% bullish,of 2 ratings,$35.915
CLBH,$12.74,1441224935221,743,Not yet rated,NULL,$16.50
CARO,$15.34,1441224935257,"3,621",100% bearish,of 1 rating,$19
CART,$5.39,1441224935353,"1,300",100% bearish,of 1 rating,N/A
CRZO,$34.5,1441224935576,"485,226",67% bearish,of 3 ratings,$54.50
TAST,$12.72,1441224935607,"104,368",Not yet rated,NULL,$14.25
CRTN,$2.49,1441224935630,"5,615",100% bearish,of 1 rating,N/A
CARV,NULL,1441224935663,0,50% bullish,of 2 ratings,N/A
CASM,$1.1884,1441224935707,"4,682",100% bullish,of 1 rating,$3.50
CSCD,$15.24,1441224935767,"7,316",100% bullish,of 2 ratings,$17
CACB,$5.39,1441224935797,"54,328",Not yet rated,NULL,$5.50
CWST,$6.27,1441224935822,"37,524",50% bullish,of 2 ratings,$7.25
CASY,$104.7735,1441224935899,"223,761",50% bullish,of 2 ratings,$99.50
CASS,$48,1441224935959,"6,481",100% bearish,of 1 rating,N/A
CATB,$12.11,1441224936036,"25,786",100% bearish,of 1 rating,$28
CASI,$1.3864,1441224936064,"4,700",100% bullish,of 1 rating,$3.50
CATY,$28.7649,1441224936091,"287,662",100% bearish,of 1 rating,$33.50
CPRX,$3.74,1441224936122,"135,168",71% bullish,of 7 ratings,$7
CATYW,NULL,1441224936227,0,100% bearish,of 1 rating,N/A
CVCO,$72.0353,1441224936355,"16,260",100% bearish,of 1 rating,N/A
CAVM,$66.67,1441224936405,"157,624",67% bearish,of 3 ratings,$72
CNLM,$9.92,1441224936432,100,Not yet rated,NULL,N/A
CBFV,$21.4899,1441224936460,807,Not yet rated,NULL,$25
CNLMR,NULL,1441224936558,0,Not yet rated,NULL,N/A
CNLMU,NULL,1441224936665,0,100% bullish,of 1 rating,N/A
CNLMW,NULL,1441224936729,0,Not yet rated,NULL,N/A
CDW,$38.68,1441224936824,"500,184",75% bullish,of 4 ratings,$44
CBOE,$63.47,1441224936860,"335,250",Not yet rated,NULL,$60
CPXX,$2.2376,1441224936891,"114,004",100% bullish,of 2 ratings,$7
CELG,$118.82,1441224936920,"2,858,967",92% bullish,of 13 ratings,$156
CECE,$9.71,1441224936941,"52,556",50% bullish,of 2 ratings,$16
CDK,$48.85,1441224936962,"188,009",67% bearish,of 3 ratings,$50
CLDN,$1.15,1441224937098,"74,671",71% bullish,of 7 ratings,$3
CELGZ,$1.84,1441224937123,"14,810",80% bullish,of 5 ratings,N/A
CLDX,$14.63,1441224937274,"471,855",89% bullish,of 9 ratings,$36
CLRB,$3.08,1441224937411,726,100% bearish,of 1 rating,N/A
CLRBW,$0.9201,1441224937436,"1,000",Not yet rated,NULL,N/A
CLLS,$32.43,1441224937467,"45,192",75% bullish,of 4 ratings,$51.50
CLSN,$2.02,1441224937496,"20,320",80% bullish,of 10 ratings,$7.50
CLTX,$2.1301,1441224937518,"187,366",100% bullish,of 2 ratings,N/A
CYAD,$49.76,1441224937539,"5,270",100% bullish,of 1 rating,$87.50
CBMG,$23.72,1441224937580,"85,076",50% bullish,of 2 ratings,N/A
CETX,$2.3999,1441224937676,"8,794",Not yet rated,NULL,$5.60
CEMP,$34.93,1441224937751,"274,220",71% bullish,of 7 ratings,$52
CETV,$2.08,1441224937830,"37,778",67% bullish,of 3 ratings,$2.80
CENT,$13.3,1441224937859,"99,986",Not yet rated,NULL,$10
CFBK,$1.37,1441224937886,800,Not yet rated,NULL,N/A
CSFL,$13.67,1441224937907,"45,225",Not yet rated,NULL,$15
CENTA,$13.5441,1441224938454,"106,862",Not yet rated,NULL,N/A
CVCY,$11.7,1441224938482,"2,961",Not yet rated,NULL,$12
CNTY,$5.95,1441224938503,"12,988",80% bullish,of 5 ratings,$7.75
CNBKA,$41.31,1441224938542,201,50% bullish,of 2 ratings,N/A
CENX,$5.17,1441224938572,"1,467,714",67% bullish,of 6 ratings,$9
CERE,$1.07,1441224938638,"180,714",88% bullish,of 8 ratings,N/A
CRNT,$1.3999,1441224938678,"59,608",50% bullish,of 2 ratings,$2
CPHD,$48.13,1441224938740,"223,370",67% bearish,of 3 ratings,$66.50
CERN,$60.96,1441224938909,"709,738",67% bullish,of 3 ratings,$79
CERU,$4.21,1441224939006,"19,858",75% bullish,of 4 ratings,$14
KOOL,$0.6768,1441224939067,"22,445",100% bullish,of 5 ratings,$7
HOTRW,$0.205,1441224939222,200,Not yet rated,NULL,N/A
CERS,$5.06,1441224939293,"478,856",75% bullish,of 4 ratings,$7
CEVA,$18.86,1441224939438,"18,082",100% bearish,of 1 rating,$25
HOTR,$1.3901,1441224939464,"59,237",100% bullish,of 2 ratings,$5
CYOU,$19.4644,1441224939498,"141,360",50% bullish,of 6 ratings,$24
CTHR,$1.355,1441224939642,"1,671",50% bullish,of 2 ratings,$2.50
CHTR,$179.68,1441224939776,"416,056",100% bearish,of 2 ratings,$202
GTLS,$23.15,1441224939806,"349,431",50% bullish,of 4 ratings,$40
CHFN,$12.245,1441224939904,"16,109",Not yet rated,NULL,$14
CHKP,$78.15,1441224939945,"848,623",50% bullish,of 4 ratings,$92
CHEKW,$0.74,1441224940003,115,Not yet rated,NULL,N/A
CHEK,$2.33,1441224940086,"3,981",Not yet rated,NULL,$7.75
CHFC,$30.7696,1441224940295,"30,368",100% bearish,of 1 rating,$36
CEMI,$4.23,1441224940336,"10,947",50% bullish,of 2 ratings,$7.50
CCXI,$6.58,1441224940363,"20,366",67% bullish,of 3 ratings,$14
CHKE,$25.78,1441224940395,"26,882",100% bearish,of 1 rating,$32.50
CHMG,$26.38,1441224940533,"1,200",Not yet rated,NULL,$30
CBNK,NULL,1441224940640,0,100% bearish,of 1 rating,N/A
CHEV,$14.5401,1441224940671,"4,198",Not yet rated,NULL,N/A
CHMA,$27.96,1441224940771,"108,144",Not yet rated,NULL,$40
PLCE,$59.03,1441224940909,"152,516",100% bearish,of 1 rating,$69
CMRX,$50.85,1441224940947,"136,785",50% bullish,of 2 ratings,$57
CADC,$3.33,1441224940999,200,78% bullish,of 9 ratings,N/A
CALI,$0.8461,1441224941025,"22,235",67% bullish,of 3 ratings,N/A
CAAS,$6.06,1441224941217,"8,970",93% bullish,of 14 ratings,$11.50
CCCL,NULL,1441224941245,0,100% bullish,of 6 ratings,N/A
CBPO,$96.37,1441224941266,"64,456",75% bullish,of 8 ratings,$140.50
CBAK,$1.77,1441224941301,"57,184",67% bullish,of 9 ratings,N/A
CCCR,$0.7389,1441224941396,"2,845",67% bearish,of 3 ratings,N/A
JRJC,$3.4,1441224941474,"99,158",82% bullish,of 11 ratings,N/A
CHOP,$1.1599,1441224941532,"3,610",50% bullish,of 2 ratings,N/A
HGSH,$1.73,1441224941577,"6,003",67% bullish,of 3 ratings,N/A
CHLN,$1.9365,1441224941664,"2,680",67% bullish,of 3 ratings,N/A
CNIT,$1.18,1441224941786,"98,549",67% bullish,of 6 ratings,N/A
CJJD,$1.8,1441224941854,"3,878",100% bullish,of 1 rating,N/A
CHNR,$1.4799,1441224941962,"1,018",100% bearish,of 1 rating,N/A
CREG,$0.65,1441224941991,"4,650",100% bullish,of 3 ratings,N/A
HTHT,$25.545,1441224942011,"72,140",50% bullish,of 2 ratings,$28.40
CPGI,NULL,1441224942044,0,Not yet rated,NULL,N/A
CNTF,$0.8001,1441224942070,"21,822",Not yet rated,NULL,N/A
CSUN,$1.4084,1441224942200,"4,426",80% bullish,of 5 ratings,N/A
CXDC,$5.94,1441224942355,"15,177",67% bearish,of 3 ratings,N/A
CNYD,$3.15,1441224942429,410,67% bullish,of 3 ratings,N/A
CCIH,$7.16,1441224942484,"37,403",67% bullish,of 6 ratings,$12.65
IMOS,$18.835,1441224942530,"152,986",60% bullish,of 5 ratings,$21.50
CNET,$0.8341,1441224942567,"7,112",50% bullish,of 2 ratings,N/A
CHSCL,$27.11,1441224942591,"21,412",Not yet rated,NULL,N/A
CHSCN,$27.04,1441224943183,"10,883",Not yet rated,NULL,N/A
CHUY,$31.69,1441224943216,"129,986",50% bullish,of 2 ratings,$34
CHSCP,$30.461,1441224943247,"4,217",Not yet rated,NULL,N/A
CHSCM,$26.24,1441224943276,"12,869",Not yet rated,NULL,N/A
CIFC,$7.02,1441224943297,"1,291",100% bearish,of 1 rating,N/A
CHDN,$132.95,1441224943334,"37,921",Not yet rated,NULL,$165
CMCT,$15.5,1441224943364,225,100% bearish,of 1 rating,N/A
CHSCO,$28.3906,1441224943433,"1,972",Not yet rated,NULL,N/A
CDTX,$14.16,1441224943639,"5,281",Not yet rated,NULL,$22
CINF,$52.31,1441224943688,"436,051",50% bullish,of 4 ratings,$50.50
CMPR,$68.3752,1441224943718,"120,267",50% bullish,of 2 ratings,$72.50
CIDM,$0.5718,1441224943781,"16,481",50% bullish,of 2 ratings,$2.10
CTAS,$84.62,1441224943815,"200,400",100% bearish,of 1 rating,$91
CPHR,$5.23,1441224943975,"10,655",100% bearish,of 1 rating,$17
CRUS,$29.32,1441224944101,"383,407",75% bullish,of 12 ratings,$44.50
CSCO,$25.505,1441224944139,"12,669,927",83% bullish,of 210 ratings,$32
CTRN,$26.01,1441224944207,"38,444",100% bearish,of 1 rating,$31.50
CZNC,$19.45,1441224944242,"2,093",Not yet rated,NULL,N/A
CIZN,$19.62,1441224944263,100,Not yet rated,NULL,N/A
CZWI,$8.95,1441224944302,307,Not yet rated,NULL,N/A
CZFC,NULL,1441224944333,0,Not yet rated,NULL,N/A
CTXS,$67.01,1441224944401,"1,478,218",86% bullish,of 7 ratings,$80
CHCO,$46.99,1441224944502,"22,446",Not yet rated,NULL,$46
CIVB,$10,1441224944807,"1,062",Not yet rated,NULL,$11
CLNE,$5.05,1441224945016,"452,998",80% bullish,of 15 ratings,$9
CIVBP,NULL,1441224945042,0,Not yet rated,NULL,N/A
CLRO,$11.36,1441224945115,"7,308",50% bullish,of 2 ratings,$14.25
CLFD,$17.08,1441224945174,"31,941",67% bullish,of 3 ratings,$18
CLNT,$1.5622,1441224945203,"13,796",75% bullish,of 8 ratings,N/A
CDTI,$1.55,1441224945247,"112,417",75% bullish,of 4 ratings,$3.20
CLIR,$5.024,1441224945277,"14,333",100% bullish,of 3 ratings,N/A
CLVS,$82.8832,1441224945306,"239,520",60% bullish,of 5 ratings,$101.50
CSBK,$13.82,1441224945379,"28,038",Not yet rated,NULL,N/A
CBLI,$4.27,1441224945511,"265,671",60% bullish,of 5 ratings,N/A
CME,$92.1,1441224945597,"605,544",67% bullish,of 3 ratings,$102
CMFN,$11.44,1441224945642,"9,621",100% bearish,of 1 rating,$15.50
CCNE,$17.02,1441224945667,"6,262",50% bullish,of 2 ratings,$21.50
CISG,$7.91,1441224945700,"17,236",100% bullish,of 5 ratings,$10
COKE,$159.31,1441224945875,"10,183",79% bullish,of 19 ratings,N/A
CNV,$4.45,1441224945900,"9,526",50% bullish,of 2 ratings,$7.15
CDRB,$8.66,1441224945966,"177,419",67% bullish,of 3 ratings,N/A
COBZ,$12.6628,1441224946387,"50,138",100% bullish,of 1 rating,$14
CVLY,$20.527,1441224946555,100,Not yet rated,NULL,N/A
CWAY,$11.15,1441224946580,"6,432",Not yet rated,NULL,N/A
CDXS,$3.581,1441224946976,"7,961",64% bullish,of 11 ratings,$6
JVA,$4.7175,1441224947011,"18,258",83% bullish,of 6 ratings,$7
CGNX,$34.75,1441224947111,"186,050",50% bullish,of 2 ratings,$47
CGNT,$1.56,1441224947140,"11,561",100% bullish,of 2 ratings,$2
CCOI,$27.29,1441224947169,"171,700",50% bullish,of 4 ratings,$35
CBAN,$8.98,1441224948096,401,Not yet rated,NULL,N/A
CIGI,$45.12,1441224948130,"41,166",100% bearish,of 1 rating,$52
CLCD,$6.07,1441224948160,"41,645",100% bearish,of 1 rating,$20.50
CHRS,$27.45,1441224948185,"24,956",67% bearish,of 3 ratings,$37
COHR,$55.6437,1441224948210,"61,571",50% bullish,of 2 ratings,$72
CLCT,$17.5999,1441224948237,"26,646",100% bearish,of 1 rating,N/A
CLRX,$0.66,1441224948258,"96,559",50% bullish,of 2 ratings,N/A
CTSH,$62.19,1441224948286,"1,676,679",90% bullish,of 10 ratings,$75
COLB,$29.19,1441224948415,"120,245",Not yet rated,NULL,$36
COHU,$9.4683,1441224948502,"43,646",100% bearish,of 1 rating,$14.25
COLM,$60.78,1441224948545,"68,923",100% bearish,of 1 rating,$71
CMCO,$18.81,1441224948575,"44,268",60% bullish,of 5 ratings,$28
CMCSK,$57.08,1441224948639,"1,875,859",Not yet rated,NULL,$84
COLL,$15.1,1441224948664,"103,022",100% bearish,of 1 rating,$26
CBMX,$1.151,1441224948692,"11,564",83% bullish,of 6 ratings,$3.15
CMCSA,$55.71,1441224948717,"9,533,139",66% bullish,of 35 ratings,$69.50
CBSH,$43.37,1441224948924,"195,662",50% bullish,of 2 ratings,$46
CVGI,$4.92,1441224949112,"45,662",50% bullish,of 2 ratings,$6
CBSHP,$25.45,1441224949161,"1,500",100% bearish,of 1 rating,N/A
CUBN,$13.4,1441224949191,"3,573",Not yet rated,NULL,N/A
JCS,$9.26,1441224949212,"1,613",67% bullish,of 3 ratings,N/A
CSAL,$20.44,1441224949233,"395,620",75% bullish,of 4 ratings,$30
COMM,$32.13,1441224949269,"681,493",67% bearish,of 3 ratings,$35
CTBI,$34.61,1441224949375,"9,374",Not yet rated,NULL,$36
CWBC,$6.84,1441224949421,"48,762",Not yet rated,NULL,N/A
CVLT,$35.26,1441224949570,"133,632",75% bullish,of 4 ratings,$44.50
CYHHZ,$0.0109,1441224949597,"27,141",100% bullish,of 1 rating,N/A
ESXB,$5.09,1441224949624,101,Not yet rated,NULL,N/A
COB,$10.46,1441224949655,"4,970",100% bullish,of 1 rating,$11.75
CIZ,NULL,1441224949842,0,100% bearish,of 1 rating,N/A
CID,NULL,1441224949877,0,Not yet rated,NULL,N/A
CIL,NULL,1441224950008,0,Not yet rated,NULL,N/A
CSA,$32.4701,1441224950083,255,Not yet rated,NULL,N/A
CDC,$34.01,1441224950107,"31,547",Not yet rated,NULL,N/A
CFA,$34.74,1441224950261,625,100% bearish,of 1 rating,N/A
CFO,$34.85,1441224950326,"5,298",100% bearish,of 1 rating,N/A
CSB,$32.3,1441224950394,"1,172",Not yet rated,NULL,N/A
CSF,$36.16,1441224950452,"1,540",100% bearish,of 1 rating,N/A
CDL,$32.94,1441224950473,180,Not yet rated,NULL,N/A
CPSI,$45.5369,1441224950494,"58,978",100% bearish,of 1 rating,$45.50
CGEN,$4.96,1441224950535,"35,281",50% bullish,of 2 ratings,$11
CTG,$6.72,1441224950625,"10,537",100% bearish,of 1 rating,$8.50
SCOR,$44.46,1441224950809,"1,131,175",100% bearish,of 1 rating,$66
CMTL,$25.7601,1441224950835,"39,204",100% bearish,of 2 ratings,$37
CHCI,$0.6784,1441224950970,"1,600",50% bullish,of 2 ratings,N/A
CNAT,$3.98,1441224951128,"75,064",83% bullish,of 6 ratings,$13
CNSI,$17.98,1441224951499,"53,020",100% bearish,of 2 ratings,$29
CDORP,$6.5501,1441224951528,"1,133",100% bearish,of 1 rating,N/A
CXRX,$79.808,1441224951556,"1,006",100% bearish,of 1 rating,$90
CNCE,$16.49,1441224951577,"78,437",75% bullish,of 4 ratings,$22
CDORO,$19,1441224951597,160,100% bearish,of 1 rating,N/A
CCUR,$5.33,1441224951630,"18,851",75% bullish,of 4 ratings,N/A
CDOR,$1.28,1441224951929,"2,785",100% bullish,of 1 rating,N/A
CFMS,$14.19,1441224952146,"340,678",100% bearish,of 1 rating,$26.50
CTWS,$34.7,1441224952171,"14,478",100% bearish,of 1 rating,$44
CNMD,$51.11,1441224952197,"158,216",Not yet rated,NULL,$59
CNFR,$10.12,1441224952241,"1,754",Not yet rated,NULL,N/A
CNXR,$7,1441224952387,"62,862",100% bearish,of 1 rating,$12
CONN,$28.32,1441224952522,"305,837",67% bullish,of 3 ratings,$48.50
CTCT,$24.107,1441224952556,"104,641",67% bullish,of 3 ratings,$37
CNSL,$19.31,1441224952587,"112,550",100% bearish,of 1 rating,$23
CPSS,$5.64,1441224952654,"19,313",100% bullish,of 1 rating,$10
CFRX,$4.77,1441224952683,"10,298",Not yet rated,NULL,$14
CWCO,$10.31,1441224952711,"36,441",67% bullish,of 3 ratings,$14.50
CFRXW,NULL,1441224952756,0,100% bearish,of 1 rating,N/A
CFRXZ,$0.439,1441224952893,"1,850",Not yet rated,NULL,N/A
CNOB,$18.99,1441224952918,"14,587",100% bullish,of 1 rating,$23.50
CTRV,$3.77,1441224952943,"8,263",Not yet rated,NULL,$6.40
CTRL,$8.32,1441224953107,"51,459",50% bullish,of 2 ratings,$11
COSI,$1.12,1441224953348,"34,076",100% bullish,of 1 rating,N/A
CRBP,$1.94,1441224953378,"135,739",100% bullish,of 2 ratings,$6.25
CPRT,$34.9273,1441224953400,"232,836",67% bearish,of 3 ratings,$40
BVA,NULL,1441224953438,0,50% bullish,of 2 ratings,N/A
CORE,$59.9773,1441224953459,"58,204",100% bearish,of 1 rating,$72
CORT,$5.02,1441224953480,"193,067",67% bullish,of 3 ratings,$12
CORI,$10.74,1441224953516,"44,909",100% bearish,of 1 rating,$18
CRVL,$30.96,1441224953547,"12,415",100% bearish,of 1 rating,N/A
CSGP,$174.53,1441224953908,"78,212",50% bullish,of 2 ratings,$235
CPAH,$0.4305,1441224953993,400,50% bullish,of 2 ratings,N/A
COST,$140.42,1441224954024,"880,588",79% bullish,of 24 ratings,$154.50
CSOD,$36.13,1441224954046,"189,564",50% bullish,of 2 ratings,$42
COWN,$5.0943,1441224954127,"447,513",75% bullish,of 4 ratings,$7
ICBK,$18.4,1441224954180,"1,300",Not yet rated,NULL,$21
COVS,$2.53,1441224954207,"42,879",67% bullish,of 3 ratings,N/A
CVTI,$22.67,1441224954228,"56,293",67% bearish,of 3 ratings,$39
COWNL,$26.4399,1441224954366,"1,850",Not yet rated,NULL,N/A
CBRL,$145.56,1441224954392,"121,926",50% bullish,of 2 ratings,$155
CPSH,$2.377,1441224954422,"4,400",Not yet rated,NULL,N/A
CRAI,$23.455,1441224954455,"32,157",100% bearish,of 1 rating,$36
CRAY,$20.5745,1441224954560,"126,330",83% bullish,of 6 ratings,$38.50
BREW,$7.75,1441224954694,"8,754",67% bullish,of 6 ratings,$15
CACC,$200.1068,1441224954795,"96,621",50% bullish,of 2 ratings,$158.50
GLDI,$11.054,1441224954821,"4,219",100% bearish,of 1 rating,N/A
CREE,$26.28,1441224954983,"629,634",65% bullish,of 17 ratings,$29.50
CRESY,$10.14,1441224955049,"24,241",100% bearish,of 1 rating,$19
CCRN,$14.0588,1441224955189,"101,986",100% bearish,of 1 rating,$14.25
SLVO,$10.16,1441224955211,"2,785",100% bearish,of 1 rating,N/A
CRDS,$0.95,1441224955246,"54,663",50% bullish,of 4 ratings,$4.50
CROX,$14.145,1441224955274,"376,567",63% bullish,of 8 ratings,$16.50
CRTO,$38.2012,1441224955305,"381,088",67% bullish,of 6 ratings,$64
CRWS,$7.99,1441224955352,"11,080",Not yet rated,NULL,$10
CRWN,$4.91,1441224955408,"178,069",75% bullish,of 4 ratings,N/A
CYRX,$2.92,1441224955516,913,Not yet rated,NULL,$9
CYRXW,$0.7684,1441224955591,"8,000",Not yet rated,NULL,N/A
CSGS,$30.3234,1441224955650,"107,289",Not yet rated,NULL,$40
CTIC,$1.57,1441224955854,"270,509",84% bullish,of 76 ratings,$5.75
CSPI,$5.7,1441224956009,"10,173",67% bullish,of 3 ratings,N/A
CCLP,$14.3599,1441224956037,"40,781",67% bearish,of 3 ratings,$20
CTCM,$1.67,1441224956067,"62,828",80% bearish,of 5 ratings,$3.90
CTIB,$3.7455,1441224956099,"1,000",100% bearish,of 1 rating,N/A
CTRP,$65.23,1441224956128,"669,062",75% bullish,of 8 ratings,$92.50
CUI,$5.56,1441224956149,"23,246",50% bullish,of 2 ratings,$10
CUNB,$21.88,1441224956184,"14,481",Not yet rated,NULL,$24.50
CPIX,$6.0401,1441224956209,"5,613",Not yet rated,NULL,N/A
CUTR,$14.92,1441224956350,"33,333",67% bearish,of 3 ratings,$18
CMLS,$1.32,1441224956392,"264,278",50% bullish,of 4 ratings,$6
CRIS,$2.655,1441224956454,"149,222",100% bullish,of 8 ratings,$6
CVBF,$15.8162,1441224956529,"171,894",Not yet rated,NULL,$18
CVV,$11.34,1441224956635,"8,959",100% bullish,of 5 ratings,N/A
CYBR,$50.74,1441224956664,"650,432",75% bullish,of 8 ratings,$68.50
CYAN,$6.5,1441224956767,"2,680",100% bearish,of 1 rating,N/A
CYCC,$0.5598,1441224956811,"39,924",73% bullish,of 11 ratings,N/A
CYCCP,NULL,1441224956835,0,100% bearish,of 1 rating,N/A
CYBX,$63.95,1441224956900,"138,988",50% bullish,of 4 ratings,$71.50
CYBE,$6.72,1441224956929,"4,353",100% bearish,of 1 rating,N/A
CBAY,$2.63,1441224956953,"26,084",100% bullish,of 1 rating,$4
CYNA,$16.19,1441224957089,"16,927",50% bullish,of 2 ratings,$31.50
CYNO,$31.84,1441224957125,"109,033",67% bearish,of 3 ratings,$45.50
CYRN,$1.78,1441224957170,"1,800",67% bullish,of 3 ratings,$4
CY,$10.18,1441224957196,"5,990,059",80% bullish,of 10 ratings,$15.50
CONE,$31.19,1441224957274,"153,587",67% bearish,of 3 ratings,$35.50
TVIX,$14.92,1441224957536,"10,997,775",81% bullish,of 16 ratings,N/A
CYTK,$7.18,1441224957578,"181,578",71% bullish,of 14 ratings,$13.50
TVIZ,$23.62,1441224957668,"13,735",100% bearish,of 1 rating,N/A
CYTR,$2.37,1441224957723,"185,694",67% bullish,of 6 ratings,$10
DAEG,$0.3535,1441224957749,"8,728",100% bearish,of 1 rating,N/A
CTSO,$7.33,1441224957771,"89,146",Not yet rated,NULL,$15.625
CYTX,$0.3522,1441224957795,"1,025,660",83% bullish,of 12 ratings,$5.50
ZIV,$36.26,1441224957830,"115,072",Not yet rated,NULL,N/A
XIV,$24.15,1441224958045,"15,945,624",75% bearish,of 4 ratings,N/A
DJCO,$196,1441224958073,202,Not yet rated,NULL,N/A
DAKT,$8.585,1441224958094,"100,737",50% bullish,of 2 ratings,$12
DARA,$0.8451,1441224958127,"17,609",83% bullish,of 6 ratings,$1.50
DAIO,$2.65,1441224958229,"3,954",Not yet rated,NULL,N/A
DTEA,$12.97,1441224958566,"26,349",100% bearish,of 2 ratings,$24
PLAY,$35.63,1441224958602,"139,950",100% bullish,of 5 ratings,$42
DRAM,$1.35,1441224958623,"5,092",78% bullish,of 9 ratings,N/A
DWSN,$4.4,1441224958644,"15,413",67% bullish,of 3 ratings,N/A
DTLK,$5.56,1441224958690,"33,920",100% bearish,of 1 rating,$9
DWCH,$5.05,1441224958711,"9,586",75% bullish,of 4 ratings,$8.25
DHRM,$1.63,1441224958777,"2,190",Not yet rated,NULL,N/A
DBVT,$38.07,1441224958803,"50,731",100% bearish,of 1 rating,$53
TRAK,$62.8088,1441224958964,"274,975",50% bullish,of 2 ratings,$62.50
TACO,$12.85,1441224958989,"152,946",75% bullish,of 4 ratings,$20
DFRG,$14.4544,1441224959016,"116,067",100% bearish,of 1 rating,$20
DGAS,$20.67,1441224959264,"1,010",67% bearish,of 3 ratings,N/A
DELTW,NULL,1441224959331,0,Not yet rated,NULL,N/A
XRAY,$51.6,1441224959397,"268,238",100% bullish,of 1 rating,$58
DELT,$2.24,1441224959423,200,Not yet rated,NULL,N/A
DENN,$11.25,1441224959443,"230,844",100% bullish,of 3 ratings,$15
DCTH,$0.4097,1441224959477,"115,399",78% bullish,of 9 ratings,N/A
TACOW,$4.378,1441224959498,"156,100",100% bullish,of 1 rating,N/A
DSCI,$5.96,1441224959710,"39,889",50% bullish,of 2 ratings,$16
DEST,$10.83,1441224959759,"40,883",50% bullish,of 2 ratings,N/A
DEPO,$26.86,1441224959788,"364,089",60% bullish,of 5 ratings,$29
DERM,$26.27,1441224959814,"40,131",100% bearish,of 1 rating,$33.50
DXLG,$6.51,1441224959890,"131,896",100% bearish,of 1 rating,$8
DSWL,$1.57,1441224959991,"13,304",100% bullish,of 1 rating,N/A
DXM,$0.28,1441224960089,"269,096",50% bullish,of 2 ratings,N/A
FANG,$67.12,1441224960220,"607,898",50% bullish,of 2 ratings,$86
DMND,$30.19,1441224960247,"91,366",75% bullish,of 12 ratings,$32
DXCM,$88.98,1441224960268,"272,628",57% bullish,of 7 ratings,$98
DHXM,$6.8,1441224960300,500,Not yet rated,NULL,N/A
DHIL,$191.22,1441224960322,946,Not yet rated,NULL,N/A
DGII,$10.16,1441224960452,"9,592",100% bearish,of 1 rating,$11
DRNA,$11.26,1441224960481,"91,244",67% bearish,of 3 ratings,$25
DCIX,$1.5789,1441224960509,"44,441",50% bullish,of 4 ratings,$3.50
DGLY,$7.19,1441224960641,"192,228",50% bullish,of 6 ratings,$20
DRAD,$3.77,1441224960668,"11,144",100% bullish,of 1 rating,$5.25
DMRC,$39.09,1441224960698,"31,924",100% bearish,of 1 rating,$44
APPS,$2.22,1441224960799,"403,396",100% bearish,of 1 rating,$10.25
DIOD,$19.5046,1441224960961,"64,820",75% bearish,of 4 ratings,$24
DPRX,$14.85,1441224960998,"11,055",100% bullish,of 2 ratings,$27.75
DCOM,$16.54,1441224961028,"32,839",100% bearish,of 2 ratings,$16
DISCA,$26.64,1441224961100,"1,302,055",67% bullish,of 3 ratings,$34
DISCK,$25.39,1441224961130,"505,074",100% bearish,of 1 rating,$32
DISCB,NULL,1441224961159,0,100% bearish,of 1 rating,$35
DISH,$58.91,1441224961185,"937,114",69% bullish,of 13 ratings,$73
DSCO,$0.422,1441224961234,"199,482",83% bullish,of 6 ratings,$2.75
DLTR,$67.33,1441224962011,"5,835,421",82% bullish,of 11 ratings,$88
DGICB,NULL,1441224962077,0,100% bearish,of 1 rating,N/A
DNBF,$26.05,1441224962108,"1,428",Not yet rated,NULL,$27.50
DGICA,$14.03,1441224962150,"16,186",100% bearish,of 1 rating,$17
DLHC,$2.6624,1441224962180,"2,786",100% bearish,of 1 rating,N/A
BAGR,$2.72,1441224962205,"9,500",100% bearish,of 1 rating,$6
DVCR,$10.94,1441224962235,"2,511",100% bullish,of 1 rating,N/A
DMLP,$14.75,1441224962282,"40,813",100% bearish,of 1 rating,N/A
DORM,$50.2,1441224962436,"172,106",100% bearish,of 1 rating,$56
DRWI,$0.2136,1441224962565,"1,228,872",60% bullish,of 5 ratings,$.45
HILL,$9.6478,1441224962597,"747,724",60% bearish,of 5 ratings,$9.75
DWA,$19.99,1441224962647,"869,045",63% bullish,of 8 ratings,$26
DRYS,$0.436,1441224962696,"1,090,642",77% bullish,of 31 ratings,$.60
DSKX,$3.44,1441224962779,"102,960",100% bullish,of 1 rating,N/A
DSPG,$8.68,1441224962919,"16,563",100% bearish,of 1 rating,$13.50
DRWIW,NULL,1441224963006,0,Not yet rated,NULL,N/A
CADT,$9.98,1441224963100,300,Not yet rated,NULL,N/A
CADTW,NULL,1441224963181,0,Not yet rated,NULL,N/A
CADTR,NULL,1441224963213,0,Not yet rated,NULL,N/A
CADTU,NULL,1441224963234,0,Not yet rated,NULL,N/A
DRRX,$2.06,1441224963313,"179,414",50% bullish,of 6 ratings,$3
DNKN,$48.7,1441224963390,"1,072,157",67% bullish,of 15 ratings,$56.50
DYAX,$22.84,1441224963529,"249,955",89% bullish,of 9 ratings,$30
BOOM,$10.6,1441224963631,"95,985",67% bullish,of 3 ratings,$12
DTSI,$28.29,1441224963656,"130,779",100% bearish,of 2 ratings,$39.50
DYSL,$1.457,1441224963824,"16,530",100% bullish,of 2 ratings,N/A
DVAX,$28.67,1441224963872,"127,582",70% bullish,of 10 ratings,$40
DYNT,$3,1441224963898,"3,927",75% bullish,of 4 ratings,N/A
DXPE,$29.66,1441224963919,"110,651",50% bullish,of 2 ratings,N/A
EBMT,$11.64,1441224964139,"1,400",Not yet rated,NULL,$13.50
ETFC,$25.26,1441224964166,"1,292,091",57% bullish,of 14 ratings,$32.50
EGRX,$81.89,1441224964233,"109,235",67% bullish,of 3 ratings,$97
EGBN,$40.6406,1441224964259,"99,389",Not yet rated,NULL,$48
EGLE,$6.98,1441224964294,"10,881",60% bullish,of 5 ratings,N/A
EROC,$1.49,1441224964323,"144,714",50% bullish,of 2 ratings,$3
ELNK,$8.39,1441224964344,"472,852",60% bullish,of 5 ratings,$9.50
EWBC,$38.82,1441224964496,"406,377",100% bearish,of 1 rating,$50
EACQU,$10.15,1441224964625,"1,400",Not yet rated,NULL,N/A
EML,$16.25,1441224964680,"3,446",Not yet rated,NULL,N/A
EBAY,$26.75,1441224964707,"5,544,659",81% bullish,of 117 ratings,$34
EVBS,$6.5001,1441224964757,"2,550",Not yet rated,NULL,$7
EBIX,$28.16,1441224964843,"116,459",69% bullish,of 13 ratings,$40
ELON,$0.5926,1441224964915,"14,979",50% bullish,of 2 ratings,N/A
ECHO,$21.9465,1441224964974,"460,227",67% bearish,of 3 ratings,$34.50
ECTE,$1.5,1441224965157,"5,694",75% bullish,of 4 ratings,N/A
SATS,$43.6307,1441224965183,"68,292",50% bullish,of 2 ratings,$60
ECACU,$10.1,1441224965243,200,Not yet rated,NULL,N/A
EEI,$11.703,1441224965346,"10,921",67% bearish,of 3 ratings,N/A
ESES,$3.99,1441224965378,"2,076",100% bearish,of 1 rating,$7
EDAP,$3.6153,1441224965478,"17,233",60% bullish,of 5 ratings,$4.50
EDGW,$7.1601,1441224965508,"2,159",100% bearish,of 1 rating,N/A
EDUC,$6.35,1441224965610,"55,646",100% bearish,of 1 rating,N/A
EFUT,$4.6611,1441224965698,"1,400",Not yet rated,NULL,N/A
EGAN,$3.675,1441224965755,"6,325",50% bullish,of 2 ratings,$6.25
EGLT,$12.54,1441224965887,"83,949",50% bullish,of 2 ratings,$21
EHTH,$15.037,1441224965914,"83,335",50% bullish,of 4 ratings,$16.50
LOCO,$12.62,1441224966048,"291,216",69% bullish,of 13 ratings,$19.50
EMITF,$1.23,1441224966069,"4,472",75% bullish,of 4 ratings,N/A
ERI,$9.32,1441224966102,"86,004",100% bearish,of 1 rating,$10
ESLT,$78.661,1441224966127,"5,033",67% bullish,of 3 ratings,N/A
ELRC,$10.55,1441224966235,"17,497",100% bearish,of 1 rating,N/A
ESIO,$4.5,1441224966367,"36,368",50% bullish,of 2 ratings,$10
EA,$64.49,1441224966394,"1,661,251",78% bullish,of 36 ratings,$80
EFII,$43.1504,1441224966583,"71,639",80% bullish,of 5 ratings,$55
ELEC,NULL,1441224966623,0,Not yet rated,NULL,N/A
ELSE,$3.9001,1441224966679,"2,000",60% bullish,of 5 ratings,N/A
ELECU,$9.99,1441224966710,"6,100",Not yet rated,NULL,N/A
ELECW,NULL,1441224966755,0,Not yet rated,NULL,N/A
RDEN,$11.35,1441224967028,"55,767",100% bearish,of 4 ratings,$15
CAPX,$22.4599,1441224967054,101,Not yet rated,NULL,N/A
EBIO,$3.51,1441224967082,"144,017",100% bearish,of 2 ratings,$8.35
ESBK,$19.85,1441224967133,639,Not yet rated,NULL,N/A
EMCI,$22.56,1441224967304,"19,692",Not yet rated,NULL,N/A
ELTK,$1.35,1441224967348,"42,640",67% bearish,of 3 ratings,N/A
LONG,$16.8025,1441224967374,"2,908",67% bullish,of 3 ratings,$15.75
EMCF,NULL,1441224967434,0,100% bearish,of 1 rating,N/A
EMKR,$6.87,1441224967460,"51,238",75% bullish,of 4 ratings,$8.50
EMMS,$1.1532,1441224967517,"14,524",83% bullish,of 6 ratings,N/A
EMMSP,$3.2,1441224967599,325,100% bearish,of 1 rating,N/A
ENTA,$39.0303,1441224967819,"83,006",50% bullish,of 2 ratings,$42
ERS,$3.3999,1441224967851,"11,165",Not yet rated,NULL,N/A
NYNY,$4.2,1441224967903,"14,803",50% bullish,of 2 ratings,N/A
ECPG,$38.5594,1441224967955,"108,065",100% bullish,of 2 ratings,$52
WIRE,$31.52,1441224968035,"46,080",100% bearish,of 1 rating,$37
ENDP,$74.55,1441224968067,"568,104",50% bullish,of 6 ratings,$101.50
ELGX,$12.56,1441224968088,"262,145",75% bullish,of 4 ratings,$17
ECYT,$5.26,1441224968116,"139,421",83% bullish,of 6 ratings,$12
EIGI,$14.8914,1441224968269,"267,143",67% bearish,of 3 ratings,$22.50
EFOI,$24.54,1441224968359,"922,255",50% bullish,of 2 ratings,$24.50
WATT,$6.932,1441224968446,"22,972",50% bullish,of 2 ratings,$13
EXXI,$1.76,1441224968549,"986,145",86% bullish,of 7 ratings,$3.50
ERII,$2.59,1441224968575,"50,606",80% bullish,of 5 ratings,$2.50
ENOC,$8.8467,1441224968600,"95,175",75% bullish,of 4 ratings,$18
ENG,$1.0232,1441224968653,"36,634",100% bullish,of 3 ratings,N/A
ENFC,$17.54,1441224968873,"1,200",Not yet rated,NULL,N/A
ESGR,$147.56,1441224968907,"47,039",100% bearish,of 1 rating,$185
ENTG,$13.425,1441224968928,"151,841",100% bearish,of 1 rating,$18
ENPH,$4.42,1441224968950,"438,659",75% bullish,of 4 ratings,$11
ETRM,$0.314,1441224968991,"4,744,754",69% bearish,of 35 ratings,$1.625
ENTL,$21.336,1441224969013,"21,920",Not yet rated,NULL,$28
EBTC,$21.35,1441224969041,510,Not yet rated,NULL,N/A
EGT,$1.988,1441224969258,"6,101",100% bullish,of 1 rating,N/A
ENVI,$1.8899,1441224969392,"27,341",67% bullish,of 3 ratings,N/A
EFSC,$23.89,1441224969417,"13,759",Not yet rated,NULL,$27
ENZN,$0.9997,1441224969445,"205,859",100% bullish,of 9 ratings,N/A
ENZY,$10.49,1441224969715,"39,032",67% bullish,of 3 ratings,$9.50
EPIQ,$12.73,1441224969745,"31,144",100% bearish,of 1 rating,$18
EPRS,$5.08,1441224969811,"18,689",82% bullish,of 11 ratings,$15
EAC,$3.3,1441224969848,"5,167",100% bearish,of 1 rating,$8
EPZM,$20.41,1441224969874,"235,679",60% bullish,of 5 ratings,$34
EQIX,$269.95,1441224970114,"426,779",75% bullish,of 4 ratings,$312.50
PLUS,$73.0191,1441224970141,"37,682",50% bullish,of 2 ratings,$88
ESCA,$18.065,1441224970168,"10,076",100% bearish,of 1 rating,$22
EQFN,NULL,1441224970298,0,100% bearish,of 1 rating,N/A
ERIC,$9.63,1441224970327,"1,479,300",67% bullish,of 9 ratings,$12.20
ERIE,$81.44,1441224970434,"11,983",Not yet rated,NULL,$73
ESCR,$0.195,1441224970483,"113,126",50% bullish,of 2 ratings,N/A
ESMC,$1.4,1441224970628,740,Not yet rated,NULL,N/A
ESCRP,NULL,1441224970662,0,100% bearish,of 1 rating,N/A
ESSA,$12.95,1441224970759,"5,065",100% bearish,of 1 rating,N/A
ESPR,$48.47,1441224970789,"807,698",70% bearish,of 10 ratings,$115
ESND,$33.28,1441224970821,"112,877",100% bearish,of 2 ratings,$40
EPIX,$5.95,1441224970899,100,Not yet rated,NULL,N/A
ESSX,$0.471,1441224970925,"11,007",50% bullish,of 2 ratings,N/A
CLWT,NULL,1441224970951,0,100% bullish,of 1 rating,N/A
ETSY,$14.27,1441224971114,"239,295",80% bullish,of 5 ratings,$16
ESEA,$4.6342,1441224971250,"10,285",100% bullish,of 1 rating,$15
EEFT,$63.7161,1441224971276,"107,562",100% bearish,of 1 rating,$67.50
EVEP,$8.59,1441224971301,"102,097",50% bullish,of 2 ratings,$15
EVK,$3.69,1441224971429,300,75% bearish,of 4 ratings,N/A
EVLV,$2.66,1441224971532,"49,847",60% bullish,of 5 ratings,$4.625
EVOK,$3.3232,1441224971665,"25,342",100% bearish,of 1 rating,$13.375
EXA,$10.41,1441224971720,"103,690",100% bearish,of 1 rating,$13
EXAS,$22.02,1441224971752,"655,045",78% bullish,of 9 ratings,$31
EXAC,$19.12,1441224971800,"17,269",100% bearish,of 1 rating,$22.50
EXEL,$5.845,1441224971830,"3,170,242",81% bullish,of 16 ratings,$6
EVOL,$5.89,1441224971884,"7,848",75% bullish,of 4 ratings,$10
EXFO,$2.91,1441224971994,200,67% bearish,of 3 ratings,$3.95
EXPE,$112.95,1441224972162,"404,170",64% bullish,of 11 ratings,$130
EXLS,$37.07,1441224972234,"83,334",50% bullish,of 2 ratings,$41
EXPD,$49.655,1441224972259,"1,157,113",80% bullish,of 5 ratings,$52
EXPO,$42.2375,1441224972314,"44,142",100% bearish,of 1 rating,$45.50
ESRX,$83.09,1441224972415,"1,541,005",67% bearish,of 6 ratings,$101
EXLP,$19.1724,1441224972440,"95,593",100% bearish,of 1 rating,$25
EXTR,$3.08,1441224972495,"490,550",80% bullish,of 5 ratings,$3
EYEG,$3.59,1441224972633,"7,953",Not yet rated,NULL,N/A
EYEGW,$1.04,1441224972658,"1,800",Not yet rated,NULL,N/A
EZCH,$22.61,1441224972810,"37,460",75% bullish,of 8 ratings,$19.50
FFIV,$121,1441224972841,"515,739",63% bullish,of 8 ratings,$132
FB,$89.52,1441224972875,"13,668,893",73% bullish,of 1074 ratings,$111
FCS,$13.3117,1441224972949,"294,333",67% bearish,of 3 ratings,$17
EZPW,$6.17,1441224972974,"140,885",50% bullish,of 4 ratings,$7
FRP,$15.97,1441224972999,"34,085",100% bearish,of 1 rating,$18
DAVE,$14.36,1441224973355,"8,363",100% bearish,of 1 rating,$15.50
FWM,$2.21,1441224973385,"87,562",100% bearish,of 2 ratings,$3.20
FALC,$1.73,1441224973428,"17,973",63% bearish,of 8 ratings,N/A
FARM,$22.53,1441224973453,"32,184",100% bearish,of 1 rating,$35
FMNB,$8.173,1441224973485,"3,002",Not yet rated,NULL,N/A
FARO,$37.36,1441224973512,"35,930",50% bullish,of 2 ratings,$48
FFKT,$26.0199,1441224973544,"6,791",Not yet rated,NULL,$29
FAST,$38.175,1441224973647,"1,055,169",80% bullish,of 5 ratings,$45.50
FATE,$6.29,1441224973753,"16,166",50% bullish,of 2 ratings,$11
FBSS,NULL,1441224973943,0,Not yet rated,NULL,N/A
FBRC,$22.09,1441224973974,"27,198",100% bearish,of 1 rating,$29
FNHC,$22.01,1441224974000,"22,947",100% bearish,of 1 rating,$35
FDML,$8.75,1441224974046,"137,064",50% bullish,of 4 ratings,$14
FEIC,$74.7,1441224974071,"167,172",50% bullish,of 2 ratings,$95.50
FHCO,$1.4,1441224974238,"11,685",50% bullish,of 4 ratings,N/A
FENX,$9.82,1441224974322,"68,292",100% bullish,of 1 rating,$14.25
FDUS,$14.845,1441224974531,"21,065",50% bullish,of 2 ratings,$18
FCSC,$5.62,1441224974561,"43,368",100% bearish,of 1 rating,$8.125
LION,$18.93,1441224974582,"26,138",100% bullish,of 1 rating,$20
FRGI,$51.84,1441224974613,"82,033",50% bullish,of 2 ratings,$70
FGEN,$23.1821,1441224974636,"201,779",100% bearish,of 1 rating,$39
ONEQ,$186.1943,1441224974660,"16,040",100% bullish,of 1 rating,N/A
FSAM,$7.9,1441224974790,"3,651",100% bearish,of 1 rating,$10.25
FSC,$6.51,1441224974926,"424,253",60% bullish,of 5 ratings,$8
FSCFL,$24.529,1441224975032,"3,862",Not yet rated,NULL,N/A
FITB,$19.34,1441224975090,"2,255,278",54% bullish,of 13 ratings,$22
FITBI,$27.46,1441224975119,"14,242",Not yet rated,NULL,N/A
FSFR,$8.79,1441224975140,"107,126",100% bearish,of 1 rating,$11.50
FNGN,$30.96,1441224975277,"194,244",67% bullish,of 3 ratings,$47
FNJN,$1.77,1441224975344,"16,070",100% bearish,of 1 rating,$5
FISI,$24.73,1441224975371,"11,674",100% bullish,of 2 ratings,$24.50
FNSR,$15.18,1441224975396,"391,747",71% bullish,of 7 ratings,$24
FNTC,NULL,1441224975535,0,Not yet rated,NULL,N/A
FNTCW,NULL,1441224975570,0,Not yet rated,NULL,N/A
FNTCU,NULL,1441224975590,0,Not yet rated,NULL,N/A
FEYE,$37.28,1441224975720,"1,704,973",88% bullish,of 16 ratings,$55.50
FNLC,$18.8,1441224975825,"4,944",100% bullish,of 1 rating,N/A
FBNC,$16.84,1441224975857,"4,317",100% bullish,of 1 rating,$20
FRBA,$6.05,1441224977441,"7,815",Not yet rated,NULL,$8
FCLF,$9.35,1441224977574,371,Not yet rated,NULL,N/A
FCVA,$4.75,1441224977603,605,Not yet rated,NULL,N/A
BUSE,$6.34,1441224977635,"65,464",Not yet rated,NULL,$6.875
FCBC,$17.5,1441224977657,"9,467",Not yet rated,NULL,$18
FCAP,$26.63,1441224977678,40,Not yet rated,NULL,N/A
FCFS,$39.56,1441224977698,"47,531",100% bearish,of 3 ratings,$47
FBIZ,$22.5,1441224977739,"44,731",100% bearish,of 2 ratings,$26
FCNCA,$231.217,1441224977983,"2,904",Not yet rated,NULL,N/A
FCCO,$12.09,1441224978174,775,Not yet rated,NULL,$13.25
FBNK,$16.895,1441224978201,"21,851",100% bearish,of 1 rating,$17.50
FCFP,$6.905,1441224978221,500,Not yet rated,NULL,N/A
FDEF,$36.75,1441224978251,"12,420",Not yet rated,NULL,$38
FFNM,$6.3,1441224978440,300,Not yet rated,NULL,N/A
FFIN,$30,1441224978474,"68,952",50% bullish,of 2 ratings,$31.75
FFBCW,NULL,1441224978522,0,100% bearish,of 1 rating,N/A
FFBC,$18.16,1441224978572,"69,440",67% bearish,of 3 ratings,$20.25
FFWM,$21.2,1441224978598,"5,646",Not yet rated,NULL,$24
FFNW,$12.03,1441224978655,"7,869",Not yet rated,NULL,$14
THFF,$32.8,1441224978684,"3,159",Not yet rated,NULL,$35
INBK,$30.27,1441224978733,"11,136",50% bullish,of 2 ratings,$37
FIBK,$26.25,1441224978835,"55,168",Not yet rated,NULL,$32
FRME,$26,1441224978864,"110,894",Not yet rated,NULL,$26.50
FMBH,$22.35,1441224978967,382,Not yet rated,NULL,N/A
FMBI,$17.1861,1441224979102,"167,410",Not yet rated,NULL,$20
FNBC,$34.15,1441224979208,"110,108",Not yet rated,NULL,$40
FNFG,$8.95,1441224979239,"1,650,100",80% bullish,of 5 ratings,$9
FNWB,$11.9501,1441224979274,"3,460",Not yet rated,NULL,N/A
FSGI,$2.47,1441224979337,"5,500",Not yet rated,NULL,N/A
FSFG,NULL,1441224979375,0,Not yet rated,NULL,N/A
FSLR,$47.96,1441224979412,"734,088",72% bullish,of 39 ratings,$65
BICK,$19.09,1441224979470,"1,075",100% bullish,of 1 rating,N/A
FSBK,$7.81,1441224979496,"6,800",100% bullish,of 1 rating,N/A
FBZ,$9.44,1441224979665,200,Not yet rated,NULL,N/A
FCAN,$24.13,1441224979698,"28,049",Not yet rated,NULL,N/A
FCA,$18.866,1441224979769,107,Not yet rated,NULL,N/A
FTCS,$35.924,1441224979793,"256,181",100% bearish,of 1 rating,N/A
FV,$23.09,1441224979822,"1,637,161",100% bearish,of 1 rating,N/A
IFV,$17.475,1441224979930,"348,057",100% bearish,of 1 rating,N/A
FEMB,NULL,1441224980013,0,Not yet rated,NULL,N/A
FTSM,$59.96,1441224980060,"22,083",100% bearish,of 1 rating,N/A
MDIV,$18.97,1441224980142,"169,097",Not yet rated,NULL,N/A
FEUZ,$30.4415,1441224980194,102,Not yet rated,NULL,N/A
FTGC,$22.2801,1441224980223,"149,904",Not yet rated,NULL,N/A
TDIV,$24.54,1441224980244,"93,059",100% bearish,of 1 rating,N/A
FGM,$35.12,1441224980277,"15,862",Not yet rated,NULL,N/A
FTHI,$19.23,1441224980379,"1,151",Not yet rated,NULL,N/A
HYLS,$49.57,1441224980460,"84,159",100% bearish,of 1 rating,N/A
FHK,$32.49,1441224980562,"8,414",Not yet rated,NULL,N/A
FPXI,$26.4,1441224980694,200,Not yet rated,NULL,N/A
YDIV,$16.1501,1441224980720,"1,923",Not yet rated,NULL,N/A
CU,$12.6499,1441224980848,"2,920",100% bearish,of 1 rating,N/A
SKYY,$28.52,1441224980874,"37,619",100% bullish,of 1 rating,N/A
PLTM,$6.16,1441224980940,"3,135",100% bearish,of 1 rating,N/A
LMBS,$50.36,1441224980969,"1,666",Not yet rated,NULL,N/A
FJP,$45.37,1441224981000,"78,312",Not yet rated,NULL,N/A
FTLB,$18.91,1441224981025,1,100% bearish,of 1 rating,N/A
QABA,$36.7114,1441224981071,"8,618",100% bearish,of 1 rating,N/A
FMB,$51.19,1441224981154,"7,587",Not yet rated,NULL,N/A
CIBR,$17.5504,1441224981259,"24,033",Not yet rated,NULL,N/A
FONE,$34.679,1441224981322,500,Not yet rated,NULL,N/A
GRID,$31.04,1441224981426,330,100% bearish,of 1 rating,N/A
QCLN,$14.8719,1441224981451,"10,789",Not yet rated,NULL,N/A
CARZ,$34.0182,1441224981509,392,100% bearish,of 1 rating,N/A
QQEW,$41.2901,1441224981651,"190,291",Not yet rated,NULL,N/A
QQXT,$40.0103,1441224981679,"13,627",Not yet rated,NULL,N/A
RDVY,$20.72,1441224981737,"5,311",Not yet rated,NULL,N/A
QTEC,$39.55,1441224981778,"16,952",Not yet rated,NULL,N/A
FTSL,$48.82,1441224981870,"51,513",100% bearish,of 1 rating,N/A
QINC,$19.77,1441224981896,"1,225",Not yet rated,NULL,N/A
AIRR,$16.2801,1441224981917,"16,357",100% bearish,of 1 rating,N/A
FKO,$22.47,1441224981952,312,Not yet rated,NULL,N/A
FDIV,$47.0499,1441224982042,"1,921",100% bearish,of 1 rating,N/A
FSZ,$38.43,1441224982111,"69,486",Not yet rated,NULL,N/A
FTW,$31.5,1441224982318,758,Not yet rated,NULL,N/A
FUNC,$8.15,1441224982375,500,Not yet rated,NULL,N/A
TUSA,$24.32,1441224982424,"3,337",Not yet rated,NULL,N/A
FKU,$41.3017,1441224982450,"70,141",Not yet rated,NULL,N/A
FMER,$17.37,1441224982506,"524,531",50% bullish,of 2 ratings,$20
FSV,$32.225,1441224982584,"31,179",Not yet rated,NULL,$33.60
SVVC,$9.27,1441224982610,"8,164",50% bullish,of 2 ratings,$26
FIVE,$34,1441224982667,"903,634",75% bearish,of 4 ratings,$44
FISV,$84.76,1441224982692,"698,532",100% bearish,of 3 ratings,$90
FPRX,$19.54,1441224982745,"160,578",50% bullish,of 2 ratings,$35
FIVN,$3.83,1441224982891,"73,550",100% bullish,of 1 rating,$8.50
FLKS,$11.8,1441224982916,"31,759",50% bullish,of 2 ratings,$27
FLXN,$26.11,1441224982942,"118,895",100% bearish,of 1 rating,$40
FLML,$22.67,1441224982970,"141,484",50% bullish,of 2 ratings,$30
SKOR,$50.35,1441224983100,"7,650",Not yet rated,NULL,N/A
MBSD,$24.91,1441224983204,315,Not yet rated,NULL,N/A
FLEX,$10.295,1441224983338,"769,903",63% bullish,of 8 ratings,$12
FLDM,$11.3061,1441224983371,"142,528",67% bearish,of 3 ratings,$15
FLIR,$28.29,1441224983392,"632,510",100% bearish,of 2 ratings,$38.50
FLXS,$31.14,1441224983427,"11,675",100% bearish,of 2 ratings,N/A
FFIC,$19.56,1441224983450,"56,770",Not yet rated,NULL,$20.50
FOMX,$10.02,1441224983472,"78,484",50% bullish,of 2 ratings,$23.50
FOGO,$19.29,1441224983507,"62,005",50% bullish,of 2 ratings,$25.50
FONR,$9.77,1441224983687,"7,304",100% bullish,of 1 rating,N/A
FORR,$31.08,1441224983782,"25,626",Not yet rated,NULL,N/A
FES,$0.8678,1441224983816,"34,307",50% bullish,of 2 ratings,$1
FORTY,$31.63,1441224983842,212,100% bearish,of 1 rating,N/A
FORM,$6.4235,1441224983863,"267,247",67% bullish,of 3 ratings,$10.50
FORD,$1.64,1441224984043,"2,093,463",67% bullish,of 3 ratings,N/A
FOSL,$60.58,1441224984222,"279,724",60% bearish,of 5 ratings,$80
FWRD,$43.6586,1441224984249,"147,970",100% bearish,of 1 rating,$50
FWP,$27.23,1441224984276,"72,303",100% bearish,of 1 rating,$45
FBIO,$2.6,1441224984297,"60,590",83% bullish,of 6 ratings,N/A
FXCB,$17.2,1441224984342,"5,197",Not yet rated,NULL,$19
FTNT,$41.91,1441224984364,"559,553",80% bullish,of 10 ratings,$52
FMI,$23.3305,1441224984394,"105,958",100% bearish,of 2 ratings,$27.50
FOXF,$15.37,1441224984434,"14,715",100% bearish,of 1 rating,$19
FRAN,$11.38,1441224984526,"341,694",50% bullish,of 4 ratings,$15
FELE,$27.81,1441224984723,"173,827",50% bullish,of 4 ratings,$33
FREE,$0.3901,1441224984755,"3,799,561",92% bullish,of 12 ratings,N/A
FRED,$12.9,1441224984814,"78,250",50% bullish,of 2 ratings,$15.50
RAIL,$20.7645,1441224984850,"61,975",100% bearish,of 1 rating,$24.50
FTR,$5.19,1441224984942,"12,376,514",78% bullish,of 27 ratings,$6.25
FRPT,$12.36,1441224984968,"253,254",67% bearish,of 3 ratings,$23.50
FTRPR,$102.5,1441224984989,"52,350",100% bearish,of 1 rating,N/A
FTD,$29.53,1441224985164,"25,021",100% bearish,of 1 rating,$40
FSBW,$23.09,1441224985185,"5,080",Not yet rated,NULL,N/A
FEIM,$11.17,1441224985219,"4,158",100% bearish,of 1 rating,N/A
FRPH,$30.99,1441224985318,"2,102",100% bearish,of 1 rating,N/A
FCEL,$0.8708,1441224985351,"733,623",88% bullish,of 41 ratings,$2.65
FTEK,$1.98,1441224985381,"13,229",75% bullish,of 4 ratings,N/A
FULL,$3.1116,1441224985458,"24,716",67% bearish,of 3 ratings,$4.25
FULLL,NULL,1441224985483,0,Not yet rated,NULL,N/A
FSYS,$6.24,1441224985615,"226,633",67% bullish,of 3 ratings,$10
FULT,$11.82,1441224985641,"320,794",100% bearish,of 1 rating,$13
FLL,$1.48,1441224985771,"55,812",75% bullish,of 4 ratings,$3.50
FSNN,$2.14,1441224985800,"8,900",67% bullish,of 3 ratings,$6
FFHL,$0.9947,1441224985830,870,50% bullish,of 4 ratings,N/A
FXENP,$16.05,1441224985860,100,100% bearish,of 1 rating,N/A
FXEN,$1.02,1441224985907,"160,869",75% bullish,of 4 ratings,$1.10
GK,$67.36,1441224985962,"58,738",Not yet rated,NULL,$78
GAIA,$6.03,1441224986037,"183,365",50% bullish,of 2 ratings,$8.50
WILC,$4.906,1441224986068,"2,310",100% bullish,of 2 ratings,N/A
GLPG,$57.93,1441224986171,"10,058",100% bullish,of 1 rating,$75
GALT,$2.11,1441224986243,"55,732",80% bullish,of 5 ratings,N/A
GALTW,$0.55,1441224986271,"5,162",100% bullish,of 1 rating,N/A
GALTU,$5.19,1441224986324,200,100% bearish,of 1 rating,N/A
GLMD,$8.46,1441224986406,"25,439",67% bullish,of 3 ratings,$20.50
GALE,$1.61,1441224986433,"539,526",89% bullish,of 47 ratings,$4
GPIC,$9.76,1441224986457,100,100% bearish,of 1 rating,N/A
GLPI,$30.82,1441224986585,"257,827",100% bearish,of 1 rating,$37.50
GGAC,NULL,1441224986620,0,100% bearish,of 1 rating,N/A
GRMN,$37.22,1441224986656,"507,877",50% bullish,of 6 ratings,$46.50
GGACU,$10.24,1441224986756,100,Not yet rated,NULL,N/A
GGACR,$0.26,1441224986784,"35,000",100% bullish,of 1 rating,N/A
GGACW,$0.1436,1441224986811,"3,816",Not yet rated,NULL,N/A
GARS,$14.388,1441224986853,"33,269",Not yet rated,NULL,$16
GENC,$9.0482,1441224986940,347,100% bearish,of 1 rating,N/A
GNCMA,$16.6941,1441224987046,"70,103",100% bearish,of 1 rating,$12
GFN,$3.76,1441224987071,"7,528",100% bearish,of 2 ratings,$8
GFNCP,NULL,1441224987201,0,Not yet rated,NULL,N/A
GENE,$2.31,1441224987232,"58,601",100% bullish,of 12 ratings,N/A
GFNSL,$25.75,1441224987253,"2,200",Not yet rated,NULL,N/A
GNMK,$9.73,1441224987286,"81,331",67% bullish,of 6 ratings,$14
GHDX,$26.17,1441224987307,"133,340",50% bullish,of 2 ratings,$30
GNCA,$11.25,1441224987336,"95,232",100% bearish,of 1 rating,$20
THRM,$44.93,1441224987549,"101,907",75% bearish,of 4 ratings,$55.50
GNTX,$15.53,1441224987582,"1,112,559",Not yet rated,NULL,$20
GTWN,$18.16,1441224987680,569,Not yet rated,NULL,N/A
GEOS,$17.15,1441224987710,"59,173",100% bearish,of 3 ratings,$21
GNVC,$2.421,1441224987736,"5,196",90% bullish,of 10 ratings,$8.50
GABC,$28.5,1441224987811,"6,942",Not yet rated,NULL,$31
GIGM,$0.5276,1441224987887,"9,679",100% bullish,of 2 ratings,N/A
GERN,$3,1441224987943,"1,150,367",88% bullish,of 16 ratings,$5.25
GEVO,$2.36,1441224987989,"183,337",75% bullish,of 12 ratings,$5
ROCK,$16.68,1441224988019,"90,483",80% bullish,of 5 ratings,$24
GIII,$67.67,1441224988155,"664,141",67% bullish,of 3 ratings,$75
GIGA,$1.44,1441224988176,"35,358",100% bearish,of 1 rating,N/A
GILT,$4.1714,1441224988211,"1,536",50% bullish,of 2 ratings,N/A
GILD,$103.62,1441224988257,"4,817,502",91% bullish,of 87 ratings,$129
GBCI,$25.74,1441224988343,"172,248",50% bullish,of 2 ratings,$31
GLAD,$8.6989,1441224988408,"86,083",50% bullish,of 2 ratings,$8.75
GOOD,$14.25,1441224988616,"49,196",Not yet rated,NULL,$19
GLADO,$25.5,1441224988641,"1,427",Not yet rated,NULL,N/A
GAIN,$7.43,1441224989327,"73,687",100% bullish,of 2 ratings,$8.25
GAINN,$25.332,1441224989360,"57,696",Not yet rated,NULL,N/A
LAND,$9.24,1441224989383,"18,491",50% bullish,of 2 ratings,$13.75
GAINO,$25.19,1441224989413,1,Not yet rated,NULL,N/A
GOODO,$25.4599,1441224989435,203,Not yet rated,NULL,N/A
GOODN,$25.609,1441224989469,100,Not yet rated,NULL,N/A
GAINP,$25.64,1441224989494,"6,844",Not yet rated,NULL,N/A
GOODP,$25.1,1441224989515,"1,312",Not yet rated,NULL,N/A
GLBZ,NULL,1441224989725,0,Not yet rated,NULL,N/A
GBT,$51.79,1441224989756,"124,583",100% bearish,of 1 rating,N/A
GDEF,$10.65,1441224989794,400,Not yet rated,NULL,N/A
ENT,$10.98,1441224989861,"46,091",100% bearish,of 1 rating,$18
GSOL,$8.24,1441224990041,"15,035",100% bearish,of 1 rating,N/A
GBLI,$27.17,1441224990071,"8,174",Not yet rated,NULL,N/A
GPACU,NULL,1441224990110,0,Not yet rated,NULL,N/A
ACTX,$13.0399,1441224990141,"3,300",100% bullish,of 1 rating,N/A
SOCL,$17.27,1441224990174,"35,315",100% bullish,of 2 ratings,N/A
QQQC,$18.335,1441224990205,"6,800",100% bearish,of 1 rating,N/A
ALTY,$14.04,1441224990237,660,Not yet rated,NULL,N/A
SRET,$12.9145,1441224990302,"2,873",Not yet rated,NULL,N/A
YLCO,$11.5505,1441224990383,"1,260",Not yet rated,NULL,N/A
GAI,$6.22,1441224990413,"1,400",50% bullish,of 2 ratings,N/A
GBIM,$2.47,1441224990518,"6,377",50% bullish,of 2 ratings,N/A
GSM,$13.6,1441224990569,"147,964",50% bullish,of 2 ratings,$22
GLBS,$1.04,1441224990666,500,67% bullish,of 3 ratings,N/A
GLUU,$4.34,1441224990796,"980,825",92% bullish,of 26 ratings,$9
GLYC,$6.96,1441224990821,"1,400",50% bullish,of 2 ratings,$14
GLRI,$1.06,1441224990849,"39,807",100% bearish,of 1 rating,$4.25
GLNG,$38.84,1441224990879,"483,254",83% bullish,of 6 ratings,$55.50
GOGO,$16.335,1441224990905,"481,830",80% bullish,of 5 ratings,$25
GMLP,$20.32,1441224990977,"103,084",50% bullish,of 4 ratings,$29
GLDC,$4.0981,1441224991074,"2,150",50% bullish,of 2 ratings,N/A
GBDC,$17.04,1441224991126,"128,318",Not yet rated,NULL,$17.75
GDEN,$8.91,1441224991163,"8,925",50% bullish,of 2 ratings,N/A
GOGL,$3.03,1441224991212,"170,117",75% bullish,of 4 ratings,$5
GOOG,$611.3,1441224991255,"886,657",88% bullish,of 73 ratings,$787.50
GTIM,$6.8,1441224991448,"22,595",Not yet rated,NULL,$11.50
GOOGL,$644.91,1441224991475,"582,519",88% bullish,of 1082 ratings,$749
GPRO,$41.28,1441224991508,"11,702,767",78% bullish,of 58 ratings,$72
GPIAW,NULL,1441224991610,0,Not yet rated,NULL,N/A
GPIA,NULL,1441224991637,0,100% bearish,of 1 rating,N/A
GMAN,$3.69,1441224991663,"26,637",60% bullish,of 5 ratings,$8.50
GPIAU,$9.96,1441224991690,"4,600",Not yet rated,NULL,N/A
GBSN,$0.21,1441224991856,"4,651,715",50% bullish,of 2 ratings,$8.25
LOPE,$36.72,1441224991893,"103,359",100% bearish,of 2 ratings,$50
GBSNU,NULL,1441224991911,0,NULL,NULL,NULL
GRVY,NULL,1441224991987,0,50% bullish,of 2 ratings,N/A
GSBC,$40.46,1441224992015,"14,837",100% bullish,of 1 rating,$44
GLDD,$5.47,1441224992045,"107,436",100% bearish,of 4 ratings,$7.75
GNBC,$11.81,1441224992202,"4,996",100% bearish,of 1 rating,$16.50
GRBK,$11.87,1441224992328,"105,794",77% bullish,of 13 ratings,N/A
GPP,$14.5,1441224992354,"33,821",Not yet rated,NULL,$20.50
GPRE,$20.23,1441224992381,"221,887",67% bullish,of 6 ratings,$28.50
GCBC,$28.5,1441224992429,101,100% bullish,of 1 rating,N/A
GRFS,$29.75,1441224992520,"395,205",50% bullish,of 2 ratings,$35
GLRE,$24.9319,1441224992591,"144,334",50% bullish,of 2 ratings,$41
OMAB,$41.34,1441224992656,"14,576",100% bullish,of 1 rating,$44
GRPN,$4.35,1441224992720,"1,987,308",61% bullish,of 71 ratings,$6.75
GRIF,NULL,1441224992741,0,100% bearish,of 1 rating,N/A
GSIG,$12.87,1441224992786,"12,259",100% bearish,of 2 ratings,N/A
GSIT,$4.6,1441224992822,"9,100",100% bearish,of 1 rating,N/A
GGAL,$18.59,1441224992853,"83,645",80% bullish,of 5 ratings,$40
GBNK,$15.82,1441224992953,"65,636",100% bearish,of 1 rating,$18
GSVC,$8.8,1441224992985,"37,089",50% bullish,of 2 ratings,$15.75
GTXI,$0.8801,1441224993031,"17,437",100% bullish,of 5 ratings,$.75
GFED,$14.97,1441224993056,300,Not yet rated,NULL,$17
GUID,$6.96,1441224993219,"85,862",100% bearish,of 3 ratings,$10
GULTU,$0.3164,1441224993324,"57,823",100% bearish,of 1 rating,N/A
GIFI,$12.5,1441224993379,"38,563",100% bearish,of 1 rating,$16
GPOR,$34.18,1441224993457,"566,932",75% bullish,of 4 ratings,$54
GYRO,$30.5,1441224993514,"5,400",100% bearish,of 1 rating,N/A
GURE,$1.67,1441224993535,"24,618",88% bullish,of 8 ratings,N/A
GWPH,$105.2394,1441224993567,"84,628",78% bullish,of 9 ratings,$148.50
GWGH,$8.12,1441224993588,100,100% bearish,of 1 rating,$15.05
HEES,$18.73,1441224993617,"254,924",67% bearish,of 3 ratings,$31
HLG,$8.9,1441224993908,100,100% bearish,of 1 rating,N/A
HALL,$11.38,1441224993929,"5,085",Not yet rated,NULL,N/A
HALO,$17.42,1441224993960,"392,175",67% bullish,of 3 ratings,$22.50
HBK,NULL,1441224993982,0,50% bullish,of 2 ratings,N/A
HNRG,$7.66,1441224994007,"38,409",100% bearish,of 1 rating,$10
HBHC,$26.94,1441224994035,"253,896",50% bullish,of 2 ratings,$30
HMPR,$1.85,1441224994066,"21,480",100% bullish,of 1 rating,N/A
HBHCL,$24.29,1441224994321,"40,485",Not yet rated,NULL,N/A
HNSN,$0.544,1441224994347,"28,987",88% bullish,of 8 ratings,$.40
HQCL,$12.52,1441224994379,"13,237",67% bullish,of 3 ratings,$14
HNH,$24.6789,1441224994420,"19,567",100% bullish,of 1 rating,N/A
HAFC,$23.72,1441224994481,"34,580",100% bullish,of 2 ratings,$28.50
HDNG,$10.0104,1441224994506,"5,247",50% bullish,of 4 ratings,N/A
HLIT,$5.7,1441224994647,"147,808",100% bearish,of 1 rating,$6.50
HRMNU,$10.22,1441224994683,700,Not yet rated,NULL,N/A
HRMN,NULL,1441224994708,0,Not yet rated,NULL,N/A
HART,$1.15,1441224994781,"179,390",100% bearish,of 1 rating,N/A
HRMNW,$0.4375,1441224994807,100,Not yet rated,NULL,N/A
TINY,$2.43,1441224994839,"17,458",50% bullish,of 2 ratings,$5.26
HCAP,$11.925,1441224994875,"2,257",50% bullish,of 2 ratings,$15
HBIO,$4.39,1441224994904,"46,687",100% bearish,of 1 rating,$10
HAS,$74.51,1441224995120,"1,283,766",63% bullish,of 8 ratings,$84.50
HCAPL,$25.7399,1441224995155,450,Not yet rated,NULL,N/A
HA,$23.915,1441224995288,"431,119",67% bullish,of 9 ratings,$27
HWKN,$38.41,1441224995317,"6,092",Not yet rated,NULL,N/A
HCOM,$21.765,1441224995416,"3,913",100% bearish,of 1 rating,$28
HAYN,$38.37,1441224995448,"23,620",100% bearish,of 1 rating,$59
HWBK,$13.56,1441224995474,300,100% bearish,of 1 rating,N/A
HDS,$32.17,1441224995495,"1,221,602",100% bearish,of 2 ratings,$39.50
HCSG,$32.72,1441224995528,"132,569",50% bullish,of 4 ratings,$35
HIIQ,$4.77,1441224995553,"21,834",50% bullish,of 2 ratings,$7
HSTM,$24.22,1441224995726,"83,265",50% bullish,of 2 ratings,$33.75
HQY,$29.94,1441224995759,"105,758",67% bullish,of 3 ratings,$35
HTLD,$20.0284,1441224995829,"294,960",Not yet rated,NULL,$22.50
HTLF,$35.83,1441224995858,"7,712",100% bullish,of 1 rating,$39.50
HWAY,$11.99,1441224995886,"106,965",100% bearish,of 1 rating,$15
HTWR,$64.01,1441224995938,"2,209,833",50% bullish,of 2 ratings,$103
HTBX,$4.01,1441224996116,"32,960",50% bullish,of 2 ratings,$15.50
HELE,$82.005,1441224996186,"96,822",67% bearish,of 3 ratings,$100
HERO,NULL,1441224996211,0,NULL,NULL,NULL
HMTV,$13.47,1441224996240,"4,626",100% bearish,of 1 rating,$16
HSII,$19.96,1441224996273,"19,484",100% bullish,of 3 ratings,$25
HMNY,NULL,1441224996294,0,100% bearish,of 1 rating,N/A
HCACU,$9.99,1441224996314,700,Not yet rated,NULL,N/A
HSIC,$135.38,1441224996378,"188,342",83% bullish,of 6 ratings,$146
HNNA,$24.65,1441224996598,"4,694",Not yet rated,NULL,N/A
HFWA,$17.5,1441224996655,"112,901",100% bullish,of 1 rating,$20
HCCI,$11.74,1441224996683,"17,455",100% bearish,of 1 rating,$16.50
HEOP,$7.6,1441224996704,"7,549",Not yet rated,NULL,$8.50
HTBK,$10.3,1441224996733,"52,737",Not yet rated,NULL,$12
MLHR,$26.55,1441224996966,"228,086",50% bullish,of 2 ratings,$33.50
HRTX,$36.86,1441224996998,"490,212",57% bullish,of 7 ratings,$41
HFFC,$16,1441224997029,"10,032",Not yet rated,NULL,N/A
HSKA,$34.485,1441224997050,"43,340",100% bearish,of 1 rating,$38
HPJ,$2.1599,1441224997086,"30,722",75% bullish,of 4 ratings,$12.43
HIBB,$38.47,1441224997118,"213,475",100% bearish,of 1 rating,$46.50
HIMX,$6.925,1441224997183,"1,357,370",86% bullish,of 21 ratings,$8.50
HIHO,$4.156,1441224997213,"10,259",Not yet rated,NULL,N/A
HIFS,$114.04,1441224997347,"8,688",Not yet rated,NULL,N/A
HSGX,$6.03,1441224997374,"1,104",100% bearish,of 1 rating,$17
HMNF,$11.39,1441224997519,300,Not yet rated,NULL,N/A
HMSY,$9.83,1441224997687,"476,926",67% bullish,of 3 ratings,$19.35
HOLI,$16.6874,1441224997757,"131,016",50% bullish,of 4 ratings,$27
HOLX,$37.88,1441224997840,"2,091,988",50% bullish,of 4 ratings,$42
HOMB,$37.1504,1441224997870,"68,122",Not yet rated,NULL,$42
HFBL,$22,1441224997903,700,Not yet rated,NULL,N/A
HBCP,$24.8,1441224997924,307,Not yet rated,NULL,$29
HMST,$21.7084,1441224997972,"80,085",100% bullish,of 2 ratings,$27
HMIN,$25.38,1441224998001,"46,535",100% bearish,of 2 ratings,$35
AWAY,$28.01,1441224998107,"500,059",67% bullish,of 3 ratings,$36
HTBI,$18.03,1441224998239,"42,904",67% bullish,of 3 ratings,$18.625
CETC,$0.7707,1441224998267,"45,690",86% bullish,of 7 ratings,N/A
HKTV,$4.32,1441224998292,"16,688",100% bearish,of 1 rating,N/A
HOFT,$23.68,1441224998318,"52,409",100% bearish,of 1 rating,N/A
HBNC,$23.78,1441224998479,"5,354",100% bullish,of 1 rating,$27
HFBC,$11.45,1441224998515,"2,300",Not yet rated,NULL,N/A
HZNP,$30.01,1441224998562,"723,006",85% bullish,of 20 ratings,$40
HRZN,$10.4301,1441224998665,"9,578",50% bullish,of 2 ratings,$14.25
ZINC,$7.215,1441224998699,"748,628",100% bearish,of 1 rating,$17
HMHC,$22.2,1441224998730,"529,820",Not yet rated,NULL,$27
HWCC,$7.52,1441224998796,"73,201",100% bearish,of 1 rating,$9
HDP,$23.45,1441224998832,"183,034",67% bearish,of 3 ratings,$30.50
HOVNP,$3.8775,1441224998933,"5,300",100% bearish,of 1 rating,N/A
HBMD,$13.832,1441224998961,249,100% bearish,of 1 rating,N/A
HSNI,$59.98,1441224998992,"77,606",Not yet rated,NULL,$80
HTGM,$5.58,1441224999126,"3,203",100% bearish,of 1 rating,$19.50
HUBG,$37.69,1441224999284,"65,090",100% bearish,of 1 rating,$43
HCBK,$9.12,1441224999413,"1,430,860",83% bullish,of 6 ratings,$8.61
HURN,$72.05,1441224999445,"77,848",50% bullish,of 2 ratings,$80
HDSN,$3.1,1441224999467,"7,900",100% bullish,of 1 rating,$6.25
HBANP,$1325.0025,1441224999500,39,100% bearish,of 1 rating,N/A
HBAN,$10.585,1441224999531,"3,219,681",76% bullish,of 17 ratings,$12.29
HSON,$2.66,1441224999552,"20,643",100% bearish,of 1 rating,$5
HURC,$29.39,1441224999584,"12,038",100% bearish,of 1 rating,N/A
HTCH,$1.4368,1441224999725,"69,495",100% bearish,of 1 rating,$3.50
HDRA,NULL,1441224999858,0,Not yet rated,NULL,N/A
HDRAR,NULL,1441224999886,0,Not yet rated,NULL,N/A
HBP,$3.14,1441224999912,"6,628",100% bullish,of 1 rating,N/A
HDRAW,NULL,1441224999988,0,Not yet rated,NULL,N/A
HDRAU,$10.18,1441225000047,900,Not yet rated,NULL,N/A
IDSY,$3.7,1441225000255,"80,200",100% bearish,of 1 rating,$7
HYGS,$8.81,1441225000301,"32,767",50% bullish,of 2 ratings,$13
IKGH,$1.43,1441225000440,"14,700",75% bullish,of 4 ratings,N/A
IBKC,$59.32,1441225000472,"52,477",100% bullish,of 1 rating,$70
IEP,$69.18,1441225000506,"60,081",75% bullish,of 4 ratings,$99
IACI,$70.13,1441225000527,"471,273",80% bullish,of 5 ratings,$90
ICAD,$3.7,1441225000575,"32,037",100% bullish,of 2 ratings,$7.25
ICFI,$34.14,1441225000601,"40,565",50% bullish,of 2 ratings,$48.50
ICLR,$75.82,1441225000812,"234,296",100% bearish,of 3 ratings,$85
ICON,$13.067,1441225000859,"402,578",50% bullish,of 2 ratings,$28
IDRA,$2.88,1441225001127,"413,272",89% bullish,of 9 ratings,$6.50
DSKY,$10.89,1441225001152,"41,458",67% bullish,of 6 ratings,$11.50
INVE,$4.47,1441225001177,"28,257",75% bullish,of 4 ratings,$4
IPWR,$7.455,1441225001206,"7,941",100% bullish,of 1 rating,$15
ICUI,$111.3,1441225001233,"107,466",Not yet rated,NULL,$122
IDXX,$72.91,1441225001254,"253,163",100% bearish,of 1 rating,$76
IRG,$4.97,1441225001395,"8,716",100% bearish,of 1 rating,$4.25
KANG,$15.54,1441225001467,"264,198",50% bullish,of 2 ratings,$23.10
RXDX,$14.34,1441225001502,"70,666",100% bullish,of 1 rating,$20
IKAN,$2.73,1441225001605,"18,983",83% bullish,of 6 ratings,$5
IROQ,$17,1441225001633,400,100% bullish,of 1 rating,N/A
IIVI,$16.44,1441225001708,"125,957",100% bearish,of 1 rating,$22
IKNX,$12.2395,1441225001766,100,100% bearish,of 1 rating,N/A
ILMN,$197.02,1441225001791,"276,096",80% bullish,of 5 ratings,$245
IMMR,$11.63,1441225001962,"129,311",80% bullish,of 5 ratings,$15.50
ISNS,$4.12,1441225002019,"6,694",50% bullish,of 2 ratings,N/A
ICCC,$6.89,1441225002102,"24,155",100% bullish,of 1 rating,N/A
IMDZ,$16.1074,1441225002150,"35,126",100% bearish,of 1 rating,$33
IMGN,$13.34,1441225002179,"339,001",75% bullish,of 4 ratings,$17.50
IMNP,$1.2399,1441225002212,"46,849",50% bullish,of 2 ratings,$6
IPXL,$41.02,1441225002238,"209,406",67% bullish,of 3 ratings,$46.50
IMMU,$2.16,1441225002311,"340,661",86% bullish,of 7 ratings,$2
IMMY,$7.89,1441225002397,"2,403",100% bearish,of 1 rating,$11
INCR,$42.59,1441225002552,"257,782",50% bullish,of 2 ratings,$53
INCY,$122.24,1441225002579,"1,014,920",50% bullish,of 6 ratings,$125.50
SAAS,$7.1415,1441225002605,"425,253",50% bullish,of 2 ratings,$15
INDB,$44,1441225002845,"62,779",Not yet rated,NULL,$44
IBTX,$40.17,1441225002882,"8,270",100% bullish,of 2 ratings,$47.25
INFN,$21.95,1441225002911,"464,911",71% bullish,of 7 ratings,$28
IBCP,$14.11,1441225002933,"46,486",100% bullish,of 1 rating,$14.50
IDSA,NULL,1441225002964,0,Not yet rated,NULL,N/A
INFI,$8.97,1441225002990,"211,693",50% bullish,of 4 ratings,$16.50
III,$3.74,1441225003011,"67,436",57% bullish,of 7 ratings,$6
IPCC,$76,1441225003148,"13,528",Not yet rated,NULL,$77.50
IFON,$1.29,1441225003282,"11,624",75% bullish,of 4 ratings,N/A
IMKTA,$49.709,1441225003312,"76,298",100% bearish,of 1 rating,N/A
INNL,NULL,1441225003385,0,100% bearish,of 1 rating,$16.50
INWK,$7.05,1441225003410,"63,364",50% bullish,of 2 ratings,$10
INOD,$2.35,1441225003457,"2,237",100% bearish,of 1 rating,N/A
IPHS,$46.68,1441225003656,"37,458",100% bearish,of 1 rating,$60
IOSP,$49.64,1441225003739,"181,313",100% bearish,of 1 rating,N/A
INGN,$50.73,1441225003773,"102,258",100% bearish,of 1 rating,$50.50
ITEK,$13.92,1441225003806,"584,853",100% bearish,of 3 ratings,$20
INOV,$21.69,1441225003827,"231,133",100% bearish,of 1 rating,$33
ISSC,$2.81,1441225003848,"17,000",67% bearish,of 3 ratings,N/A
INO,$7.175,1441225003889,"510,364",89% bullish,of 18 ratings,$20
NSIT,$24.69,1441225003914,"108,974",50% bullish,of 2 ratings,N/A
INSM,$24.92,1441225004131,"164,337",71% bullish,of 7 ratings,$31.50
ISIG,$2.7,1441225004188,"5,550",100% bearish,of 1 rating,N/A
IIIN,$17.4,1441225004326,"18,097",100% bearish,of 2 ratings,N/A
PODD,$28.58,1441225004394,"118,230",67% bearish,of 3 ratings,$35
INSY,$33.5956,1441225004432,"287,836",75% bullish,of 4 ratings,$48
IART,$60.13,1441225004462,"162,292",100% bearish,of 2 ratings,$71.50
NTEC,$5.66,1441225004483,"4,620",100% bearish,of 1 rating,N/A
ISSI,$21.8,1441225004566,"90,395",67% bullish,of 3 ratings,$19.75
IESC,$7.12,1441225004612,"1,805",100% bearish,of 1 rating,N/A
IDTI,$18.86,1441225004637,"816,672",60% bullish,of 5 ratings,$25
INTC,$28.44,1441225005152,"16,184,708",82% bullish,of 238 ratings,$36
IQNT,$18.5,1441225005283,"101,712",86% bullish,of 7 ratings,$20
IPCI,$2.31,1441225005313,"31,758",67% bullish,of 6 ratings,$8
IPAR,$25.02,1441225005415,"28,985",67% bullish,of 3 ratings,$38
IBKR,$37.85,1441225005450,"541,659",100% bullish,of 1 rating,N/A
ININ,$34.93,1441225005845,"44,547",67% bearish,of 3 ratings,$57
ICPT,$188.45,1441225007695,"92,357",70% bullish,of 10 ratings,$359.50
ICLDW,$1.17,1441225008379,200,100% bearish,of 1 rating,N/A
ICLD,$1.89,1441225008427,"119,022",75% bullish,of 4 ratings,N/A
IMI,$2.01,1441225008571,"6,244",67% bullish,of 3 ratings,$2.22
IBOC,$24.87,1441225008610,"66,425",100% bearish,of 1 rating,N/A
IDCC,$48.61,1441225008647,"92,289",80% bullish,of 5 ratings,$63
TILE,$24.04,1441225008668,"276,488",100% bearish,of 3 ratings,$27
ISCA,$32.27,1441225008741,"46,968",100% bearish,of 1 rating,N/A
IGLD,$7.35,1441225008771,520,50% bullish,of 2 ratings,N/A
INAP,$9.1,1441225008792,"333,330",75% bullish,of 4 ratings,$11
IIJI,$8.46,1441225008924,"1,694",50% bullish,of 2 ratings,$11.50
PTNT,$3.02,1441225008992,200,Not yet rated,NULL,N/A
INTX,$2.0499,1441225009020,"38,496",67% bullish,of 3 ratings,N/A
INPH,NULL,1441225009041,0,50% bullish,of 2 ratings,N/A
XENT,$25.83,1441225009076,"62,668",50% bullish,of 2 ratings,$36.50
ISIL,$10.41,1441225009175,"528,261",50% bullish,of 6 ratings,$15
IILG,$19.59,1441225009242,"29,180",100% bearish,of 1 rating,$29
INTL,$25.42,1441225009423,"60,724",67% bearish,of 3 ratings,N/A
INTLL,$25.95,1441225009449,"6,250",Not yet rated,NULL,N/A
IVAC,$4.63,1441225009470,"20,984",100% bearish,of 1 rating,$6.625
IIN,$6.61,1441225009604,"1,800",100% bearish,of 1 rating,$12
ISRG,$511.13,1441225009632,"94,041",67% bullish,of 3 ratings,$600
ITCI,$27.12,1441225009659,"652,072",75% bearish,of 4 ratings,$40
INVT,$0.3097,1441225009680,"152,500",67% bullish,of 3 ratings,N/A
INTU,$85.83,1441225009713,"1,017,692",86% bullish,of 7 ratings,$107.50
ITIC,$71.12,1441225009867,600,100% bearish,of 2 ratings,N/A
SNAK,$8.365,1441225009893,"32,904",50% bullish,of 2 ratings,$14
ISTR,$15.535,1441225009914,"2,449",100% bearish,of 1 rating,$18.50
IVTY,$13.8007,1441225010059,"8,348",Not yet rated,NULL,$18
NVIV,$9.38,1441225010090,"89,086",50% bullish,of 4 ratings,$24.50
ISBC,$11.555,1441225010111,"1,702,819",100% bullish,of 1 rating,$13.25
IPAS,$1.02,1441225010192,"258,243",67% bullish,of 3 ratings,N/A
DTUL,NULL,1441225010319,0,Not yet rated,NULL,N/A
DFVL,NULL,1441225010346,0,Not yet rated,NULL,N/A
IPCM,$79.5,1441225010367,"176,454",50% bullish,of 2 ratings,$80.125
IPGP,$83.83,1441225010504,"190,484",67% bearish,of 3 ratings,$109.50
IRDM,$6.93,1441225010534,"1,363,189",60% bullish,of 5 ratings,$11.50
IRMD,$23.34,1441225010560,"15,107",67% bearish,of 3 ratings,$25
IRIX,$6.72,1441225010581,"7,139",100% bearish,of 1 rating,N/A
IRDMB,$272.64,1441225010617,"11,747",67% bearish,of 3 ratings,N/A
IRBT,$29.41,1441225010716,"105,954",67% bullish,of 6 ratings,$37
IRWD,$11.06,1441225010848,"703,764",100% bearish,of 1 rating,$13
IRCP,NULL,1441225010901,0,100% bullish,of 2 ratings,N/A
IFAS,NULL,1441225010924,0,NULL,NULL,NULL
FCHI,NULL,1441225010979,0,NULL,NULL,NULL
GNMA,$50.2,1441225011004,"1,086",Not yet rated,NULL,N/A
COMT,$33.27,1441225011029,"18,106",100% bearish,of 1 rating,N/A
IFNA,NULL,1441225011162,0,NULL,NULL,NULL
ACWX,$39.86,1441225011257,"694,326",100% bearish,of 1 rating,N/A
AAIT,NULL,1441225011289,0,NULL,NULL,NULL
IFGL,$27.93,1441225011313,"35,113",Not yet rated,NULL,N/A
IFEU,$37.6152,1441225011333,"8,089",Not yet rated,NULL,N/A
AXJS,NULL,1441225011367,0,NULL,NULL,NULL
AAXJ,$52.13,1441225011397,"1,396,241",Not yet rated,NULL,N/A
ACWI,$54.79,1441225011468,"3,435,041",Not yet rated,NULL,N/A
EEMA,$49.24,1441225011559,"32,496",Not yet rated,NULL,N/A
EMDI,NULL,1441225011597,0,NULL,NULL,NULL
EEME,NULL,1441225011619,0,NULL,NULL,NULL
EMEY,NULL,1441225011743,0,NULL,NULL,NULL
EGRW,NULL,1441225011767,0,NULL,NULL,NULL
EVAL,NULL,1441225011843,0,NULL,NULL,NULL
EUFN,$21.445,1441225011919,"62,355",100% bearish,of 1 rating,N/A
EEML,$26.6707,1441225011951,250,Not yet rated,NULL,N/A
IEUS,$44.65,1441225011984,"12,614",100% bearish,of 1 rating,N/A
QAT,$21.33,1441225012050,4,Not yet rated,NULL,N/A
UAE,$17.535,1441225012077,"10,879",Not yet rated,NULL,N/A
IBB,$343.51,1441225012109,"553,111",63% bullish,of 8 ratings,N/A
SOXX,$81.58,1441225012210,"275,868",50% bullish,of 2 ratings,N/A
EMIF,$27.8376,1441225012300,"6,782",Not yet rated,NULL,N/A
WOOD,$47.02,1441225012432,"24,393",50% bullish,of 2 ratings,N/A
ICLN,$9.26,1441225012460,"28,150",50% bullish,of 2 ratings,N/A
INDY,$26.75,1441225012507,"58,151",50% bullish,of 2 ratings,N/A
ISHG,$79.81,1441225012565,"13,324",100% bearish,of 1 rating,N/A
IGOV,$90.6644,1441225012590,"55,255",100% bearish,of 1 rating,N/A
ISIS,$51.75,1441225012640,"679,409",53% bullish,of 15 ratings,$67
ISLE,$19.08,1441225012722,"898,985",50% bullish,of 4 ratings,$16
ITRI,$29.27,1441225012861,"127,850",100% bearish,of 1 rating,$37
ISRL,$126.18,1441225012890,2,100% bearish,of 1 rating,N/A
ITRN,$23.82,1441225012918,"1,707",50% bullish,of 2 ratings,N/A
ITUS,$4.0799,1441225013053,"3,800",Not yet rated,NULL,N/A
IXYS,$11.24,1441225013083,"102,000",50% bullish,of 4 ratings,N/A
XXIA,$15.2,1441225013104,"152,384",71% bullish,of 7 ratings,$14.625
JJSF,$113.1,1441225013134,"29,590",100% bearish,of 1 rating,N/A
MAYS,$57,1441225013267,300,Not yet rated,NULL,N/A
JBHT,$73.77,1441225013297,"806,744",50% bullish,of 4 ratings,$89.50
JCOM,$66.83,1441225013376,"181,952",100% bullish,of 2 ratings,$77
JASO,$7.9,1441225013406,"502,396",82% bullish,of 17 ratings,$10
JKHY,$66.9,1441225013485,"254,736",67% bearish,of 3 ratings,$72
JACK,$78.04,1441225013513,"234,198",71% bullish,of 7 ratings,$105
JXSB,$24,1441225013542,798,Not yet rated,NULL,N/A
JAXB,NULL,1441225013587,0,100% bullish,of 1 rating,N/A
JAGX,$3.4,1441225013646,"5,304",Not yet rated,NULL,$10.50
JRVR,$27.09,1441225013782,"68,437",Not yet rated,NULL,$32
JMBA,$14.41,1441225013834,"100,252",75% bullish,of 4 ratings,$18
JAKK,$9.55,1441225013862,"226,499",60% bearish,of 5 ratings,$11
ERW,NULL,1441225013969,0,Not yet rated,NULL,N/A
JASN,$4.86,1441225014016,"10,653",50% bullish,of 2 ratings,$9.50
JAZZ,$167.71,1441225014043,"104,049",80% bullish,of 15 ratings,$206.50
JASNW,$0.3635,1441225014068,"2,848",50% bullish,of 2 ratings,N/A
JD,$24.74,1441225014105,"3,456,601",75% bullish,of 16 ratings,$36
JBLU,$23.43,1441225014302,"4,822,202",94% bullish,of 18 ratings,$27
JTPY,NULL,1441225014401,0,100% bearish,of 1 rating,N/A
DATE,$6.32,1441225014427,"51,130",75% bullish,of 4 ratings,$9
JST,$3.79,1441225014456,"3,770",75% bullish,of 4 ratings,N/A
JCTCF,$9.65,1441225014477,100,100% bullish,of 1 rating,N/A
JOEZ,$0.18,1441225014514,"143,535",92% bullish,of 12 ratings,N/A
JIVE,$4.64,1441225014607,"133,966",75% bullish,of 4 ratings,$5
WYIGU,NULL,1441225014645,0,100% bearish,of 1 rating,N/A
JOUT,$24.55,1441225014811,"9,316",100% bearish,of 1 rating,$34
JNP,$11.71,1441225014838,"73,276",100% bullish,of 3 ratings,$15
JBSS,$50.0949,1441225014860,"24,824",67% bearish,of 3 ratings,N/A
JUNO,$35.84,1441225014919,"521,251",73% bullish,of 11 ratings,$71.50
KTWO,$20.98,1441225015051,"55,756",100% bearish,of 1 rating,$28.50
KALU,$82.21,1441225015081,"101,374",67% bearish,of 3 ratings,$91
