Symbol,Price,Date,Volume,Rating,RatingVoteCount,OneYearEstimate
TFSC,NULL,1441725602164,0,100% bearish,of 1 rating,N/A
FCCY,$11.56,1441725602195,100,100% bullish,of 1 rating,$13
TFSCR,NULL,1441725602295,0,Not yet rated,NULL,N/A
TFSCW,$0.3,1441725602365,"4,500",100% bearish,of 1 rating,N/A
PIH,$7.54,1441725602496,503,100% bearish,of 1 rating,N/A
VNET,$18.3,1441725602547,"118,707",60% bullish,of 5 ratings,$35
TFSCU,NULL,1441725602571,0,Not yet rated,NULL,N/A
SRCE,$30.46,1441725602597,"4,652",100% bullish,of 3 ratings,$33
TWOU,$35.56,1441725602619,"64,199",50% bullish,of 2 ratings,$39
FLWS,$8.61,1441725602647,"51,337",80% bullish,of 5 ratings,$15
FCTY,$7.77,1441725602868,112,100% bullish,of 1 rating,$8.50
JOBS,$26.79,1441725602894,"24,197",50% bullish,of 4 ratings,$36
DSLV,$65.84,1441725602968,"10,452",100% bearish,of 1 rating,N/A
DGLD,$83.1,1441725603111,"2,837",100% bullish,of 1 rating,N/A
UGLD,$8.98,1441725603162,"34,577",100% bearish,of 1 rating,N/A
USLV,$13.0592,1441725603266,"61,654",86% bullish,of 7 ratings,N/A
SIXD,$2.8,1441725603437,"6,552",Not yet rated,NULL,N/A
CAFD,$14.54,1441725603544,"31,245",Not yet rated,NULL,$24.50
AVHI,$13.74,1441725603671,"1,984",100% bearish,of 1 rating,$19
AAON,$19.71,1441725603702,"11,891",100% bearish,of 1 rating,$24
ABAX,$47.91,1441725603771,"15,902",100% bearish,of 1 rating,$60
ABEO,$4.81,1441725603801,"8,555",50% bullish,of 4 ratings,$15.50
ABGB,$5.7,1441725603938,"28,093",67% bullish,of 3 ratings,$5.50
EGHT,$7.88,1441725603990,"44,683",82% bullish,of 17 ratings,$11
SHLM,$32.46,1441725604092,"30,456",100% bearish,of 1 rating,$47
ABY,$20.22,1441725604117,"790,806",100% bearish,of 2 ratings,$46
ABMD,$94.67,1441725604144,"95,107",75% bullish,of 4 ratings,$100.50
ABEOW,$1.7101,1441725604298,100,100% bullish,of 1 rating,N/A
AXAS,$1.705,1441725604375,"255,389",78% bullish,of 9 ratings,$3.50
AXDX,$18.72,1441725604694,"31,286",100% bearish,of 1 rating,N/A
XLRN,$30.21,1441725604743,"46,014",50% bullish,of 2 ratings,$57
ACAD,$39.8,1441725604877,"183,543",80% bullish,of 20 ratings,$48
ARAY,$6.59,1441725604908,"93,483",100% bearish,of 1 rating,$10.50
ACST,$0.3,1441725604933,"10,040",100% bullish,of 2 ratings,N/A
ACHC,$73.18,1441725605008,"91,620",50% bullish,of 2 ratings,$92
ANCX,$20.35,1441725605137,"10,481",Not yet rated,NULL,$20
ACTG,$9.35,1441725605162,"72,629",67% bullish,of 3 ratings,$18.50
VXDN,$1.8601,1441725605234,"3,469",100% bearish,of 1 rating,N/A
ACRX,$4.0701,1441725605364,"255,131",67% bearish,of 6 ratings,$7
VXUP,$1.6,1441725605390,"20,934",100% bearish,of 1 rating,N/A
AKAO,$6.91,1441725605411,"7,763",75% bullish,of 4 ratings,$15
ACET,$22.84,1441725605447,"20,746",75% bullish,of 4 ratings,$30
ACHN,$8.01,1441725605610,"2,070,356",90% bullish,of 21 ratings,$16
ACIW,$21.38,1441725605715,"49,324",67% bearish,of 3 ratings,$24
ACNB,$20.12,1441725605848,300,Not yet rated,NULL,N/A
ACOR,$32.58,1441725605930,"41,142",67% bearish,of 3 ratings,$38.50
ATVI,$28.425,1441725606064,"1,570,809",67% bullish,of 84 ratings,$31.50
ADMP,$3.7807,1441725606096,"5,480",50% bullish,of 2 ratings,$10
ACPW,$1.9372,1441725606122,"15,983",100% bullish,of 4 ratings,$3.25
ACTS,$1.59,1441725606398,"3,400",100% bearish,of 1 rating,N/A
ACXM,$20.69,1441725606447,"24,142",67% bullish,of 3 ratings,N/A
ACUR,$2.93,1441725606480,"2,900",100% bullish,of 5 ratings,$5
ADAP,$10.99,1441725606509,"1,445",67% bullish,of 3 ratings,$22
ACTA,$14.11,1441725606539,"24,026",67% bearish,of 3 ratings,$25
AEY,$2.3205,1441725606564,450,100% bearish,of 2 ratings,N/A
ADUS,$29.4,1441725606698,"12,223",100% bearish,of 1 rating,$31
ADMS,$19.48,1441725606742,"30,288",100% bearish,of 2 ratings,$36
ADEP,$7.8,1441725606988,"31,354",50% bullish,of 2 ratings,$10.75
ADMA,$8.87,1441725607067,"1,063",Not yet rated,NULL,$19
AEIS,$24.41,1441725607166,"57,540",50% bullish,of 2 ratings,$32.50
ADBE,$78.535,1441725607193,"417,067",61% bullish,of 18 ratings,$90
ADXS,$13.8,1441725607214,"176,534",64% bullish,of 14 ratings,$27
YPRO,NULL,1441725607558,0,100% bearish,of 1 rating,N/A
AMD,$1.8599,1441725607587,"1,124,619",83% bullish,of 103 ratings,$2
ADTN,$15.72,1441725607617,"22,595",67% bullish,of 3 ratings,$17.125
AEGR,$17.81,1441725607646,"44,194",50% bullish,of 6 ratings,$26
AEGN,$17.89,1441725607673,"28,919",100% bearish,of 2 ratings,$21
ADRO,$18.7899,1441725607694,"67,856",80% bullish,of 5 ratings,$45.50
ADXSW,$9.97,1441725607725,150,100% bullish,of 1 rating,N/A
AEHR,NULL,1441725607856,0,50% bullish,of 2 ratings,N/A
MULT,NULL,1441725608066,0,100% bearish,of 1 rating,N/A
AMTX,$2.922,1441725608126,"4,728",50% bullish,of 2 ratings,N/A
AEPI,$62.11,1441725608202,"20,118",100% bearish,of 1 rating,N/A
AVAV,$20.57,1441725608283,"37,172",50% bullish,of 4 ratings,$28
AERI,$16.39,1441725608502,"198,233",75% bullish,of 4 ratings,$31.50
AGIO,$88.075,1441725608633,"68,109",88% bullish,of 8 ratings,$114
AEZS,$0.0774,1441725608659,"4,884,703",90% bullish,of 21 ratings,$1.50
AEMD,$7.14,1441725608680,"38,025",Not yet rated,NULL,$27.50
AGYS,$9.58,1441725608716,"1,505",100% bearish,of 1 rating,N/A
AFFX,$9.3651,1441725608742,"189,058",80% bullish,of 5 ratings,$12.50
AFMD,$9.66,1441725608822,"21,337",50% bullish,of 4 ratings,$15
AGEN,$6.98,1441725608902,"118,855",85% bullish,of 13 ratings,$14
AGRX,$8.535,1441725609003,"1,735",100% bearish,of 1 rating,$17.50
AGFS,$10.02,1441725609100,"10,399",100% bearish,of 1 rating,N/A
AGFSW,$2,1441725609228,"1,500",100% bearish,of 2 ratings,N/A
AIRM,$36.65,1441725609253,"31,178",80% bearish,of 5 ratings,$53
AIMT,$23.69,1441725609325,"55,005",Not yet rated,NULL,$35.50
ATSG,$8.9,1441725609521,"21,491",67% bullish,of 3 ratings,$13
AMCN,$4.6,1441725609564,"149,960",83% bullish,of 6 ratings,N/A
AKBA,$7.53,1441725609649,"121,277",100% bearish,of 1 rating,$18
AIRT,$22.6,1441725609677,"2,935",100% bullish,of 1 rating,N/A
AKER,$2.7497,1441725609703,"1,520",Not yet rated,NULL,N/A
AIXG,$6.88,1441725609732,"4,604",67% bearish,of 3 ratings,$5.25
AKRX,$39.46,1441725609832,"132,910",78% bullish,of 9 ratings,$56
AKAM,$73.37,1441725609857,"183,081",63% bullish,of 8 ratings,$77.50
ALRM,$16.4,1441725610038,"15,334",100% bearish,of 1 rating,$22
AMRI,$20.03,1441725610070,"30,914",75% bearish,of 4 ratings,$24
ALSK,$2.29,1441725610118,"33,524",78% bullish,of 18 ratings,$2
ABDC,$12.89,1441725610361,"11,718",Not yet rated,NULL,$15
ADHD,$7.804,1441725610459,"21,672",50% bullish,of 4 ratings,$18
ALXA,$1.32,1441725610564,"10,473",83% bullish,of 6 ratings,$2.125
ALXN,$172.55,1441725610610,"199,895",88% bullish,of 8 ratings,$223.50
ALDR,$41.8,1441725610637,"91,064",67% bearish,of 3 ratings,$62
ALDX,$7.66,1441725610658,"7,327",100% bearish,of 1 rating,$14.50
ALCO,$41.942,1441725610788,"2,734",50% bullish,of 2 ratings,N/A
ALKS,$65.88,1441725610862,"114,864",67% bullish,of 3 ratings,$75
ALIM,$2.99,1441725610891,"14,600",80% bullish,of 5 ratings,$10
ALGN,$54.92,1441725610919,"42,684",100% bearish,of 2 ratings,$73
ALGT,$206.44,1441725610995,"18,592",100% bearish,of 2 ratings,$235
ALLB,$23.31,1441725611135,100,Not yet rated,NULL,N/A
AFOP,$19.09,1441725611270,"19,724",75% bullish,of 8 ratings,$21
AHGP,$35.63,1441725611403,"4,764",67% bullish,of 3 ratings,N/A
AIQ,$14.83,1441725611428,"4,102",67% bullish,of 3 ratings,N/A
AHPI,NULL,1441725611453,0,50% bullish,of 2 ratings,N/A
ARLP,$24.99,1441725611600,"30,236",67% bearish,of 3 ratings,$32
AMOT,$17.35,1441725611625,"12,862",100% bearish,of 1 rating,N/A
MDRX,$13.2,1441725611753,"397,422",60% bullish,of 5 ratings,$16
ALQA,$4.55,1441725611780,"6,377",75% bullish,of 4 ratings,$8.50
ALLT,$5.19,1441725611820,"7,285",75% bullish,of 4 ratings,$6.25
ALNY,$99.95,1441725611950,"109,712",67% bullish,of 3 ratings,$151.50
AFAM,$44.74,1441725611975,"9,171",50% bullish,of 2 ratings,$44
SMCP,$23.66,1441725612007,475,Not yet rated,NULL,N/A
ALTR,$50.48,1441725612108,"1,858,218",67% bearish,of 6 ratings,$54
ATEC,$0.546,1441725612147,"62,064",100% bullish,of 1 rating,$2
AOSL,$8.23,1441725612242,"4,544",67% bullish,of 3 ratings,$9
ASPS,$26.73,1441725612460,"31,023",67% bullish,of 3 ratings,$46.50
AIMC,$23.9,1441725612643,"24,017",100% bearish,of 2 ratings,$28.50
AMZN,$515.45,1441725612677,"948,883",81% bullish,of 269 ratings,$646
AMRN,$2.36,1441725612797,"310,231",85% bullish,of 40 ratings,$8
AMBC,$16.515,1441725612823,"39,945",100% bearish,of 1 rating,$16.50
AMAG,$60.5001,1441725612850,"72,980",100% bullish,of 2 ratings,$75
AYA,$20.909,1441725612903,"3,761",100% bearish,of 1 rating,$40
AMRK,$11.006,1441725612954,"32,936",50% bullish,of 2 ratings,$14
AMBCW,NULL,1441725612983,0,100% bearish,of 1 rating,N/A
AMBA,$72.312,1441725613009,"879,624",71% bullish,of 14 ratings,$102.50
AMCX,$73.89,1441725613194,"111,102",67% bullish,of 3 ratings,$87.50
DOX,$56.7,1441725613286,"127,345",67% bearish,of 3 ratings,$60
EPAX,$2.71,1441725613322,"15,941",100% bearish,of 1 rating,N/A
AMDA,$0.4152,1441725613421,"2,402,267",90% bullish,of 10 ratings,$1
AMED,$40.57,1441725613526,"34,891",100% bearish,of 1 rating,$42
ASBI,$22.9503,1441725613659,"8,532",Not yet rated,NULL,N/A
ATAX,$5.33,1441725613785,"22,897",100% bullish,of 1 rating,$6.50
UHAL,$374.38,1441725613813,"9,205",100% bullish,of 2 ratings,$393.50
AGNC,$19.05,1441725613834,"592,322",71% bullish,of 28 ratings,$22
AAL,$40.94,1441725613883,"1,849,885",93% bullish,of 88 ratings,$57
AGNCP,$25.36,1441725613969,"1,450",Not yet rated,NULL,N/A
AMOV,$17.79,1441725614115,760,100% bearish,of 1 rating,N/A
MTGE,$15.15,1441725614140,"100,882",75% bullish,of 4 ratings,$19.50
AGNCB,$24.2575,1441725614286,"4,254",Not yet rated,NULL,N/A
MTGEP,NULL,1441725614321,0,Not yet rated,NULL,N/A
ACAS,$13.9631,1441725614503,"271,536",60% bullish,of 5 ratings,$16.75
ACSF,$12.22,1441725614528,"3,759",100% bearish,of 1 rating,$15
ANAT,$98.25,1441725614704,"18,322",100% bullish,of 1 rating,N/A
AMIC,NULL,1441725614729,0,100% bearish,of 1 rating,N/A
ANCI,$1.41,1441725614923,500,100% bearish,of 1 rating,N/A
AMNB,$23.2,1441725614953,"2,088",Not yet rated,NULL,$25.50
AMRB,$10.3346,1441725614978,"2,217",Not yet rated,NULL,$11
ASEI,$38.91,1441725615004,"3,930",100% bearish,of 1 rating,$52.50
ARII,$40.94,1441725615035,"44,308",67% bearish,of 3 ratings,$45
AETI,$3.4594,1441725615135,"1,600",67% bearish,of 3 ratings,N/A
APEI,$22.13,1441725615164,"8,979",100% bearish,of 1 rating,$25.50
AMSWA,$9.0999,1441725615399,"9,763",100% bearish,of 2 ratings,$10.75
AMWD,$68.47,1441725615444,"27,916",50% bullish,of 2 ratings,$70
AMSC,$5.08,1441725615578,"18,690",50% bullish,of 4 ratings,N/A
AMSF,$46.865,1441725615603,"3,915",Not yet rated,NULL,$57.50
ATLO,$22.94,1441725615762,694,Not yet rated,NULL,N/A
CRMT,$35.67,1441725615828,"3,102",100% bearish,of 1 rating,$38
ASRVP,NULL,1441725615860,0,Not yet rated,NULL,N/A
ABCB,$27.7,1441725615905,"9,010",Not yet rated,NULL,$31
AMGN,$151.96,1441725615932,"964,694",89% bullish,of 19 ratings,$185
AMKR,$5.44,1441725615960,"327,101",100% bearish,of 2 ratings,$5
ASRV,$3.22,1441725615988,"3,600",100% bullish,of 2 ratings,N/A
FOLD,$16.57,1441725616017,"411,545",56% bullish,of 9 ratings,$21
AMPH,$13.95,1441725616239,"37,930",50% bullish,of 2 ratings,$20
ASYS,$5.39,1441725616371,"6,796",67% bullish,of 3 ratings,$12
AMSGP,$140.51,1441725616431,46,Not yet rated,NULL,N/A
AMSG,$79.7,1441725616461,"79,759",100% bearish,of 1 rating,$85.50
AMRS,$1.81,1441725616564,"80,359",70% bullish,of 10 ratings,N/A
AFSI,$57.92,1441725616626,"58,615",60% bullish,of 5 ratings,$72
ADI,$56.19,1441725616653,"454,737",75% bullish,of 4 ratings,$69
ANAD,$0.3155,1441725616674,"12,409",100% bullish,of 2 ratings,$.50
ANAC,$132.98,1441725616849,"48,380",80% bullish,of 5 ratings,$180.50
ALOG,$81.42,1441725616874,"19,388",100% bearish,of 2 ratings,$100.50
ABCW,$42.17,1441725616919,"6,182",67% bullish,of 3 ratings,N/A
ANCB,$21.6,1441725616944,"2,769",Not yet rated,NULL,$23
AMCF,NULL,1441725617084,0,NULL,NULL,NULL
ANGI,$5.11,1441725617113,"60,129",64% bullish,of 11 ratings,$5.50
ANGO,$14.51,1441725617139,"8,481",67% bullish,of 3 ratings,$19
ANIP,$51.91,1441725617213,"23,216",89% bullish,of 19 ratings,$66
ATRS,$1.8,1441725617511,"48,517",92% bullish,of 12 ratings,$4.50
ABAC,$0.79,1441725617554,40,100% bearish,of 1 rating,N/A
ANTH,$7.29,1441725617578,"107,868",80% bullish,of 10 ratings,$13
ATNY,$2.4101,1441725617642,"4,223",50% bullish,of 2 ratings,$3.75
ANIK,$36.58,1441725617777,"12,895",60% bullish,of 5 ratings,$51.25
ANSS,$91.44,1441725617881,"45,583",100% bearish,of 1 rating,$100
APIC,$7.7,1441725617931,"41,725",100% bearish,of 1 rating,$19
APOG,$53.53,1441725617960,"21,297",50% bullish,of 2 ratings,$67
AAPL,$111.57,1441725618024,"10,814,485",86% bullish,of 2367 ratings,$150
APOL,$11.395,1441725618091,"180,273",87% bearish,of 68 ratings,$14
AINV,$6.455,1441725618117,"162,406",50% bullish,of 4 ratings,$8
APPF,$17.78,1441725618252,"10,615",50% bullish,of 2 ratings,$22
APDN,$3.6,1441725618446,"26,729",Not yet rated,NULL,$9
AGTC,$16.79,1441725618484,"9,703",50% bullish,of 2 ratings,$33
APDNW,$1.48,1441725618579,435,Not yet rated,NULL,N/A
ARCI,$1.278,1441725618637,320,Not yet rated,NULL,N/A
AREX,$2.68,1441725618720,"205,871",50% bullish,of 2 ratings,$3
AMCC,$5.85,1441725618770,"56,408",80% bullish,of 5 ratings,$8
AMAT,$15.75,1441725618818,"3,297,709",82% bullish,of 11 ratings,$23
APRI,$1.7,1441725618905,"122,303",83% bullish,of 6 ratings,$4.86
AAOI,$21.21,1441725618936,"52,280",50% bullish,of 4 ratings,$26
AQMS,$4.99,1441725619041,"5,616",Not yet rated,NULL,N/A
AQXP,$15.76,1441725619169,"81,311",67% bearish,of 3 ratings,$2
AUMA,NULL,1441725619301,0,Not yet rated,NULL,N/A
APTO,$5.25,1441725619348,154,Not yet rated,NULL,$17
AUMAW,NULL,1441725619400,0,Not yet rated,NULL,N/A
AUMAU,NULL,1441725619424,0,Not yet rated,NULL,N/A
ARDM,$7.33,1441725619777,200,100% bullish,of 1 rating,$26
ABUS,$7.07,1441725619846,"36,856",86% bullish,of 14 ratings,$21.50
PETX,$17.39,1441725619873,"26,797",100% bearish,of 2 ratings,$26
ABIO,$7.36,1441725619903,"80,906",50% bullish,of 2 ratings,$26.242
ARCW,$3.24,1441725619924,"13,654",100% bearish,of 2 ratings,$10.50
ARCB,$29.23,1441725619998,"19,546",67% bearish,of 3 ratings,$39.50
RKDA,$5.56,1441725620104,"4,522",100% bearish,of 2 ratings,$10
ARNA,$2.77,1441725620311,"260,973",90% bullish,of 78 ratings,$5.50
AGII,$54.72,1441725620339,"7,049",Not yet rated,NULL,$59.50
ARDX,$19.34,1441725620360,"24,693",50% bullish,of 2 ratings,$24.50
ACGL,$68.96,1441725620393,"70,342",50% bullish,of 2 ratings,$72
AGIIL,$25.3001,1441725620659,"2,054",Not yet rated,NULL,N/A
ACAT,$24.44,1441725620689,"53,537",100% bearish,of 3 ratings,$33
ARCC,$15.545,1441725620721,"178,798",67% bearish,of 3 ratings,$17.75
ARIS,$3.8101,1441725620746,"5,596",Not yet rated,NULL,$4.50
ARGS,$6.2256,1441725620792,"5,706",50% bullish,of 2 ratings,$19.50
ARIA,$7.845,1441725620819,"1,320,001",87% bullish,of 46 ratings,$9
ARKR,$24.9,1441725620877,"2,400",50% bullish,of 2 ratings,N/A
ARTX,$1.35,1441725621099,"21,695",88% bullish,of 16 ratings,$4.50
ARWAU,NULL,1441725621225,0,100% bullish,of 1 rating,N/A
ARWAW,NULL,1441725621253,0,Not yet rated,NULL,N/A
ARWAR,NULL,1441725621278,0,Not yet rated,NULL,N/A
ARMH,$44.195,1441725621309,"513,572",54% bearish,of 13 ratings,$60
ARWA,NULL,1441725621333,0,Not yet rated,NULL,N/A
ARRY,$5.745,1441725621358,"237,798",100% bullish,of 7 ratings,$10
ARQL,$1.705,1441725621505,"36,776",75% bullish,of 4 ratings,$5
ARRS,$26.675,1441725621725,"120,789",50% bullish,of 2 ratings,$38
ARWR,$5.45,1441725621756,"194,358",75% bullish,of 4 ratings,$10.50
AROW,$27.26,1441725621782,"2,351",Not yet rated,NULL,N/A
DWAT,$9.7615,1441725621855,"7,605",100% bearish,of 1 rating,N/A
ARTNA,$21.84,1441725622027,"1,583",100% bearish,of 1 rating,$29
ASND,$20.3,1441725622159,"8,550",50% bullish,of 2 ratings,$30
ASNA,$12.15,1441725622185,"698,836",50% bullish,of 2 ratings,$17.50
ARTW,$4.02,1441725622215,390,75% bearish,of 4 ratings,N/A
ASCMA,$28.03,1441725622236,"12,930",100% bearish,of 1 rating,$45
ASBB,$25.23,1441725622269,6,Not yet rated,NULL,N/A
ASTI,$0.2338,1441725622316,"1,891,265",83% bullish,of 6 ratings,$3
ASMI,NULL,1441725622371,0,NULL,NULL,NULL
APWC,$1.75,1441725622405,204,100% bearish,of 1 rating,N/A
ASML,$93.305,1441725622510,"230,746",50% bullish,of 4 ratings,$127
ASMB,$13.09,1441725622734,"5,466",67% bullish,of 3 ratings,N/A
AZPN,$39.13,1441725622792,"126,099",50% bullish,of 2 ratings,$42
ASFI,$8.7799,1441725622934,"1,100",100% bullish,of 1 rating,N/A
ATRO,$49.46,1441725622966,"39,211",100% bearish,of 2 ratings,$80
ASTE,$38.19,1441725622992,"12,034",100% bearish,of 1 rating,$49
ALOT,$13.95,1441725623023,522,100% bearish,of 1 rating,N/A
ASTC,$2.2105,1441725623071,"7,385",100% bullish,of 5 ratings,N/A
ASUR,NULL,1441725623123,0,50% bullish,of 2 ratings,$8
ATHN,$134.175,1441725623254,"48,872",67% bearish,of 3 ratings,$153
ATRA,$42.405,1441725623283,"56,439",50% bullish,of 2 ratings,$68
AFCB,NULL,1441725623345,0,Not yet rated,NULL,N/A
ATAI,$2.31,1441725623384,"7,239",100% bearish,of 1 rating,N/A
ATHX,$1.15,1441725623513,"23,114",89% bullish,of 9 ratings,$5
AAPC,$10.1,1441725623643,200,Not yet rated,NULL,N/A
AAME,$3.46,1441725623668,"1,100",Not yet rated,NULL,N/A
ACFC,$5.51,1441725623872,"1,865",100% bearish,of 1 rating,$6.50
AFH,$16.24,1441725623901,"16,599",Not yet rated,NULL,$21.50
ATNI,$73.18,1441725623940,"7,521",100% bearish,of 1 rating,$69.50
ATLC,$3.85,1441725624030,200,67% bullish,of 3 ratings,N/A
AAWW,$38.53,1441725624136,"38,549",50% bullish,of 2 ratings,$65
ATRC,$24.02,1441725624195,"19,032",100% bullish,of 1 rating,$30
ATOS,$0.8789,1441725624225,"23,870",100% bullish,of 7 ratings,$7
ATML,$7.935,1441725624263,"1,026,416",78% bullish,of 9 ratings,$9.50
ATRM,NULL,1441725624326,0,50% bullish,of 2 ratings,N/A
ATRI,$379.2,1441725624395,236,Not yet rated,NULL,N/A
ATTU,$13.265,1441725624424,"3,375",100% bearish,of 1 rating,$20.50
LIFE,$15.05,1441725624498,"8,046",86% bullish,of 7 ratings,$43
AUBN,$26.86,1441725624700,502,Not yet rated,NULL,N/A
AUDC,$3.3,1441725624784,"2,931",80% bullish,of 5 ratings,$5
EARS,$4.44,1441725624890,"1,208",100% bearish,of 2 ratings,$8.49
AUPH,$3.4,1441725624918,"4,500",100% bearish,of 1 rating,$8
ADAT,$0.33,1441725624943,"145,026",100% bullish,of 2 ratings,N/A
ABTL,$19.13,1441725625111,"13,674",100% bullish,of 4 ratings,$20.25
ADSK,$46.2,1441725625136,"248,004",67% bullish,of 6 ratings,$66
ADP,$77.13,1441725625174,"281,376",100% bearish,of 1 rating,$88
AVNU,$13.01,1441725625211,"3,500",Not yet rated,NULL,$14
AVEO,$1.39,1441725625274,"151,680",75% bullish,of 8 ratings,$3
AAVL,$10.5,1441725625302,"75,175",100% bearish,of 1 rating,$20
AVGO,$126.51,1441725625359,"536,576",88% bullish,of 8 ratings,$165
AVID,$8.74,1441725625551,"71,552",100% bearish,of 1 rating,$20
AVNW,$1.213,1441725625629,"11,505",50% bullish,of 2 ratings,N/A
AVGR,$15.22,1441725625694,"7,659",100% bearish,of 1 rating,$20
AWRE,$3.2142,1441725625827,"2,768",67% bullish,of 3 ratings,N/A
ACLS,$3.39,1441725625894,"430,938",67% bullish,of 6 ratings,$4.75
CAR,$43.14,1441725625959,"203,603",67% bullish,of 6 ratings,$60
AXPW,$1.87,1441725625989,"289,570",86% bullish,of 7 ratings,N/A
AXPWW,$0.95,1441725626066,30,Not yet rated,NULL,N/A
BCOM,$19.52,1441725626092,109,100% bearish,of 1 rating,N/A
RILY,NULL,1441725626243,0,Not yet rated,NULL,N/A
AXTI,$2.16,1441725626270,"6,012",50% bullish,of 2 ratings,$2.75
AXGN,$4.75,1441725626343,"15,198",Not yet rated,NULL,$5
BOSC,$2.2499,1441725626372,"27,954",50% bullish,of 2 ratings,N/A
BEAV,$49.78,1441725626401,"57,951",67% bearish,of 3 ratings,$59
BIDU,$150.39,1441725626473,"823,951",81% bullish,of 88 ratings,$210
BCPC,$57.19,1441725626570,"24,048",100% bearish,of 1 rating,$75
BWINB,$22.35,1441725626713,"4,085",Not yet rated,NULL,N/A
BWINA,$22.98,1441725626785,187,Not yet rated,NULL,N/A
BANF,$60,1441725626810,"2,970",Not yet rated,NULL,$68
BLDP,$1.38,1441725626856,"52,037",91% bullish,of 22 ratings,$2.50
BANFP,NULL,1441725626954,0,Not yet rated,NULL,N/A
BOCH,$5.79,1441725626981,"8,091",Not yet rated,NULL,$6.50
BKMU,$7.02,1441725627006,"18,345",Not yet rated,NULL,$8
BMRC,$49,1441725627136,536,Not yet rated,NULL,$52
BOTJ,$10.95,1441725627285,366,Not yet rated,NULL,N/A
BKSC,$16.75,1441725627350,"3,430",Not yet rated,NULL,N/A
BANR,$44.16,1441725627422,"6,871",100% bullish,of 3 ratings,$50
BFIN,$12.07,1441725627450,"3,924",Not yet rated,NULL,$13
OZRK,$41.45,1441725627473,"80,684",67% bullish,of 3 ratings,$49.50
BWFG,$18.2,1441725627494,"2,145",100% bearish,of 1 rating,N/A
BZUN,$5.34,1441725627674,"26,177",50% bullish,of 2 ratings,$11.50
BHACU,NULL,1441725627823,0,Not yet rated,NULL,N/A
TAPR,$33.44,1441725627857,265,100% bearish,of 1 rating,N/A
BHAC,NULL,1441725627886,0,Not yet rated,NULL,N/A
BBSI,$34.75,1441725627933,"11,675",67% bearish,of 3 ratings,$62.50
BHACW,NULL,1441725627960,0,Not yet rated,NULL,N/A
BHACR,NULL,1441725627985,0,Not yet rated,NULL,N/A
BYBK,$5.09,1441725628171,800,100% bearish,of 1 rating,N/A
BSET,$30.18,1441725628314,"14,641",100% bearish,of 1 rating,$35
BYLK,$12.8777,1441725628406,"6,972",Not yet rated,NULL,$14
BBCN,$14.43,1441725628441,"23,351",100% bearish,of 1 rating,$16
BV,$5.13,1441725628471,"81,040",67% bullish,of 6 ratings,$8.75
BECN,$36,1441725628576,"99,880",50% bullish,of 2 ratings,$40
BSF,$8.68,1441725628709,"1,000",Not yet rated,NULL,N/A
BDCV,$4.8469,1441725628741,"2,592",100% bearish,of 1 rating,$10.19
BBBY,$62.68,1441725628884,"405,116",71% bullish,of 7 ratings,$75
BEBE,$1.19,1441725628910,"130,136",75% bullish,of 4 ratings,$2.125
BBGI,NULL,1441725628943,0,100% bearish,of 1 rating,N/A
BELFA,$15.98,1441725629043,8,100% bearish,of 1 rating,N/A
BELFB,$18.69,1441725629072,"4,003",100% bearish,of 1 rating,N/A
BLPH,$3.86,1441725629175,"8,770",100% bearish,of 1 rating,$12.50
BLCM,$16.53,1441725629245,"53,265",50% bullish,of 4 ratings,$40
BNCL,$12.69,1441725629521,"76,516",100% bullish,of 3 ratings,$12.50
BNFT,$36.44,1441725629607,"12,846",67% bullish,of 3 ratings,$46
BNTC,$6.7501,1441725630039,"2,561",100% bullish,of 1 rating,N/A
BGCP,$8.925,1441725630267,"199,225",88% bullish,of 8 ratings,$14
BCBP,NULL,1441725630301,0,Not yet rated,NULL,N/A
BIOC,$2.16,1441725630496,"267,107",83% bullish,of 6 ratings,$3.85
BGFV,$11.51,1441725630555,"26,033",57% bullish,of 7 ratings,$12
BCRX,$11.76,1441725630699,"59,076",63% bullish,of 8 ratings,$18
BCDA,NULL,1441725630843,0,Not yet rated,NULL,N/A
BIOD,$0.69,1441725630987,"6,900",80% bullish,of 5 ratings,$4
BIIB,$304.15,1441725631030,"298,700",88% bullish,of 16 ratings,$400
BLFS,$2.43,1441725631443,"22,928",50% bullish,of 2 ratings,$4.75
BGMD,$0.625,1441725631584,"94,644",100% bullish,of 10 ratings,N/A
BIOL,$1.56,1441725631912,"6,591",Not yet rated,NULL,N/A
ORPN,$5.54,1441725632043,"2,500",100% bullish,of 1 rating,$28.50
BIND,$5.04,1441725632092,"43,449",75% bullish,of 4 ratings,$13.50
BLRX,$1.77,1441725632117,"69,729",100% bullish,of 12 ratings,$5
BVXV,$3.96,1441725632271,"10,388",Not yet rated,NULL,N/A
BRLI,NULL,1441725632448,0,NULL,NULL,NULL
BDSI,$6.49,1441725632473,"171,356",88% bullish,of 8 ratings,$17
BVXVW,NULL,1441725632523,0,100% bearish,of 1 rating,N/A
BMRN,$128.46,1441725632654,"129,104",80% bullish,of 5 ratings,$160
BPTH,$1.18,1441725632683,"11,975",100% bullish,of 2 ratings,$5
BIOS,$2.495,1441725632738,"104,989",71% bullish,of 7 ratings,$4
BBC,$31.86,1441725632811,"10,133",Not yet rated,NULL,N/A
BBP,$32.3,1441725633029,"1,735",Not yet rated,NULL,N/A
BSPM,$0.703,1441725633098,770,50% bullish,of 2 ratings,N/A
BOTA,$2.18,1441725633123,"17,387",88% bullish,of 8 ratings,N/A
BEAT,$15.955,1441725633172,"201,147",67% bearish,of 3 ratings,$15
BSTC,$49.02,1441725633304,"13,732",100% bearish,of 1 rating,$76
TECH,$93.6,1441725633333,"57,962",100% bullish,of 1 rating,$117
BITI,$17,1441725633373,"10,845",100% bullish,of 1 rating,$28
BASI,$1.65,1441725633460,5,Not yet rated,NULL,N/A
BJRI,$45.12,1441725633674,"47,583",50% bullish,of 2 ratings,$55
BDMS,$13.1,1441725633703,100,100% bearish,of 1 rating,N/A
BBOX,$14.86,1441725633724,"13,320",100% bearish,of 1 rating,N/A
BDE,$7.48,1441725633869,"12,106",50% bullish,of 2 ratings,$9
BLKB,$57.59,1441725633937,"14,842",100% bearish,of 2 ratings,$66
BBRY,$7.445,1441725634036,"1,077,121",61% bullish,of 331 ratings,$9
ADRA,$26.76,1441725634102,"1,221",100% bearish,of 1 rating,N/A
ADRE,$29.265,1441725634192,"2,708",100% bearish,of 1 rating,N/A
BKCC,$9.43,1441725634232,"83,570",50% bullish,of 2 ratings,$10
HAWK,$39.78,1441725634257,"33,281",91% bullish,of 11 ratings,$49
ADRU,$21.55,1441725634396,"1,808",100% bearish,of 1 rating,N/A
BUFF,$23.5,1441725634526,"259,750",77% bullish,of 13 ratings,$31.50
BCOR,$13.29,1441725634558,"37,649",57% bullish,of 7 ratings,$15
ADRD,$21.7524,1441725634591,"1,021",100% bearish,of 1 rating,N/A
BLBD,$11.54,1441725634613,"3,240",Not yet rated,NULL,N/A
BLMN,$20.7,1441725634696,"150,523",83% bullish,of 6 ratings,$27.50
BHBK,$14.05,1441725634805,"1,727",100% bullish,of 1 rating,$14.50
BBLU,$0.8933,1441725634875,"16,057",100% bullish,of 2 ratings,$4.43
BLUE,$137.04,1441725635059,"265,892",71% bullish,of 7 ratings,$217.50
BKEP,$6.4048,1441725635149,"3,982",100% bearish,of 1 rating,$8.50
BPMC,$28.98,1441725635211,"7,702",50% bullish,of 2 ratings,$47.50
BOBE,$46.03,1441725635241,"72,375",75% bullish,of 4 ratings,$57
BNCN,$21.34,1441725635293,"6,790",Not yet rated,NULL,$24
BKEPP,$7.81,1441725635343,"2,000",100% bearish,of 1 rating,N/A
NILE,$33.49,1441725635385,"6,182",50% bullish,of 2 ratings,$34
BOFI,$115.04,1441725635487,"57,226",100% bullish,of 6 ratings,$144
BONA,$11.3,1441725635550,"75,420",75% bullish,of 4 ratings,$8.50
BOKF,$63.05,1441725635616,"10,911",100% bearish,of 1 rating,$69
BOJA,$21.205,1441725635641,"23,277",100% bullish,of 1 rating,$30
WIFI,$7.82,1441725635714,"38,080",50% bullish,of 2 ratings,$13.50
BNSO,$1.2699,1441725635847,563,100% bearish,of 1 rating,N/A
BAMM,$3.21,1441725635906,"2,051",60% bullish,of 5 ratings,N/A
BPFH,$11.96,1441725636035,"51,441",100% bearish,of 1 rating,$14
BPFHP,$25.4145,1441725636135,"2,300",100% bearish,of 1 rating,N/A
BPFHW,NULL,1441725636162,0,100% bearish,of 1 rating,N/A
EPAY,$26.28,1441725636191,"19,977",100% bearish,of 2 ratings,$30
BDBD,$8.205,1441725636293,"76,011",60% bullish,of 5 ratings,$10
BBRG,$12.53,1441725636386,"4,057",67% bullish,of 3 ratings,$14.50
BBEP,$2.815,1441725636420,"410,796",69% bullish,of 13 ratings,$5.625
BBEPP,$14.63,1441725636552,"2,449",50% bullish,of 2 ratings,N/A
BDGE,$26.74,1441725636580,"3,252",Not yet rated,NULL,$31.75
BLIN,$1.62,1441725636612,"35,336",50% bullish,of 2 ratings,$2.20
BRID,NULL,1441725636707,0,100% bearish,of 1 rating,N/A
BCOV,$5.27,1441725636807,"5,998",67% bullish,of 3 ratings,$10.20
BRCM,$51.91,1441725636983,"295,981",69% bullish,of 13 ratings,$56
BVSN,$5.86,1441725637059,331,60% bearish,of 5 ratings,N/A
BSFT,$32.45,1441725637088,"24,317",57% bullish,of 7 ratings,$40.50
BYFC,$1.43,1441725637193,200,50% bullish,of 2 ratings,N/A
BWEN,$3.2,1441725637219,"13,000",75% bullish,of 4 ratings,$8
BRCD,$10.27,1441725637298,"606,629",92% bullish,of 13 ratings,$12
BRKS,$10.48,1441725637432,"11,969",67% bullish,of 3 ratings,$15.25
BRKR,$17.99,1441725637465,"29,705",100% bearish,of 2 ratings,$22
BCLI,$3.14,1441725637486,"29,956",80% bullish,of 5 ratings,$12
BRKL,$10.535,1441725637518,"23,034",100% bearish,of 1 rating,$12
BMTC,$29.69,1441725637560,"10,849",Not yet rated,NULL,$34
BSQR,$6.05,1441725637714,"10,574",67% bullish,of 3 ratings,N/A
BLMT,$21.33,1441725637741,"3,000",Not yet rated,NULL,N/A
BWLD,$198.53,1441725637955,"64,520",82% bullish,of 11 ratings,$205
BUR,$1.78,1441725637981,"6,626",100% bearish,of 1 rating,$8
BLDR,$15.59,1441725638045,"211,791",67% bullish,of 3 ratings,$22
CHRW,$68.34,1441725638114,"180,732",Not yet rated,NULL,$72
CFFI,$35.7,1441725638164,100,100% bearish,of 1 rating,N/A
CA,$27.69,1441725638185,"546,213",50% bullish,of 4 ratings,$33
CCMP,$42.84,1441725638214,"11,838",50% bullish,of 2 ratings,$59
CDZI,$7.66,1441725638343,"4,025",100% bearish,of 1 rating,N/A
CACQ,$7.32,1441725638388,"107,862",100% bearish,of 1 rating,$12.25
CDNS,$20.6,1441725638488,"322,274",75% bullish,of 4 ratings,$22.50
CZR,$9.41,1441725638513,"289,795",60% bearish,of 5 ratings,$10.50
PRSS,$4.32,1441725638587,"25,052",80% bullish,of 5 ratings,$4.50
CSTE,$40,1441725638679,"66,895",50% bullish,of 2 ratings,$65
CLBS,$1.74,1441725638725,"18,040",79% bullish,of 14 ratings,$4
CHY,$10.98,1441725638853,"118,225",Not yet rated,NULL,N/A
CLMS,$9.9,1441725638878,"24,645",Not yet rated,NULL,$10.50
CHI,$10.32,1441725638955,"62,639",100% bearish,of 1 rating,N/A
CFGE,$10.52,1441725639011,12,Not yet rated,NULL,N/A
CHW,$7.393,1441725639087,"112,871",100% bearish,of 1 rating,N/A
CCD,$19.25,1441725639112,"18,539",Not yet rated,NULL,N/A
CSQ,$9.7199,1441725639136,"109,204",Not yet rated,NULL,N/A
CGO,$11.9405,1441725639348,"4,620",100% bearish,of 1 rating,N/A
CAMP,$16.1,1441725639375,"56,970",88% bullish,of 8 ratings,$25
CVGW,$49.46,1441725639403,"30,160",50% bullish,of 2 ratings,$58
CFNB,NULL,1441725639530,0,100% bearish,of 1 rating,N/A
CALA,$6.17,1441725639603,"98,359",67% bullish,of 3 ratings,$19.50
CALD,$16.43,1441725639630,"69,777",100% bearish,of 1 rating,$21
CALM,$55.18,1441725639780,"138,906",80% bullish,of 5 ratings,$63.50
CAMB,$10.1,1441725639882,"17,100",Not yet rated,NULL,N/A
ABCD,$5.0908,1441725639945,"31,576",83% bullish,of 6 ratings,N/A
CAMBU,NULL,1441725639972,0,100% bearish,of 1 rating,N/A
CAC,$40.35,1441725640026,"1,801",Not yet rated,NULL,N/A
CLMT,$25.9213,1441725640057,"33,197",75% bullish,of 8 ratings,$31
CAMBW,$0.21,1441725640158,"83,574",Not yet rated,NULL,N/A
CSIQ,$18.94,1441725640226,"445,646",86% bullish,of 28 ratings,$42.50
CAMT,$2.66,1441725640254,"18,056",73% bullish,of 11 ratings,$4
CGIX,$10.16,1441725640384,"15,740",67% bullish,of 3 ratings,$14.375
CPHC,$10.47,1441725640411,110,100% bearish,of 1 rating,N/A
CBNJ,$11.17,1441725640439,"33,286",100% bearish,of 1 rating,N/A
CBF,$30.94,1441725640624,"15,334",Not yet rated,NULL,$32
CPLA,$49.33,1441725640650,"17,490",67% bearish,of 3 ratings,$65
CCBG,$15.24,1441725640786,"1,126",Not yet rated,NULL,$17.25
CPTA,$14.19,1441725640886,"17,301",100% bearish,of 1 rating,$18.25
CSWC,$44.06,1441725640911,"6,389",Not yet rated,NULL,N/A
CPLP,$6.97,1441725640941,"47,104",71% bullish,of 7 ratings,$11
CAPN,$2.7188,1441725641043,"3,438,937",100% bullish,of 1 rating,$10.85
CFFN,$11.88,1441725641070,"69,485",Not yet rated,NULL,$12.75
CAPNW,$0.8425,1441725641095,"12,514",Not yet rated,NULL,N/A
CAPR,$4.42,1441725641323,700,Not yet rated,NULL,$12
CARA,$19.26,1441725641347,"58,821",50% bullish,of 4 ratings,$25
CPST,$0.3907,1441725641384,"182,792",95% bullish,of 22 ratings,$1.25
CARB,$11.09,1441725641427,"7,452",75% bullish,of 4 ratings,$12
CBYL,$5.37,1441725641489,"1,536",100% bearish,of 1 rating,$20
CRDC,$0.3349,1441725641585,"44,210",100% bullish,of 1 rating,$1.25
CFNL,$22.2,1441725641616,"17,582",Not yet rated,NULL,$24
CATM,$33.88,1441725641793,"40,014",100% bearish,of 1 rating,$44
CRME,$9.4,1441725641858,600,89% bullish,of 9 ratings,$11.25
CDNA,$7.05,1441725641892,"3,390",100% bearish,of 1 rating,$9
CSII,$23.055,1441725642027,"60,056",100% bearish,of 2 ratings,$42.125
CECO,$3.99,1441725642099,"107,982",67% bearish,of 3 ratings,$6
CKEC,$23.07,1441725642159,"54,902",50% bullish,of 2 ratings,$35.915
CTRE,$11.05,1441725642189,"29,001",50% bullish,of 2 ratings,$13.50
CLBH,$12.8,1441725642219,"2,493",Not yet rated,NULL,$16.50
CART,$5.3501,1441725642290,570,100% bearish,of 1 rating,N/A
CARO,$15.2999,1441725642317,600,100% bearish,of 1 rating,$19
CRZO,$36.53,1441725642459,"254,332",67% bearish,of 3 ratings,$54.50
CRTN,NULL,1441725642530,0,100% bearish,of 1 rating,N/A
TAST,$12.8,1441725642700,"52,465",Not yet rated,NULL,$14.25
CASM,$1.2,1441725642726,"5,137",100% bullish,of 1 rating,$3.50
CARV,$6.96,1441725642769,"8,616",50% bullish,of 2 ratings,N/A
CACB,$5.37,1441725642854,"7,713",Not yet rated,NULL,$5.50
CWST,$6.59,1441725642954,"50,340",50% bullish,of 2 ratings,$7.25
CASY,$107.14,1441725642982,"49,089",50% bullish,of 2 ratings,$99.50
CSCD,$15.46,1441725643011,"6,941",100% bullish,of 2 ratings,$17
CASS,$49.11,1441725643114,"1,526",100% bearish,of 1 rating,N/A
CATB,$11.41,1441725643204,"5,664",100% bearish,of 1 rating,$28
CASI,$1.22,1441725643244,"15,343",100% bullish,of 1 rating,$3.50
CPRX,$3.81,1441725643274,"61,080",71% bullish,of 7 ratings,$7
CATY,$29.41,1441725643375,"78,772",100% bearish,of 1 rating,$33.50
CATYW,NULL,1441725643433,0,100% bearish,of 1 rating,N/A
CAVM,$71.1,1441725643512,"77,760",67% bearish,of 3 ratings,$72
CVCO,$70.48,1441725643562,"7,164",100% bearish,of 1 rating,N/A
CNLM,$9.99,1441725643647,"6,700",Not yet rated,NULL,N/A
CNLMR,NULL,1441725643696,0,Not yet rated,NULL,N/A
CBFV,$20.599,1441725643799,304,Not yet rated,NULL,$25
CNLMU,NULL,1441725643838,0,100% bullish,of 1 rating,N/A
CNLMW,$0.3,1441725643862,"1,000",Not yet rated,NULL,N/A
CDW,$39.9,1441725643996,"238,332",75% bullish,of 4 ratings,$44
CBOE,$63.725,1441725644052,"51,941",Not yet rated,NULL,$63
CDK,$49.12,1441725644079,"60,212",67% bearish,of 3 ratings,$50
CPXX,$2.47,1441725644155,"143,867",100% bullish,of 2 ratings,$7
CECE,$9.19,1441725644215,"52,412",50% bullish,of 2 ratings,$16
CELGZ,$1.8,1441725644243,"3,431",80% bullish,of 5 ratings,N/A
CELG,$119.49,1441725644318,"729,210",92% bullish,of 13 ratings,$156
CLDX,$14.32,1441725644425,"111,257",89% bullish,of 9 ratings,$36
CLDN,$1.25,1441725644450,"89,647",63% bullish,of 8 ratings,$3
CLRBW,NULL,1441725644610,0,Not yet rated,NULL,N/A
CLRB,NULL,1441725644650,0,100% bearish,of 1 rating,N/A
CLLS,$31.98,1441725644717,"17,343",75% bullish,of 4 ratings,$51.50
CLSN,$2.04,1441725644749,"63,345",80% bullish,of 10 ratings,$7.50
CBMG,$23.36,1441725644775,"25,057",50% bullish,of 2 ratings,N/A
CYAD,$44.55,1441725644847,"1,527",100% bullish,of 1 rating,$87.50
CLTX,$1.96,1441725644925,"49,222",100% bullish,of 2 ratings,N/A
CEMP,$34.89,1441725645134,"272,324",71% bullish,of 7 ratings,$52
CETX,$2.52,1441725645202,"4,468",Not yet rated,NULL,$5.60
CETV,$2.1,1441725645267,"6,982",67% bullish,of 3 ratings,$2.80
CSFL,$14.05,1441725645295,"13,396",Not yet rated,NULL,$15
CENT,$15,1441725645316,"145,077",Not yet rated,NULL,$10
CFBK,NULL,1441725645346,0,Not yet rated,NULL,N/A
CENX,$5.5701,1441725645652,"410,839",67% bullish,of 6 ratings,$9
CVCY,$11.75,1441725645702,400,Not yet rated,NULL,$12
CENTA,$15.36,1441725645740,"74,907",Not yet rated,NULL,N/A
CRNT,$1.36,1441725645808,"60,994",50% bullish,of 2 ratings,$2
CNBKA,$39.826,1441725645964,"1,100",50% bullish,of 2 ratings,N/A
CERE,$1.12,1441725645994,"31,066",88% bullish,of 8 ratings,N/A
CNTY,$5.88,1441725646019,"3,634",80% bullish,of 5 ratings,$7.75
CPHD,$50.54,1441725646043,"112,440",67% bearish,of 3 ratings,$66
CERN,$62.24,1441725646272,"341,050",67% bullish,of 3 ratings,$79
KOOL,$0.61,1441725646360,"3,310",100% bullish,of 5 ratings,$7
CERS,$5.31,1441725646406,"126,096",75% bullish,of 4 ratings,$7
CERU,$4.37,1441725646452,"10,282",75% bullish,of 4 ratings,$14
CEVA,$19.38,1441725646479,"8,049",100% bearish,of 1 rating,$25
HOTR,$1.32,1441725646500,"49,002",100% bullish,of 2 ratings,$5
CYOU,$19.29,1441725646630,"40,433",50% bullish,of 6 ratings,$24
HOTRW,$0.1201,1441725646678,"6,500",Not yet rated,NULL,N/A
CTHR,$1.27,1441725646710,"1,855",50% bullish,of 2 ratings,$2.50
CHTR,$183.49,1441725646875,"126,332",67% bearish,of 3 ratings,$202
CHFN,$12.27,1441725646932,"3,381",Not yet rated,NULL,$14
GTLS,$23.425,1441725646957,"45,775",50% bullish,of 4 ratings,$40
CHKP,$77.665,1441725647132,"196,151",50% bullish,of 4 ratings,$92
CHEKW,NULL,1441725647232,0,Not yet rated,NULL,N/A
CEMI,$4.22,1441725647379,665,50% bullish,of 2 ratings,$7.50
CCXI,$6.26,1441725647407,"10,129",67% bullish,of 3 ratings,$14
CHEK,$2.5,1441725647436,400,Not yet rated,NULL,$7.75
CHEV,$14.68,1441725647536,"1,210",Not yet rated,NULL,N/A
CHFC,$30.8,1441725647566,"22,833",100% bearish,of 1 rating,$36
CHKE,$25.65,1441725647740,"1,276",100% bearish,of 1 rating,$32.50
CHMA,$28.23,1441725647768,"54,898",Not yet rated,NULL,$40
CHMG,$26.41,1441725647806,676,Not yet rated,NULL,$30
PLCE,$57.9,1441725647833,"30,441",100% bearish,of 1 rating,$69
CBNK,$16.51,1441725647904,900,100% bearish,of 1 rating,N/A
CMRX,$50.7283,1441725648013,"34,624",50% bullish,of 2 ratings,$57
CADC,NULL,1441725648061,0,78% bullish,of 9 ratings,N/A
CALI,$0.82,1441725648230,6,67% bullish,of 3 ratings,N/A
CBAK,$2.07,1441725648277,"31,755",67% bullish,of 9 ratings,N/A
CAAS,$6.01,1441725648307,"4,250",93% bullish,of 14 ratings,$11.50
CBPO,$97.6,1441725648378,"32,038",75% bullish,of 8 ratings,$140.50
CCCR,NULL,1441725648449,0,67% bearish,of 3 ratings,N/A
CCCL,$0.75,1441725648474,"1,003",100% bullish,of 6 ratings,N/A
JRJC,$3.6,1441725648556,"34,202",82% bullish,of 11 ratings,N/A
CHOP,$1.1233,1441725648686,"1,623",50% bullish,of 2 ratings,N/A
CHLN,$1.96,1441725648777,"1,926",67% bullish,of 3 ratings,N/A
HGSH,$1.77,1441725648806,"1,000",67% bullish,of 3 ratings,N/A
CJJD,$1.86,1441725648834,"3,300",100% bullish,of 1 rating,N/A
HTHT,$25.58,1441725648967,"19,649",50% bullish,of 2 ratings,$28.40
CNIT,$1.16,1441725648997,"18,259",67% bullish,of 6 ratings,N/A
CHNR,$1.71,1441725649101,"2,203",100% bearish,of 1 rating,N/A
CREG,$0.6501,1441725649178,"5,100",100% bullish,of 3 ratings,N/A
CPGI,NULL,1441725649248,0,Not yet rated,NULL,N/A
CNTF,$0.7999,1441725649349,"7,541",Not yet rated,NULL,N/A
CSUN,$1.376,1441725649385,743,80% bullish,of 5 ratings,N/A
CXDC,$6.13,1441725649409,"4,758",67% bearish,of 3 ratings,N/A
CNET,$0.8599,1441725649540,"1,548",50% bullish,of 2 ratings,N/A
CCIH,$7.96,1441725649590,"48,401",67% bullish,of 6 ratings,$12.65
IMOS,$19.74,1441725649618,"95,867",60% bullish,of 5 ratings,$21.50
CNYD,$3.23,1441725649669,"3,300",67% bullish,of 3 ratings,N/A
CHSCO,$28.5075,1441725649805,"4,862",Not yet rated,NULL,N/A
CHSCL,$27.19,1441725649838,"8,981",Not yet rated,NULL,N/A
CHSCM,$26.17,1441725649900,"10,876",Not yet rated,NULL,N/A
CHSCN,$27.01,1441725649925,"1,800",Not yet rated,NULL,N/A
CHSCP,$30.2,1441725650091,"10,369",Not yet rated,NULL,N/A
CHUY,$31.23,1441725650146,"25,504",50% bullish,of 2 ratings,$34
CHDN,$135.49,1441725650243,"8,732",Not yet rated,NULL,$165
CDTX,$14.64,1441725650275,"9,850",Not yet rated,NULL,$22
CMCT,$15.96,1441725650304,"3,717",100% bearish,of 1 rating,N/A
CIFC,$7.25,1441725650329,"2,919",100% bearish,of 1 rating,N/A
CMPR,$72.9,1441725650463,"55,041",50% bullish,of 2 ratings,$72.50
CTAS,$85.1101,1441725650507,"51,229",100% bearish,of 1 rating,$91
CINF,$52.59,1441725650532,"105,100",50% bullish,of 4 ratings,$50.50
CPHR,$5.1317,1441725650729,"2,200",100% bearish,of 1 rating,$17
CIDM,$0.5405,1441725650832,"15,577",50% bullish,of 2 ratings,$2.10
CRUS,$30.48,1441725650899,"140,608",75% bullish,of 12 ratings,$44.50
CSCO,$26.052,1441725650963,"4,341,769",83% bullish,of 210 ratings,$32
CZNC,$19.51,1441725651001,"2,332",Not yet rated,NULL,N/A
CZWI,$8.92,1441725651151,500,Not yet rated,NULL,N/A
CTRN,$25.25,1441725651279,"22,732",100% bearish,of 1 rating,$31.50
CZFC,$12.75,1441725651306,"5,200",Not yet rated,NULL,N/A
CTXS,$68.72,1441725651334,"207,418",86% bullish,of 7 ratings,$80
CHCO,$47.35,1441725651362,"4,306",Not yet rated,NULL,$46
CIVBP,NULL,1441725651509,0,Not yet rated,NULL,N/A
CDTI,$1.6021,1441725651538,"7,696",75% bullish,of 4 ratings,$3.20
CIZN,NULL,1441725651562,0,Not yet rated,NULL,N/A
CIVB,$10.04,1441725651610,100,Not yet rated,NULL,$11
CLNT,$1.535,1441725651865,397,75% bullish,of 8 ratings,N/A
CLNE,$5.13,1441725651896,"203,906",80% bullish,of 15 ratings,$9
CLFD,$17.18,1441725651998,"6,373",67% bullish,of 3 ratings,$18
CLRO,$11.38,1441725652023,"3,160",50% bullish,of 2 ratings,$14.25
CLIR,$5.35,1441725652048,"36,774",100% bullish,of 3 ratings,N/A
CSBK,$13.91,1441725652189,"14,408",Not yet rated,NULL,N/A
CBLI,$4.3688,1441725652256,"10,023",60% bullish,of 5 ratings,N/A
CCNE,$17.08,1441725652383,"1,363",50% bullish,of 2 ratings,$21.50
CMFN,$11.37,1441725652443,"4,038",100% bearish,of 1 rating,$15.50
CLVS,$83.57,1441725652471,"105,084",60% bullish,of 5 ratings,$101.50
CISG,$8,1441725652497,"31,421",100% bullish,of 5 ratings,$10
CME,$92.98,1441725652520,"190,001",67% bullish,of 3 ratings,$102
CWAY,$11.16,1441725652693,200,Not yet rated,NULL,N/A
CNV,$4.31,1441725652753,"10,964",50% bullish,of 2 ratings,$7.15
COKE,$161.24,1441725652931,"4,810",79% bullish,of 19 ratings,N/A
CDXS,$3.47,1441725653014,"2,236",64% bullish,of 11 ratings,$6
COBZ,$12.93,1441725653061,"5,105",100% bullish,of 1 rating,$14
CDRB,$9.6,1441725653092,"10,518",67% bullish,of 3 ratings,N/A
CVLY,NULL,1441725653193,0,Not yet rated,NULL,N/A
CCOI,$27.14,1441725653218,"60,910",50% bullish,of 4 ratings,$35
JVA,$4.8276,1441725653257,"4,624",83% bullish,of 6 ratings,$7
CTSH,$62.49,1441725653487,"581,044",90% bullish,of 10 ratings,$75
CGNT,$1.565,1441725653520,"4,301",100% bullish,of 2 ratings,$2
CGNX,$35.81,1441725653594,"95,537",50% bullish,of 2 ratings,$47
CLRX,$0.69,1441725653626,"14,439",50% bullish,of 2 ratings,N/A
COHR,$55.95,1441725653652,"6,336",50% bullish,of 2 ratings,$72
CHRS,$25.41,1441725653719,"66,743",67% bearish,of 3 ratings,$37
COHU,$9.535,1441725653823,"19,728",100% bearish,of 1 rating,$14.25
COLL,$16.16,1441725653993,"16,732",100% bearish,of 1 rating,$26
CLCT,$17.8105,1441725654020,"6,779",100% bearish,of 1 rating,N/A
CIGI,$42.07,1441725654047,"5,500",100% bearish,of 1 rating,$52
CBAN,$8.75,1441725654072,"1,200",Not yet rated,NULL,N/A
CLCD,$6.2,1441725654203,"3,149",100% bearish,of 1 rating,$20.50
COLB,$29.79,1441725654228,"11,308",Not yet rated,NULL,$36
COLM,$61.94,1441725654374,"14,430",100% bearish,of 1 rating,$71
CMCO,$19.145,1441725654407,"9,827",60% bullish,of 5 ratings,$28
CBMX,$1.1299,1441725654433,"7,702",83% bullish,of 6 ratings,$3.15
CMCSA,$56.55,1441725654507,"2,230,291",66% bullish,of 35 ratings,$69.50
CMCSK,$57.56,1441725654691,"556,054",Not yet rated,NULL,$84
CBSH,$44.23,1441725654766,"55,913",50% bullish,of 2 ratings,$46
CBSHP,$25.3,1441725654831,"6,971",100% bearish,of 1 rating,N/A
ESXB,$5.03,1441725654859,"2,210",Not yet rated,NULL,N/A
CUBN,$13.25,1441725654884,"4,100",Not yet rated,NULL,N/A
CVGI,$4.98,1441725654915,"52,869",50% bullish,of 2 ratings,$6
COMM,$33.3225,1441725655021,"163,482",67% bearish,of 3 ratings,$35
CSAL,$20.46,1441725655053,"123,107",75% bullish,of 4 ratings,$30
CTBI,$34.97,1441725655275,"2,427",Not yet rated,NULL,$36
CYHHZ,$0.012,1441725655335,"17,000",100% bullish,of 1 rating,N/A
JCS,$8.72,1441725655463,200,67% bullish,of 3 ratings,N/A
CVLT,$35.69,1441725655528,"31,586",75% bullish,of 4 ratings,$44.50
COB,$10.36,1441725655553,"2,658",100% bullish,of 1 rating,$11.75
CIZ,$32.8799,1441725655622,220,100% bearish,of 1 rating,N/A
CWBC,NULL,1441725655695,0,Not yet rated,NULL,N/A
CID,NULL,1441725655765,0,Not yet rated,NULL,N/A
CIL,NULL,1441725655791,0,Not yet rated,NULL,N/A
CSF,NULL,1441725655998,0,100% bearish,of 1 rating,N/A
CSA,NULL,1441725656029,0,Not yet rated,NULL,N/A
CFO,$35.18,1441725656064,"1,205",100% bearish,of 1 rating,N/A
CDC,$34.2199,1441725656132,230,Not yet rated,NULL,N/A
CSB,NULL,1441725656159,0,Not yet rated,NULL,N/A
CDL,NULL,1441725656184,0,Not yet rated,NULL,N/A
CFA,NULL,1441725656233,0,100% bearish,of 1 rating,N/A
CGEN,$5.22,1441725656548,"80,902",50% bullish,of 2 ratings,$11
CTG,$6.58,1441725656579,"3,853",100% bearish,of 1 rating,$8.50
CPSI,$45.43,1441725656613,"8,789",100% bearish,of 1 rating,$45.50
CHCI,$0.7,1441725656676,"17,441",50% bullish,of 2 ratings,N/A
CNSI,$18.74,1441725656707,"24,805",100% bearish,of 2 ratings,$29
CMTL,$26.12,1441725656733,"6,100",100% bearish,of 2 ratings,$37
SCOR,$47.83,1441725656770,"58,336",100% bearish,of 1 rating,$66
CNCE,$16.355,1441725656957,"54,332",75% bullish,of 4 ratings,$22
CXRX,$75.39,1441725657052,"14,794",100% bearish,of 1 rating,$90
CNAT,$3.85,1441725657086,"19,490",83% bullish,of 6 ratings,$13
CDORP,$6.3,1441725657189,"1,800",100% bearish,of 1 rating,N/A
CDORO,NULL,1441725657237,0,100% bearish,of 1 rating,N/A
CDOR,$1.28,1441725657317,"1,600",100% bullish,of 1 rating,N/A
CCUR,$5.34,1441725657367,"4,783",75% bullish,of 4 ratings,N/A
CFMS,$14.35,1441725657393,"103,783",100% bearish,of 1 rating,$26.50
CNFR,$10.3399,1441725657529,"2,307",Not yet rated,NULL,N/A
CNMD,$51.31,1441725657660,"7,471",Not yet rated,NULL,$59
CTWS,$34.55,1441725657791,"2,309",100% bearish,of 1 rating,$44
CNXR,$6.75,1441725657879,"6,220",100% bearish,of 1 rating,$12
CONN,$29.59,1441725657907,"175,835",67% bullish,of 3 ratings,$48.50
CTCT,$25.11,1441725657940,"32,339",67% bullish,of 3 ratings,$37
CNSL,$19.86,1441725658036,"20,365",100% bearish,of 1 rating,$23
CNOB,$19.2,1441725658061,"3,443",100% bullish,of 1 rating,$23.50
CWCO,$10.61,1441725658094,"15,520",67% bullish,of 3 ratings,$14.50
CFRXZ,NULL,1441725658308,0,Not yet rated,NULL,N/A
CPSS,$5.46,1441725658335,"8,960",100% bullish,of 1 rating,$10
CFRXW,NULL,1441725658364,0,100% bearish,of 1 rating,N/A
CFRX,$4.88,1441725658405,"9,363",Not yet rated,NULL,$14
CTRV,$3.47,1441725658466,443,Not yet rated,NULL,$6.40
CTRL,$8.52,1441725658539,"36,339",50% bullish,of 2 ratings,$11
CPRT,$34.85,1441725658686,"59,157",67% bearish,of 3 ratings,$40
CRBP,$1.8736,1441725658792,"26,411",100% bullish,of 2 ratings,$6.25
CORI,$10.59,1441725658822,"5,298",100% bearish,of 1 rating,$18
CORT,$4.9,1441725658858,"44,880",67% bullish,of 3 ratings,$12
BVA,NULL,1441725658919,0,50% bullish,of 2 ratings,N/A
CORE,$59.19,1441725658994,"6,930",100% bearish,of 1 rating,$72
CSGP,$177.25,1441725659091,"18,456",50% bullish,of 2 ratings,$235
CSOD,$37,1441725659116,"37,164",50% bullish,of 2 ratings,$42
CRVL,$32.36,1441725659253,"4,035",100% bearish,of 1 rating,N/A
COSI,$1.07,1441725659354,"49,815",100% bullish,of 1 rating,N/A
CPAH,NULL,1441725659378,0,50% bullish,of 2 ratings,N/A
ICBK,$18.96,1441725659403,600,Not yet rated,NULL,$21
CVTI,$23.03,1441725659630,"8,772",67% bearish,of 3 ratings,$39
COVS,$2.42,1441725659691,"57,410",67% bullish,of 3 ratings,N/A
COST,$139.41,1441725659720,"237,638",79% bullish,of 24 ratings,$154.50
COWNL,NULL,1441725659759,0,Not yet rated,NULL,N/A
COWN,$5.055,1441725659823,"175,972",75% bullish,of 4 ratings,$7
CRAI,$23.18,1441725659892,947,100% bearish,of 1 rating,$36
CPSH,$2.25,1441725659966,"10,800",Not yet rated,NULL,N/A
CBRL,$147.815,1441725660051,"35,676",50% bullish,of 2 ratings,$155
BREW,$7.85,1441725660105,"2,666",67% bullish,of 6 ratings,$15
CRAY,$21.38,1441725660209,"20,348",83% bullish,of 6 ratings,$38.50
CACC,$199.39,1441725660317,"20,348",50% bullish,of 2 ratings,$158.50
GLDI,$10.94,1441725660422,12,100% bearish,of 1 rating,N/A
CRTO,$36.05,1441725660478,"164,084",67% bullish,of 6 ratings,$64
SLVO,$10.0401,1441725660507,"1,603",100% bearish,of 1 rating,N/A
CRESY,$10.28,1441725660530,"4,968",100% bearish,of 1 rating,$19
CREE,$26.955,1441725660558,"188,417",65% bullish,of 17 ratings,$29.50
CROX,$13.95,1441725660609,"147,514",63% bullish,of 8 ratings,$16.50
CRDS,$1.2,1441725660759,"15,437",50% bullish,of 4 ratings,$3.375
CCRN,$14.27,1441725660816,"51,534",100% bearish,of 1 rating,$14.25
CRWS,$8.1389,1441725660842,"7,719",Not yet rated,NULL,$10
CRWN,$5.27,1441725660991,"50,605",75% bullish,of 4 ratings,N/A
CYRX,$3.07,1441725661016,"10,882",Not yet rated,NULL,$9
CYRXW,$0.78,1441725661043,"7,952",Not yet rated,NULL,N/A
CCLP,$13.86,1441725661290,"23,651",67% bearish,of 3 ratings,$20
CSGS,$29.98,1441725661320,"18,760",Not yet rated,NULL,$40
CTCM,$1.7,1441725661420,"52,079",80% bearish,of 5 ratings,$3.90
CTRP,$66.8796,1441725661597,"350,955",75% bullish,of 8 ratings,$92.50
CSPI,$5.78,1441725661628,200,67% bullish,of 3 ratings,N/A
CUNB,$21.94,1441725661656,"1,928",Not yet rated,NULL,$24.50
CTIC,$1.56,1441725661697,"267,951",84% bullish,of 76 ratings,$5.75
CUI,$5.31,1441725661733,"2,200",50% bullish,of 2 ratings,$10
CTIB,NULL,1441725661789,0,100% bearish,of 1 rating,N/A
CPIX,$6.05,1441725661918,"4,686",Not yet rated,NULL,N/A
CMLS,$1.295,1441725662054,"28,807",50% bullish,of 4 ratings,$6
CRIS,$2.54,1441725662081,"34,087",100% bullish,of 8 ratings,$6
CUTR,$15.1,1441725662106,"6,798",67% bearish,of 3 ratings,$18
CVV,$11.605,1441725662136,"8,409",100% bullish,of 5 ratings,N/A
CVBF,$16.29,1441725662167,"102,431",Not yet rated,NULL,$18
CYAN,$6.13,1441725662270,"1,026",100% bearish,of 1 rating,N/A
CYBR,$46.5,1441725662414,"399,150",75% bullish,of 8 ratings,$68.50
CYCC,$0.5899,1441725662547,"63,266",73% bullish,of 11 ratings,N/A
CYCCP,$5.5,1441725662585,564,100% bearish,of 1 rating,N/A
CYBX,$66.66,1441725662676,"122,867",50% bullish,of 4 ratings,$71.50
CBAY,$2.95,1441725662706,"249,578",100% bullish,of 1 rating,$4
CYNA,$16.02,1441725662727,720,50% bullish,of 2 ratings,$31.50
CYBE,$6.85,1441725662859,862,100% bearish,of 1 rating,N/A
CY,$10.19,1441725662906,"587,715",80% bullish,of 10 ratings,$15.50
CYNO,$34.2,1441725663040,"44,839",67% bearish,of 3 ratings,$45.50
CYTX,$0.3856,1441725663173,"627,608",83% bullish,of 12 ratings,$5.50
CONE,$32.39,1441725663213,"41,922",67% bearish,of 3 ratings,$35.50
CTSO,$7.4495,1441725663238,"13,036",Not yet rated,NULL,$15.625
CYTK,$7.52,1441725663267,"84,121",71% bullish,of 14 ratings,$13.50
CYRN,$1.7952,1441725663293,"1,231",67% bullish,of 3 ratings,$4
CYTR,$2.46,1441725663475,"189,906",67% bullish,of 6 ratings,$10
ZIV,$35.88,1441725663720,"36,748",Not yet rated,NULL,N/A
DAEG,$0.35,1441725663746,700,100% bearish,of 1 rating,N/A
TVIX,$15.19,1441725663773,"3,596,701",81% bullish,of 16 ratings,N/A
DJCO,$198.3999,1441725663802,800,Not yet rated,NULL,N/A
XIV,$23.9601,1441725663827,"6,592,339",75% bearish,of 4 ratings,N/A
TVIZ,$22.45,1441725663903,"1,007",100% bearish,of 1 rating,N/A
DAKT,$8.47,1441725664049,"27,617",50% bullish,of 2 ratings,$12
DARA,$0.8281,1441725664107,"3,480",83% bullish,of 6 ratings,$1.50
DAIO,$2.54,1441725664274,525,Not yet rated,NULL,N/A
PLAY,$36.79,1441725664304,"79,786",100% bullish,of 5 ratings,$42
DTLK,$5.56,1441725664331,"23,154",100% bearish,of 1 rating,$9
DTEA,$13.3399,1441725664503,"27,609",100% bearish,of 2 ratings,$24
DWSN,$4.4,1441725664551,"1,769",67% bullish,of 3 ratings,N/A
DRAM,$1.3,1441725664580,"7,436",78% bullish,of 9 ratings,N/A
DWCH,$4.77,1441725664632,"19,162",75% bullish,of 4 ratings,$8.25
DBVT,$36.3,1441725664733,"23,216",100% bearish,of 1 rating,$53
TRAK,$62.87,1441725664840,"62,045",50% bullish,of 2 ratings,$62.50
DHRM,$1.6,1441725664865,700,Not yet rated,NULL,N/A
DFRG,$14.13,1441725664892,"41,082",100% bearish,of 1 rating,$20
TACO,$13.63,1441725665066,"78,082",75% bullish,of 4 ratings,$20
DCTH,$0.4924,1441725665214,"385,307",78% bullish,of 9 ratings,N/A
DGAS,$20.3,1441725665319,516,67% bearish,of 3 ratings,N/A
TACOW,$4.62,1441725665403,"8,200",100% bullish,of 1 rating,N/A
DENN,$11.37,1441725665449,"38,919",100% bullish,of 3 ratings,$15
DELT,NULL,1441725665473,0,Not yet rated,NULL,N/A
DELTW,$0.17,1441725665530,"2,200",Not yet rated,NULL,N/A
XRAY,$51.89,1441725665556,"102,576",100% bullish,of 1 rating,$58
DEPO,$27.26,1441725665693,"243,914",60% bullish,of 5 ratings,$29
DSCI,$6.28,1441725665728,"13,061",50% bullish,of 2 ratings,$16
DXM,$0.375,1441725665903,"834,983",50% bullish,of 2 ratings,N/A
DEST,$10.21,1441725665978,"10,229",50% bullish,of 2 ratings,N/A
DXLG,$6.45,1441725666033,"27,675",100% bearish,of 1 rating,$8
DSWL,$1.5,1441725666111,"4,433",100% bullish,of 1 rating,N/A
DERM,$26.58,1441725666136,"15,590",100% bearish,of 1 rating,$33.50
DXCM,$89.31,1441725666167,"84,041",57% bullish,of 7 ratings,$98
DHXM,$6.16,1441725666267,"2,900",100% bearish,of 1 rating,N/A
DMND,$30.81,1441725666418,"9,772",75% bullish,of 12 ratings,$32
FANG,$67.29,1441725666478,"123,516",50% bullish,of 2 ratings,$86
DCIX,$1.5498,1441725666507,"2,900",50% bullish,of 4 ratings,$3.50
DHIL,$190.3001,1441725666612,333,100% bearish,of 1 rating,N/A
DMRC,$39.34,1441725666647,"12,626",100% bearish,of 1 rating,$44
DRNA,$11.12,1441725666685,"45,132",67% bearish,of 3 ratings,$25
DGII,$10.35,1441725666742,"8,642",100% bearish,of 1 rating,$11
DRAD,$3.87,1441725666767,"2,553",100% bullish,of 1 rating,$5.25
DGLY,$7.3587,1441725666927,"27,903",50% bullish,of 6 ratings,$20
DIOD,$23,1441725667099,"60,287",75% bearish,of 4 ratings,$28
APPS,$2.2,1441725667156,"24,960",100% bearish,of 1 rating,$10.25
DCOM,$16.75,1441725667185,"10,203",100% bearish,of 2 ratings,$16
DISCB,$27.35,1441725667227,200,100% bearish,of 1 rating,$35
DPRX,$14.404,1441725667252,"9,623",100% bullish,of 2 ratings,$27.75
DISCA,$27.75,1441725667283,"529,138",67% bullish,of 3 ratings,$34
DISCK,$26.14,1441725667383,"276,176",100% bearish,of 1 rating,$32
DVCR,$10.6521,1441725667541,"2,020",100% bullish,of 1 rating,N/A
BAGR,$2.67,1441725667630,"5,500",100% bearish,of 1 rating,$6
DNBF,$26.3,1441725667707,200,Not yet rated,NULL,$27.50
DLTR,$68.31,1441725667762,"959,085",82% bullish,of 11 ratings,$85
DISH,$59.73,1441725667909,"145,020",69% bullish,of 13 ratings,$73
DSCO,$0.4351,1441725667974,"32,549",83% bullish,of 6 ratings,$2.75
DGICA,$13.76,1441725668008,"2,235",100% bearish,of 1 rating,$17
DLHC,NULL,1441725668050,0,100% bearish,of 1 rating,N/A
DGICB,NULL,1441725668142,0,100% bearish,of 1 rating,N/A
DORM,$50.35,1441725668167,"17,734",100% bearish,of 1 rating,$56
HILL,$9.68,1441725668192,"459,794",60% bearish,of 5 ratings,$9.75
DMLP,$14.75,1441725668243,"5,996",100% bearish,of 1 rating,N/A
DRYS,$0.4559,1441725668493,"793,501",77% bullish,of 31 ratings,$.60
DRWI,$0.185,1441725668533,"274,263",60% bullish,of 5 ratings,$.45
DRWIW,$0.045,1441725668596,"16,100",Not yet rated,NULL,N/A
DWA,$21.17,1441725668623,"68,744",63% bullish,of 8 ratings,$26
DSKX,$3.4284,1441725668757,"32,931",100% bullish,of 1 rating,N/A
DSPG,$8.935,1441725668821,"2,537",100% bearish,of 1 rating,$13.50
CADT,$10,1441725668888,100,Not yet rated,NULL,N/A
CADTR,NULL,1441725669137,0,Not yet rated,NULL,N/A
CADTU,$10.26,1441725669165,201,Not yet rated,NULL,N/A
DXPE,$30.665,1441725669265,"16,837",50% bullish,of 2 ratings,N/A
DNKN,$49.13,1441725669408,"96,581",67% bullish,of 15 ratings,$56.50
DRRX,$2.13,1441725669438,"20,931",50% bullish,of 6 ratings,$3
DTSI,$27.2901,1441725669467,"26,588",100% bearish,of 2 ratings,$39.50
CADTW,NULL,1441725669541,0,Not yet rated,NULL,N/A
DYAX,$22.29,1441725669565,"99,406",89% bullish,of 9 ratings,$30
BOOM,$10.1,1441725669592,"43,592",67% bullish,of 3 ratings,$12
DYSL,$1.485,1441725669733,"1,545",100% bullish,of 2 ratings,N/A
DYNT,NULL,1441725669798,0,75% bullish,of 4 ratings,N/A
ETFC,$27.1,1441725669836,"1,533,954",57% bullish,of 14 ratings,$32.50
DVAX,$28.72,1441725669889,"44,970",70% bullish,of 10 ratings,$40
EBMT,$11.46,1441725670021,"4,513",Not yet rated,NULL,$13.50
EGBN,$41.61,1441725670119,"7,665",Not yet rated,NULL,$48
EGLE,$6.57,1441725670190,"2,918",60% bullish,of 5 ratings,N/A
EROC,$1.4901,1441725670256,"30,896",50% bullish,of 2 ratings,$3
ELNK,$8.51,1441725670330,"65,935",60% bullish,of 5 ratings,$9.50
EWBC,$39.375,1441725670354,"93,661",100% bearish,of 1 rating,$50
EGRX,$83.8472,1441725670381,"77,128",67% bullish,of 3 ratings,$97
EACQU,$10.15,1441725670425,"1,100",Not yet rated,NULL,N/A
EBAY,$26.41,1441725670625,"3,153,278",81% bullish,of 117 ratings,$33
EVBS,$6.75,1441725670726,507,Not yet rated,NULL,$7
EML,$16.4,1441725670778,20,Not yet rated,NULL,N/A
EBIX,$28.06,1441725670818,"36,607",69% bullish,of 13 ratings,$40
ECHO,$23.15,1441725670921,"48,192",67% bearish,of 3 ratings,$34.50
ELON,$0.59,1441725670950,"29,594",50% bullish,of 2 ratings,N/A
ECTE,$1.49,1441725670970,700,75% bullish,of 4 ratings,N/A
SATS,$44.09,1441725671020,"9,960",50% bullish,of 2 ratings,$60
ESES,$3.49,1441725671181,200,100% bearish,of 1 rating,$7
EDAP,$3.59,1441725671212,"6,444",60% bullish,of 5 ratings,$4.50
ECACU,$10.1,1441725671284,"2,500",Not yet rated,NULL,N/A
EDGW,$7.2,1441725671308,775,100% bearish,of 1 rating,N/A
EEI,$11.8623,1441725671347,"1,500",67% bearish,of 3 ratings,N/A
EDUC,$7.04,1441725671506,"18,178",100% bearish,of 1 rating,N/A
EFUT,$4.64,1441725671536,959,Not yet rated,NULL,N/A
EGAN,$3.8,1441725671667,893,50% bullish,of 2 ratings,$6.25
EGLT,$13.06,1441725671712,"9,858",50% bullish,of 2 ratings,$21
EHTH,$14.34,1441725671744,"27,725",50% bullish,of 4 ratings,$17
LOCO,$12.45,1441725671800,"171,369",69% bullish,of 13 ratings,$19.50
EMITF,$1.26,1441725672040,"63,202",75% bullish,of 4 ratings,N/A
ESLT,$79.832,1441725672114,"1,923",67% bullish,of 3 ratings,N/A
EA,$67.39,1441725672175,"651,116",78% bullish,of 36 ratings,$80
ERI,$9.39,1441725672205,"10,232",100% bearish,of 1 rating,$10
ESIO,$4.76,1441725672235,"17,945",50% bullish,of 2 ratings,$10
EFII,$43.77,1441725672260,"21,707",80% bullish,of 5 ratings,$55
ELRC,$10.62,1441725672303,"2,982",100% bearish,of 1 rating,N/A
ELSE,NULL,1441725672532,0,60% bullish,of 5 ratings,N/A
ELEC,NULL,1441725672674,0,Not yet rated,NULL,N/A
ELECW,NULL,1441725672698,0,Not yet rated,NULL,N/A
EBIO,$3.33,1441725672723,"51,824",100% bearish,of 2 ratings,$8.35
ELECU,NULL,1441725672855,0,Not yet rated,NULL,N/A
CAPX,NULL,1441725672881,0,Not yet rated,NULL,N/A
RDEN,$11.6,1441725672904,"13,289",100% bearish,of 4 ratings,$15
ELTK,$1.2806,1441725673049,"17,367",67% bearish,of 3 ratings,N/A
ESBK,$19.63,1441725673110,795,Not yet rated,NULL,N/A
EMKR,$6.91,1441725673141,"17,072",75% bullish,of 4 ratings,$8.50
LONG,$16.84,1441725673177,"3,800",67% bullish,of 3 ratings,$15.75
EMCI,$22.35,1441725673238,"1,590",Not yet rated,NULL,N/A
EMMS,$1.25,1441725673323,"10,500",67% bullish,of 6 ratings,N/A
EMCF,$22.8,1441725673349,100,100% bearish,of 1 rating,N/A
NYNY,$4.71,1441725673491,"16,906",50% bullish,of 2 ratings,N/A
EMMSP,NULL,1441725673524,0,100% bearish,of 1 rating,N/A
ECPG,$37.43,1441725673766,"41,721",100% bullish,of 2 ratings,$52
ECYT,$5.06,1441725673896,"78,347",83% bullish,of 6 ratings,$12
ENTA,$39.62,1441725673923,"37,224",50% bullish,of 2 ratings,$42
ERS,NULL,1441725673943,0,Not yet rated,NULL,N/A
WIRE,$33.2,1441725673991,"14,914",100% bearish,of 1 rating,$37
ELGX,$13.315,1441725674078,"95,175",75% bullish,of 4 ratings,$17
ENDP,$75.56,1441725674109,"255,438",50% bullish,of 6 ratings,$101.50
EIGI,$14.96,1441725674130,"43,798",67% bearish,of 3 ratings,$22.50
EFOI,$27.4064,1441725674280,"436,000",67% bullish,of 3 ratings,$24.50
WATT,$6.98,1441725674308,"14,901",50% bullish,of 2 ratings,$13
EXXI,$1.75,1441725674333,"423,739",86% bullish,of 7 ratings,$3.50
ERII,$2.6,1441725674387,"12,010",80% bullish,of 5 ratings,$2.50
ENG,$1.01,1441725674522,"1,345",100% bullish,of 3 ratings,N/A
ENOC,$9.13,1441725674547,"59,639",75% bullish,of 4 ratings,$18
ENPH,$4.69,1441725674800,"155,298",75% bullish,of 4 ratings,$10
ESGR,$150.05,1441725674828,"13,440",100% bearish,of 1 rating,$185
ENFC,$17.58,1441725674853,100,Not yet rated,NULL,N/A
ENTG,$13.63,1441725675027,"123,049",100% bearish,of 1 rating,$18
EBTC,$21.25,1441725675052,800,Not yet rated,NULL,N/A
ENTL,$22,1441725675097,"7,090",Not yet rated,NULL,$28
EFSC,$23.99,1441725675183,"2,708",Not yet rated,NULL,$27
ENZN,$1.0001,1441725675211,"44,678",100% bullish,of 9 ratings,N/A
EGT,$2.11,1441725675236,"6,900",100% bullish,of 1 rating,N/A
ETRM,$0.275,1441725675265,"132,948",69% bearish,of 35 ratings,$1.625
ENVI,$1.91,1441725675421,"45,882",67% bullish,of 3 ratings,N/A
ENZY,$10.44,1441725675466,"18,901",67% bullish,of 3 ratings,$9.50
EPIQ,$12.42,1441725675490,"6,712",100% bearish,of 1 rating,$18
EPRS,$5.32,1441725675698,"7,675",82% bullish,of 11 ratings,$15
EAC,$3.48,1441725675879,"3,008",100% bearish,of 1 rating,$8
EQIX,$274.97,1441725675905,"92,449",75% bullish,of 4 ratings,$312.50
EPZM,$20,1441725675934,"40,045",60% bullish,of 5 ratings,$34
PLUS,$75.44,1441725676036,"3,616",50% bullish,of 2 ratings,$88
ERIE,$79.79,1441725676066,"3,988",Not yet rated,NULL,$73
EQFN,$8.12,1441725676098,400,100% bearish,of 1 rating,N/A
ERIC,$9.7851,1441725676148,"608,084",67% bullish,of 9 ratings,$12.20
ESCR,$0.35,1441725676175,"322,709",50% bullish,of 2 ratings,N/A
ESCA,$18.378,1441725676306,"2,804",100% bearish,of 1 rating,$22
ESCRP,$1.25,1441725676442,"12,036",100% bearish,of 1 rating,N/A
ESMC,$1.29,1441725676471,"1,000",Not yet rated,NULL,N/A
ESPR,$45.31,1441725676574,"95,489",70% bearish,of 10 ratings,$115
ESSX,$0.48,1441725676790,"2,450",50% bullish,of 2 ratings,N/A
ESSA,$12.96,1441725676818,400,100% bearish,of 1 rating,N/A
ETSY,$14.28,1441725676840,"42,051",80% bullish,of 5 ratings,$16
ESND,$34.13,1441725676867,"11,455",100% bearish,of 2 ratings,$40
CLWT,NULL,1441725676891,0,100% bearish,of 1 rating,N/A
EEFT,$67.47,1441725676923,"29,589",100% bearish,of 1 rating,$67.50
EPIX,$6.07,1441725676944,"1,250",Not yet rated,NULL,N/A
EVK,NULL,1441725677241,0,75% bearish,of 4 ratings,N/A
EVOK,$3.6,1441725677294,"1,850",100% bearish,of 1 rating,$13.375
EVLV,$2.59,1441725677325,"45,114",60% bullish,of 5 ratings,$4.625
ESEA,$4.457,1441725677371,599,100% bullish,of 1 rating,$15
EVOL,$5.59,1441725677395,"8,404",75% bullish,of 4 ratings,$10
EVEP,$8.3,1441725677420,"52,201",50% bullish,of 2 ratings,$14
EXEL,$5.765,1441725677650,"727,192",81% bullish,of 16 ratings,$6
EXAS,$20.48,1441725677683,"321,646",78% bullish,of 9 ratings,$31
EXA,$10.65,1441725677704,666,100% bearish,of 1 rating,$13
EXAC,$19.15,1441725677737,"5,592",100% bearish,of 1 rating,$22.50
EXLS,$37.07,1441725677786,"15,426",50% bullish,of 2 ratings,$41
EXPE,$113.235,1441725677954,"148,210",64% bullish,of 11 ratings,$130
EXFO,$3,1441725677996,"2,040",67% bearish,of 3 ratings,$3.95
EXPD,$47.83,1441725678096,"303,893",80% bullish,of 5 ratings,$52
EXPO,$42.77,1441725678159,"9,910",100% bearish,of 1 rating,$45.50
EXLP,$18.28,1441725678359,"5,060",100% bearish,of 1 rating,$25
EYEG,$4.02,1441725678385,"18,186",Not yet rated,NULL,N/A
EXTR,$3.18,1441725678410,"98,877",80% bullish,of 5 ratings,$3
ESRX,$83.31,1441725678461,"935,412",67% bearish,of 6 ratings,$101
FFIV,$120.15,1441725678541,"77,188",63% bullish,of 8 ratings,$132
EYEGW,$0.998,1441725678570,200,Not yet rated,NULL,N/A
EZPW,$6.09,1441725678599,"34,088",50% bullish,of 4 ratings,$7
EZCH,$23.12,1441725678624,"27,921",75% bullish,of 8 ratings,$19
FCS,$13.77,1441725678847,"515,075",67% bearish,of 3 ratings,$17
FB,$89.517,1441725678872,"6,213,632",74% bullish,of 1078 ratings,$111
FRP,$15.685,1441725678910,"23,054",100% bearish,of 1 rating,$18
FWM,$2.26,1441725678949,"47,979",100% bearish,of 2 ratings,$3.20
FALC,$1.7533,1441725679082,"15,059",63% bearish,of 8 ratings,N/A
DAVE,$15.29,1441725679130,"6,979",100% bearish,of 1 rating,$15.50
FAST,$38.43,1441725679298,"455,834",80% bullish,of 5 ratings,$43
FFKT,$25.7,1441725679351,"1,077",Not yet rated,NULL,$29
FMNB,$8.28,1441725679481,"1,200",Not yet rated,NULL,N/A
FARO,$37.84,1441725679514,"17,946",50% bullish,of 2 ratings,$48
FARM,$22.14,1441725679535,"4,338",100% bearish,of 1 rating,$35
FBSS,NULL,1441725679569,0,Not yet rated,NULL,N/A
FATE,$6.26,1441725679609,"2,355",50% bullish,of 2 ratings,$11
FBRC,$22.2,1441725679666,"3,311",100% bearish,of 1 rating,$29
FDML,$8.3,1441725679755,"50,745",50% bullish,of 4 ratings,$14
FNHC,$21.74,1441725679781,"6,573",100% bearish,of 1 rating,$35
FEIC,$75.66,1441725679935,"42,406",50% bullish,of 2 ratings,$95.50
FHCO,$1.41,1441725680078,"1,392",50% bullish,of 4 ratings,N/A
ONEQ,$187.2963,1441725680210,"5,125",100% bullish,of 1 rating,N/A
LION,$19.86,1441725680282,"13,558",100% bullish,of 1 rating,$20
FGEN,$24.89,1441725680348,"156,486",100% bearish,of 1 rating,$39
FRGI,$51.735,1441725680421,"7,732",50% bullish,of 2 ratings,$70
FENX,$9.69,1441725680448,"12,500",100% bullish,of 1 rating,$14.25
FSC,$6.54,1441725680523,"156,362",60% bullish,of 5 ratings,$8
FCSC,$5.885,1441725680554,"29,367",100% bearish,of 1 rating,$8.125
FDUS,$14.45,1441725680585,"2,972",50% bullish,of 2 ratings,$18
FSAM,$7.74,1441725680658,"6,657",100% bearish,of 1 rating,$10.25
FSCFL,$24.6875,1441725680683,600,Not yet rated,NULL,N/A
FSFR,$8.86,1441725680823,"22,771",100% bearish,of 1 rating,$11.50
FITB,$19.565,1441725680968,"664,826",54% bullish,of 13 ratings,$22
FNGN,$29.83,1441725681015,"58,698",67% bullish,of 3 ratings,$47
FITBI,$27.4646,1441725681040,935,Not yet rated,NULL,N/A
FNSR,$15.33,1441725681172,"120,334",71% bullish,of 7 ratings,$24
FISI,$24.305,1441725681202,"1,678",100% bullish,of 2 ratings,$24.50
FNJN,$1.69,1441725681229,"2,272",100% bearish,of 1 rating,$5
FNTC,NULL,1441725681249,0,Not yet rated,NULL,N/A
FNTCU,NULL,1441725681434,0,Not yet rated,NULL,N/A
FEYE,$37.8201,1441725681561,"814,466",88% bullish,of 16 ratings,$55.50
FNLC,$18.9499,1441725681592,"1,390",100% bullish,of 1 rating,N/A
FNTCW,NULL,1441725681618,0,Not yet rated,NULL,N/A
FBNC,$17,1441725681662,743,100% bullish,of 1 rating,$20
FBIZ,$23,1441725681691,"8,775",100% bearish,of 2 ratings,$26
FRBA,$6.1,1441725681760,600,Not yet rated,NULL,$8
BUSE,$19.39,1441725681787,"9,559",Not yet rated,NULL,$6.875
FCVA,$4.63,1441725681999,200,Not yet rated,NULL,N/A
FCAP,$26.1,1441725682190,680,Not yet rated,NULL,N/A
FCNCA,$233.27,1441725682220,"1,127",Not yet rated,NULL,N/A
FCLF,$9.19,1441725682246,200,Not yet rated,NULL,N/A
FCBC,$17.5,1441725682278,"3,411",Not yet rated,NULL,$18
FCFS,$39.04,1441725682320,"3,723",100% bearish,of 3 ratings,$47
FCFP,$6.88,1441725682407,600,Not yet rated,NULL,N/A
FBNK,$16.91,1441725682539,"25,726",100% bearish,of 1 rating,$17.50
FCCO,$12.39,1441725682596,200,Not yet rated,NULL,$13.25
FFNM,$6.48,1441725682780,600,Not yet rated,NULL,N/A
FFBCW,NULL,1441725682806,0,100% bearish,of 1 rating,N/A
FFBC,$18.34,1441725682833,"9,057",67% bearish,of 3 ratings,$20.25
FDEF,$36.757,1441725682872,"3,816",Not yet rated,NULL,$38
FFIN,$29.95,1441725682965,"10,777",50% bullish,of 2 ratings,$31.75
FFNW,$12.23,1441725683030,778,Not yet rated,NULL,$14
THFF,$32.68,1441725683093,"6,172",Not yet rated,NULL,$35
FFWM,$21.65,1441725683241,"8,502",Not yet rated,NULL,$24
FIBK,$26.38,1441725683273,"6,733",Not yet rated,NULL,$32
INBK,$29.5148,1441725683342,"7,644",50% bullish,of 2 ratings,$37
FMBH,NULL,1441725683397,0,Not yet rated,NULL,N/A
FRME,$26.25,1441725683419,"13,275",Not yet rated,NULL,$26.50
FMBI,$17.55,1441725683474,"21,918",Not yet rated,NULL,$20
FNBC,$34.67,1441725683618,"12,404",Not yet rated,NULL,$40
FNFG,$9.14,1441725683670,"319,839",80% bullish,of 5 ratings,$9
FNWB,$12.23,1441725683699,"3,892",Not yet rated,NULL,N/A
FSLR,$48.475,1441725683773,"271,512",72% bullish,of 39 ratings,$65
FSFG,$31.2,1441725683803,666,Not yet rated,NULL,N/A
FSGI,$2.47,1441725683904,"3,470",Not yet rated,NULL,N/A
FSBK,NULL,1441725683990,0,100% bullish,of 1 rating,N/A
FBZ,NULL,1441725684144,0,Not yet rated,NULL,N/A
BICK,NULL,1441725684194,0,100% bullish,of 1 rating,N/A
FCAN,NULL,1441725684242,0,Not yet rated,NULL,N/A
FTCS,$36.086,1441725684271,948,100% bearish,of 1 rating,N/A
FCA,$19.77,1441725684374,415,Not yet rated,NULL,N/A
FV,$23.2132,1441725684410,"319,649",100% bearish,of 1 rating,N/A
FEUZ,$30.89,1441725684578,100,Not yet rated,NULL,N/A
FTSM,$59.964,1441725684605,"8,776",100% bearish,of 1 rating,N/A
FEMB,$41.09,1441725684630,"3,600",Not yet rated,NULL,N/A
IFV,$17.7,1441725684655,"48,769",100% bearish,of 1 rating,N/A
FTGC,$22.385,1441725684786,"15,278",Not yet rated,NULL,N/A
TDIV,$24.8,1441725684817,"22,542",100% bearish,of 1 rating,N/A
MDIV,$18.9996,1441725684838,"32,323",Not yet rated,NULL,N/A
FGM,$36.05,1441725684870,"6,500",Not yet rated,NULL,N/A
FTHI,$19.27,1441725685009,100,Not yet rated,NULL,N/A
HYLS,$49.63,1441725685142,"5,570",100% bearish,of 1 rating,N/A
FHK,$33.68,1441725685272,"1,300",Not yet rated,NULL,N/A
SKYY,$28.5601,1441725685347,"12,483",100% bullish,of 1 rating,N/A
FPXI,$26.86,1441725685373,200,Not yet rated,NULL,N/A
YDIV,NULL,1441725685413,0,Not yet rated,NULL,N/A
LMBS,NULL,1441725685450,0,Not yet rated,NULL,N/A
CU,$12.8927,1441725685500,900,100% bearish,of 1 rating,N/A
FJP,$44.98,1441725685525,"49,774",Not yet rated,NULL,N/A
PLTM,$6.18,1441725685651,220,100% bearish,of 1 rating,N/A
FTLB,NULL,1441725685678,0,100% bearish,of 1 rating,N/A
QABA,$37.36,1441725685753,"1,572",100% bearish,of 1 rating,N/A
FMB,$51.1902,1441725685817,523,Not yet rated,NULL,N/A
CIBR,$17.4989,1441725685846,"7,134",Not yet rated,NULL,N/A
QCLN,$15.3401,1441725685925,"9,310",Not yet rated,NULL,N/A
FONE,$35.21,1441725686030,137,Not yet rated,NULL,N/A
GRID,$31.11,1441725686434,35,100% bearish,of 1 rating,N/A
RDVY,$20.8765,1441725686538,"2,290",Not yet rated,NULL,N/A
CARZ,$34.71,1441725686564,885,100% bearish,of 1 rating,N/A
QQEW,$41.63,1441725686589,"8,763",Not yet rated,NULL,N/A
AIRR,$16.55,1441725686610,"1,120",100% bearish,of 1 rating,N/A
QQXT,$40.1599,1441725686642,692,Not yet rated,NULL,N/A
QTEC,$40.156,1441725686774,"3,830",Not yet rated,NULL,N/A
QINC,NULL,1441725686812,0,Not yet rated,NULL,N/A
FTSL,$48.85,1441725686945,"7,036",100% bearish,of 1 rating,N/A
FKO,NULL,1441725687002,0,Not yet rated,NULL,N/A
FDIV,$47.4,1441725687075,300,100% bearish,of 1 rating,N/A
FSZ,$38.63,1441725687168,300,Not yet rated,NULL,N/A
FTW,NULL,1441725687254,0,Not yet rated,NULL,N/A
TUSA,$24.83,1441725687337,508,Not yet rated,NULL,N/A
FUNC,$8.06,1441725687489,"1,800",Not yet rated,NULL,N/A
FKU,$41.6601,1441725687560,"1,773",Not yet rated,NULL,N/A
FMER,$17.49,1441725687586,"78,103",50% bullish,of 2 ratings,$20
SVVC,$9.26,1441725687607,"3,450",50% bullish,of 2 ratings,$26
FISV,$85.42,1441725687642,"175,967",100% bearish,of 3 ratings,$90
FSV,$32.01,1441725687663,"1,000",Not yet rated,NULL,$33.60
FIVE,$34.01,1441725687818,"290,321",75% bearish,of 4 ratings,$43.50
FPRX,$19.66,1441725687969,"33,313",50% bullish,of 2 ratings,$35
FLKS,$11.72,1441725688045,"13,629",50% bullish,of 2 ratings,$27
FIVN,$3.77,1441725688071,"20,227",100% bullish,of 1 rating,$8.50
FLXN,$27.46,1441725688091,"22,675",100% bearish,of 1 rating,$40
FLML,$22.75,1441725688119,"50,570",50% bullish,of 2 ratings,$30
MBSD,$24.93,1441725688346,"2,400",Not yet rated,NULL,N/A
SKOR,$50.45,1441725688375,"4,500",Not yet rated,NULL,N/A
FLEX,$10.505,1441725688396,"462,502",63% bullish,of 8 ratings,$12
FLIR,$28.63,1441725688527,"123,236",100% bearish,of 2 ratings,$38.50
FOMX,$9.88,1441725688597,"11,853",50% bullish,of 2 ratings,$23.50
FFIC,$19.52,1441725688625,"4,458",Not yet rated,NULL,$20.50
FLXS,$30.6701,1441725688665,"1,270",100% bearish,of 2 ratings,N/A
FONR,$10.57,1441725688755,"14,691",100% bullish,of 1 rating,N/A
FLDM,$11.32,1441725688780,"39,204",67% bearish,of 3 ratings,$15
FOGO,$19.3,1441725688808,"6,904",50% bullish,of 2 ratings,$25.50
FES,$0.86,1441725689124,"30,600",50% bullish,of 2 ratings,$1
FORR,$31.33,1441725689149,"3,710",Not yet rated,NULL,N/A
FORM,$6.83,1441725689177,"22,820",67% bullish,of 3 ratings,$10.50
FBIO,$2.55,1441725689227,"16,340",83% bullish,of 6 ratings,N/A
FWRD,$44.56,1441725689308,"14,656",100% bearish,of 1 rating,$50
FTNT,$42.23,1441725689357,"221,786",80% bullish,of 10 ratings,$52
FWP,$26,1441725689386,"7,500",100% bearish,of 1 rating,$45
FORTY,NULL,1441725689413,0,100% bearish,of 1 rating,N/A
FORD,$1.65,1441725689487,"765,760",67% bullish,of 3 ratings,N/A
FOSL,$61.1,1441725689619,"153,810",60% bearish,of 5 ratings,$80
FXCB,$17.14,1441725689751,735,Not yet rated,NULL,$19
FOXF,$15.15,1441725689811,"2,397",100% bearish,of 1 rating,$19
FELE,$27.63,1441725689889,"23,906",50% bullish,of 4 ratings,$33
FRED,$12.78,1441725689982,"19,962",50% bullish,of 2 ratings,$15.50
FMI,$23.1,1441725690033,"21,607",100% bearish,of 2 ratings,$27.50
FRAN,$12.3,1441725690108,"227,814",50% bullish,of 4 ratings,$15
FEIM,$10.76,1441725690138,"1,400",100% bearish,of 1 rating,N/A
FREE,$0.3402,1441725690166,"204,052",92% bullish,of 12 ratings,N/A
FRPT,$12.49,1441725690207,"50,004",67% bearish,of 3 ratings,$23.50
FTR,$5.33,1441725690234,"3,797,151",78% bullish,of 27 ratings,$6.25
RAIL,$20.47,1441725690310,"21,010",100% bearish,of 1 rating,$24.50
FTRPR,$104.7,1441725690445,"20,514",100% bearish,of 1 rating,N/A
FRPH,$30.505,1441725690602,"4,424",100% bearish,of 1 rating,N/A
FTD,$29.45,1441725690627,"3,918",100% bearish,of 1 rating,$40
FSBW,$23.29,1441725690651,300,Not yet rated,NULL,N/A
FSYS,$6.35,1441725690696,"43,000",67% bullish,of 3 ratings,$8.50
FTEK,$2.0199,1441725690857,"7,477",75% bullish,of 4 ratings,N/A
FULLL,$25.2999,1441725690894,900,Not yet rated,NULL,N/A
FCEL,$0.8998,1441725690930,"560,655",88% bullish,of 41 ratings,$2.65
FULL,$3.1198,1441725691058,"7,083",67% bearish,of 3 ratings,$4.25
FULT,$11.91,1441725691085,"72,674",100% bearish,of 1 rating,$13
FXEN,$0.9821,1441725691236,"9,604",75% bullish,of 4 ratings,$1.10
FSNN,$2.21,1441725691263,"7,600",67% bullish,of 3 ratings,$6
FFHL,NULL,1441725691284,0,50% bullish,of 4 ratings,N/A
FLL,$1.4877,1441725691312,"1,837",75% bullish,of 4 ratings,$3.50
FXENP,$15.13,1441725691466,700,100% bearish,of 1 rating,N/A
GK,$67.81,1441725691503,"5,328",Not yet rated,NULL,$78
WILC,NULL,1441725691556,0,100% bullish,of 2 ratings,N/A
GAIA,$5.94,1441725691645,"3,628",50% bullish,of 2 ratings,$8.50
GLPG,$59.17,1441725691680,"3,133",100% bullish,of 1 rating,$75
GALE,$1.58,1441725691775,"125,623",89% bullish,of 47 ratings,$4
GALT,$2.11,1441725691802,"36,806",80% bullish,of 5 ratings,N/A
GALTU,NULL,1441725691831,0,100% bearish,of 1 rating,N/A
GALTW,NULL,1441725691860,0,100% bullish,of 1 rating,N/A
GLMD,$8.56,1441725692025,"2,563",67% bullish,of 3 ratings,$20.50
GLPI,$30.43,1441725692115,"47,818",100% bearish,of 1 rating,$37.50
GPIC,$9.8,1441725692167,"1,800",100% bearish,of 1 rating,N/A
GRMN,$37.18,1441725692300,"148,216",50% bullish,of 6 ratings,$46.50
GGAC,$9.92,1441725692340,81,100% bearish,of 1 rating,N/A
GGACU,NULL,1441725692394,0,Not yet rated,NULL,N/A
GGACR,$0.24,1441725692418,"9,000",100% bullish,of 1 rating,N/A
GARS,$14.562,1441725692466,"15,624",Not yet rated,NULL,$16
GENC,$9.04,1441725692498,200,100% bearish,of 1 rating,N/A
GNCMA,$17.29,1441725692596,"14,081",100% bearish,of 1 rating,$12
GGACW,$0.1471,1441725692623,200,Not yet rated,NULL,N/A
GFN,$3.8,1441725692660,"5,475",100% bearish,of 2 ratings,$8
GFNCP,$88.5,1441725692752,70,Not yet rated,NULL,N/A
GENE,$2.375,1441725692824,"31,979",100% bullish,of 12 ratings,N/A
GFNSL,$25.5,1441725692992,600,Not yet rated,NULL,N/A
GNCA,$11.16,1441725693052,"9,200",100% bearish,of 1 rating,$20
GNMK,$9.93,1441725693077,"4,517",67% bullish,of 6 ratings,$14
GHDX,$25.24,1441725693120,"11,487",50% bullish,of 2 ratings,$30
THRM,$45.5,1441725693208,"39,287",75% bearish,of 4 ratings,$55.50
GNTX,$15.9972,1441725693233,"497,429",Not yet rated,NULL,$20
GNVC,$2.59,1441725693257,"12,831",90% bullish,of 10 ratings,$8.50
GABC,$28.62,1441725693427,"1,449",Not yet rated,NULL,$31.50
GERN,$3.335,1441725693526,"623,269",88% bullish,of 17 ratings,$5.25
GEOS,$16.76,1441725693561,"10,183",100% bearish,of 3 ratings,$21
GTWN,NULL,1441725693587,0,Not yet rated,NULL,N/A
ROCK,$16.6,1441725693654,"12,389",80% bullish,of 5 ratings,$24
GEVO,$2.37,1441725693681,"246,201",75% bullish,of 12 ratings,$5
GIGM,$0.5298,1441725693757,"19,700",100% bullish,of 2 ratings,N/A
GIGA,$1.3799,1441725693988,"51,904",100% bearish,of 1 rating,N/A
GILD,$103.18,1441725694045,"1,654,133",91% bullish,of 89 ratings,$129
GBCI,$26.01,1441725694175,"16,228",50% bullish,of 2 ratings,$31
GOOD,$14,1441725694214,"7,925",Not yet rated,NULL,$19
GLAD,$8.94,1441725694242,"49,771",50% bullish,of 2 ratings,$8.75
GIII,$69.975,1441725694268,"40,411",67% bullish,of 3 ratings,$79
GLADO,$25.59,1441725694305,800,Not yet rated,NULL,N/A
GILT,$4.12,1441725694341,"2,380",50% bullish,of 2 ratings,N/A
GOODN,$25.61,1441725694495,39,Not yet rated,NULL,N/A
GOODO,NULL,1441725694571,0,Not yet rated,NULL,N/A
GAINN,$25.21,1441725694730,"31,611",Not yet rated,NULL,N/A
GAIN,$7.45,1441725694758,"30,030",100% bullish,of 2 ratings,$8.25
GOODP,$25.2,1441725694863,400,Not yet rated,NULL,N/A
GAINP,$25.5818,1441725694892,"1,700",Not yet rated,NULL,N/A
GAINO,NULL,1441725694920,0,Not yet rated,NULL,N/A
LAND,$9.178,1441725695023,"2,804",50% bullish,of 2 ratings,$13.75
GBT,$50.5,1441725695061,"59,618",100% bearish,of 1 rating,N/A
GLBZ,NULL,1441725695198,0,Not yet rated,NULL,N/A
GDEF,$10.65,1441725695266,400,Not yet rated,NULL,N/A
ENT,$11.26,1441725695364,"18,553",100% bearish,of 1 rating,$18
GPACU,NULL,1441725695397,0,Not yet rated,NULL,N/A
GBLI,$27.29,1441725695426,"1,232",Not yet rated,NULL,N/A
ACTX,NULL,1441725695497,0,100% bullish,of 1 rating,N/A
GSOL,$8.29,1441725695522,900,100% bearish,of 1 rating,N/A
QQQC,$18.65,1441725695667,505,100% bearish,of 1 rating,N/A
SOCL,$17.46,1441725695692,"8,954",100% bullish,of 2 ratings,N/A
SRET,$12.96,1441725695749,11,Not yet rated,NULL,N/A
ALTY,$14.43,1441725695823,1,Not yet rated,NULL,N/A
YLCO,NULL,1441725695904,0,Not yet rated,NULL,N/A
GSM,$14.6,1441725696044,"99,567",50% bullish,of 2 ratings,$22
GLBS,$1.2421,1441725696073,"6,168",67% bullish,of 3 ratings,N/A
GAI,$6.16,1441725696107,500,50% bullish,of 2 ratings,N/A
GBIM,$2.66,1441725696173,344,50% bullish,of 2 ratings,N/A
GLRI,$1.03,1441725696207,"8,800",100% bearish,of 1 rating,$4.25
GLUU,$4.55,1441725696229,"485,075",92% bullish,of 26 ratings,$9
GLYC,$6.91,1441725696314,"25,167",50% bullish,of 2 ratings,$14
GOGO,$15.86,1441725696470,"95,363",80% bullish,of 5 ratings,$25
GMLP,$21.17,1441725696597,"22,333",50% bullish,of 4 ratings,$29
GLDC,$3.97,1441725696623,912,50% bullish,of 2 ratings,N/A
GLNG,$39.12,1441725696696,"166,611",83% bullish,of 6 ratings,$55.50
GDEN,$9.07,1441725696724,"1,800",50% bullish,of 2 ratings,N/A
GOGL,$2.91,1441725696782,"31,673",75% bullish,of 4 ratings,$5
GTIM,$7.1472,1441725696867,"7,583",Not yet rated,NULL,$11.50
GBDC,$17.025,1441725696910,"64,449",Not yet rated,NULL,$17.75
GPRO,$37.1278,1441725696999,"2,865,649",78% bullish,of 59 ratings,$71
GOOG,$610.39,1441725697027,"328,426",87% bullish,of 75 ratings,$787.50
GMAN,$3.68,1441725697131,"4,537",60% bullish,of 5 ratings,$8.50
GPIA,NULL,1441725697259,0,100% bearish,of 1 rating,N/A
GPIAU,$9.95,1441725697296,600,Not yet rated,NULL,N/A
GPIAW,NULL,1441725697346,0,Not yet rated,NULL,N/A
GOOGL,$638.88,1441725697372,"407,648",88% bullish,of 1083 ratings,$749
LOPE,$37.5914,1441725697504,"14,216",100% bearish,of 2 ratings,$50
GRVY,$3.632,1441725697529,761,50% bullish,of 2 ratings,N/A
GBSN,$0.1661,1441725697554,"3,392,325",50% bullish,of 2 ratings,$8.25
GBSNU,NULL,1441725697752,0,NULL,NULL,NULL
GLDD,$5.35,1441725697777,"10,734",100% bearish,of 4 ratings,$7.75
GSBC,$41.1,1441725697806,"2,841",100% bullish,of 1 rating,$44
GRBK,$11.9,1441725697910,"25,856",77% bullish,of 13 ratings,N/A
GNBC,$11.97,1441725697970,"15,450",100% bearish,of 1 rating,$16.50
GPP,$14,1441725698001,"2,985",Not yet rated,NULL,$20.50
GPRE,$20.4,1441725698103,"98,183",67% bullish,of 6 ratings,$28.50
GCBC,$29,1441725698182,27,100% bullish,of 1 rating,N/A
GRIF,$32.49,1441725698386,"2,300",100% bearish,of 1 rating,N/A
GRPN,$4.29,1441725698410,"1,768,279",61% bullish,of 71 ratings,$6.75
GRFS,$31.67,1441725698552,"116,942",50% bullish,of 2 ratings,$35
GLRE,$24.71,1441725698606,"31,039",50% bullish,of 2 ratings,$34
GGAL,$20.01,1441725698631,"64,775",80% bullish,of 5 ratings,$40
GSIT,$4.58,1441725698683,"1,788",100% bearish,of 1 rating,N/A
OMAB,$41.09,1441725698710,"15,948",100% bullish,of 1 rating,$44
GSIG,$12.92,1441725698844,"3,744",100% bearish,of 2 ratings,N/A
GTXI,$0.8701,1441725698870,"2,800",100% bullish,of 5 ratings,$.75
GSVC,$8.98,1441725698891,"11,487",50% bullish,of 2 ratings,$15.75
GFED,$14.63,1441725699034,232,Not yet rated,NULL,$17
GBNK,$15.62,1441725699104,"2,508",100% bearish,of 1 rating,$18
GUID,$6.8,1441725699168,"7,380",100% bearish,of 3 ratings,$10
GIFI,$12.03,1441725699306,"14,197",100% bearish,of 1 rating,$16
GULTU,$0.34,1441725699411,"104,826",100% bearish,of 1 rating,N/A
GURE,$1.61,1441725699486,"6,962",88% bullish,of 8 ratings,N/A
GPOR,$32.72,1441725699517,"388,729",75% bullish,of 4 ratings,$54
GWPH,$104.94,1441725699542,"28,088",78% bullish,of 9 ratings,$148.50
GWGH,$7.99,1441725699616,100,100% bearish,of 1 rating,$15.05
GYRO,$33.2,1441725699677,"2,859",100% bearish,of 1 rating,N/A
HNRG,$7.245,1441725699752,"14,351",100% bearish,of 1 rating,$10
HEES,$20,1441725699807,"63,175",67% bearish,of 3 ratings,$31
HLG,$9.1,1441725699852,300,100% bearish,of 1 rating,N/A
HALL,$11.41,1441725699951,"16,543",Not yet rated,NULL,N/A
HALO,$17.08,1441725699977,"74,980",67% bullish,of 3 ratings,$22.50
HBK,NULL,1441725700158,0,50% bullish,of 2 ratings,N/A
HMPR,$1.9,1441725700239,"2,954",100% bullish,of 1 rating,N/A
HBHCL,$24.18,1441725700265,"24,500",Not yet rated,NULL,N/A
HBHC,$27.75,1441725700336,"83,259",50% bullish,of 2 ratings,$30
HAFC,$24.16,1441725700360,"15,107",100% bullish,of 2 ratings,$28.50
HQCL,$12.505,1441725700497,"1,877",67% bullish,of 3 ratings,$14
HNSN,$0.5664,1441725700562,"31,367",88% bullish,of 8 ratings,$.40
HDNG,$10.38,1441725700691,"5,351",50% bullish,of 4 ratings,N/A
HNH,$25.4,1441725700718,"1,878",100% bullish,of 1 rating,N/A
HLIT,$5.71,1441725700739,"32,321",100% bearish,of 1 rating,$6.50
HRMN,NULL,1441725700774,0,Not yet rated,NULL,N/A
HRMNU,NULL,1441725700874,0,Not yet rated,NULL,N/A
TINY,$2.4501,1441725701018,"4,108",50% bullish,of 2 ratings,$5.26
HRMNW,NULL,1441725701055,0,Not yet rated,NULL,N/A
HART,$1.32,1441725701164,"46,500",100% bearish,of 1 rating,N/A
HCAP,$12.05,1441725701193,"1,930",50% bullish,of 2 ratings,$15
HBIO,$4.43,1441725701219,"24,549",100% bearish,of 1 rating,$10
HAS,$75.61,1441725701300,"204,702",63% bullish,of 8 ratings,$84.50
HCAPL,$25.41,1441725701352,772,Not yet rated,NULL,N/A
HCOM,$21.67,1441725701485,383,100% bearish,of 1 rating,$28
HA,$24.13,1441725701525,"102,323",67% bullish,of 9 ratings,$27
HWBK,$13.34,1441725701585,100,100% bearish,of 1 rating,N/A
HWKN,$38.2,1441725701611,468,Not yet rated,NULL,N/A
HAYN,$37.86,1441725701662,"10,072",100% bearish,of 1 rating,$59
HIIQ,$4.89,1441725701759,"1,288",50% bullish,of 2 ratings,$7
HDS,$32.83,1441725701787,"668,527",100% bearish,of 2 ratings,$39.50
HCSG,$32.7555,1441725701990,"24,422",50% bullish,of 4 ratings,$35
HQY,$29.84,1441725702123,"24,116",67% bullish,of 3 ratings,$35
HWAY,$11.56,1441725702150,"65,063",100% bearish,of 1 rating,$15
HTLD,$20.68,1441725702171,"28,116",Not yet rated,NULL,$22.50
HSTM,$24.4,1441725702207,"10,357",50% bullish,of 2 ratings,$33.75
HTLF,$36.16,1441725702318,"9,339",100% bullish,of 1 rating,$39.50
HTBX,$3.8,1441725702339,"8,410",50% bullish,of 2 ratings,$15.50
HTWR,$66.11,1441725702422,"76,073",50% bullish,of 2 ratings,$97.50
HSII,$20.39,1441725702682,"3,740",100% bullish,of 3 ratings,$25
HMNY,$2.1475,1441725702740,"8,687",100% bearish,of 1 rating,N/A
HELE,$85.14,1441725702770,"16,377",67% bearish,of 3 ratings,$100
HNNA,$24.58,1441725702813,"9,698",100% bearish,of 1 rating,N/A
HMTV,$13.3,1441725702869,953,100% bearish,of 1 rating,$16
HCACU,$9.95,1441725702896,"106,018",Not yet rated,NULL,N/A
HSIC,$134.52,1441725702942,"38,017",83% bullish,of 6 ratings,$146
HERO,NULL,1441725703038,0,NULL,NULL,NULL
HTBK,$10.7,1441725703168,"9,846",Not yet rated,NULL,$12
HEOP,$7.765,1441725703244,"2,386",Not yet rated,NULL,$8.50
HFWA,$18,1441725703302,"4,417",100% bullish,of 1 rating,$20
MLHR,$27.525,1441725703339,"33,166",50% bullish,of 2 ratings,$33.50
HCCI,$11.87,1441725703371,"1,257",100% bearish,of 1 rating,$16.50
HRTX,$37.82,1441725703438,"182,811",57% bullish,of 7 ratings,$41
HSKA,$32.56,1441725703580,"7,577",100% bearish,of 1 rating,$38
HFFC,$16.05,1441725703634,"3,400",Not yet rated,NULL,N/A
HIBB,$39.25,1441725703808,"36,912",100% bearish,of 1 rating,$46.50
HIMX,$7.3799,1441725703834,"301,395",86% bullish,of 21 ratings,$8.25
HPJ,$2.1999,1441725703855,"10,486",75% bullish,of 4 ratings,$12.43
HIHO,$4.8399,1441725703889,"47,877",Not yet rated,NULL,N/A
HIFS,$113.65,1441725703914,"3,237",Not yet rated,NULL,N/A
HSGX,$6.15,1441725703989,"1,015",100% bearish,of 1 rating,$17
HMNF,$11.42,1441725704116,418,Not yet rated,NULL,N/A
HOLI,$16.69,1441725704381,"100,748",50% bullish,of 4 ratings,$27
HOMB,$38.17,1441725704415,"12,949",Not yet rated,NULL,$42
HBCP,$24.48,1441725704436,"1,166",Not yet rated,NULL,$29
HFBL,$21.88,1441725704466,"7,300",Not yet rated,NULL,N/A
HMSY,$10.19,1441725704487,"92,537",67% bullish,of 3 ratings,$19.35
HOLX,$38.7,1441725704516,"221,135",50% bullish,of 4 ratings,$42
AWAY,$28.495,1441725704645,"88,676",75% bullish,of 4 ratings,$36
HMST,$22.4,1441725704726,"8,927",100% bullish,of 2 ratings,$27
HMIN,$25.69,1441725704811,"25,236",100% bearish,of 2 ratings,$35
CETC,$0.7551,1441725704895,"14,182",86% bullish,of 7 ratings,N/A
HOFT,$24.81,1441725704967,"11,440",100% bearish,of 1 rating,N/A
HKTV,$4.18,1441725704994,"42,592",100% bearish,of 1 rating,N/A
HTBI,$18.14,1441725705126,"6,269",67% bullish,of 3 ratings,$18.625
HFBC,$10.98,1441725705167,"3,715",Not yet rated,NULL,N/A
HBNC,$23.55,1441725705205,"5,457",100% bullish,of 1 rating,$27
HZNP,$29.33,1441725705255,"354,038",85% bullish,of 20 ratings,$40
HRZN,$10.3189,1441725705340,"7,282",50% bullish,of 2 ratings,$14.25
ZINC,$7.64,1441725705391,"89,377",100% bearish,of 1 rating,$17
HDP,$23.73,1441725705419,"108,958",67% bearish,of 3 ratings,$30.50
HWCC,$7.61,1441725705495,"4,809",100% bearish,of 1 rating,$9
HMHC,$22.845,1441725705603,"85,756",Not yet rated,NULL,$27
HOVNP,$4.27,1441725705630,100,100% bearish,of 1 rating,N/A
HSNI,$60.01,1441725705759,"23,594",Not yet rated,NULL,$80
HBMD,$13.76,1441725705866,"4,551",100% bearish,of 1 rating,N/A
HUBG,$37.96,1441725705894,"58,698",100% bearish,of 1 rating,$43
HTGM,$6.155,1441725705919,"1,839",100% bearish,of 1 rating,$19.50
HSON,$2.78,1441725706051,"31,144",100% bearish,of 1 rating,$5
HCBK,$9.455,1441725706095,"285,542",83% bullish,of 6 ratings,$8.61
HDSN,$3.01,1441725706182,"1,402",100% bullish,of 1 rating,$6.25
HBANP,NULL,1441725706208,0,100% bearish,of 1 rating,N/A
HBAN,$10.71,1441725706233,"1,302,789",76% bullish,of 17 ratings,$12.29
HURC,$29.34,1441725706271,"1,600",100% bearish,of 1 rating,N/A
HURN,$73.37,1441725706430,"17,583",50% bullish,of 2 ratings,$80
HBP,$3.06,1441725706462,200,100% bullish,of 1 rating,N/A
HTCH,$1.5129,1441725706487,"16,505",100% bearish,of 1 rating,$3.50
HDRA,NULL,1441725706511,0,Not yet rated,NULL,N/A
HDRAU,NULL,1441725706652,0,Not yet rated,NULL,N/A
HDRAR,NULL,1441725706779,0,Not yet rated,NULL,N/A
HDRAW,NULL,1441725706818,0,Not yet rated,NULL,N/A
IDSY,$3.79,1441725706954,"8,218",100% bearish,of 1 rating,$7
IBKC,$60.79,1441725707058,"10,761",100% bullish,of 1 rating,$70
HYGS,$8.55,1441725707088,"5,719",50% bullish,of 2 ratings,$13
IACI,$70.195,1441725707119,"164,857",80% bullish,of 5 ratings,$90
IKGH,$1.62,1441725707187,"13,023",75% bullish,of 4 ratings,N/A
ICLR,$76.95,1441725707218,"58,293",100% bearish,of 3 ratings,$85
ICFI,$33.58,1441725707320,"3,335",50% bullish,of 2 ratings,$48.50
ICAD,$3.9,1441725707348,"11,349",50% bullish,of 2 ratings,$7.25
IEP,$67.99,1441725707375,"34,422",75% bullish,of 4 ratings,$99
ICON,$13.245,1441725707513,"153,510",50% bullish,of 2 ratings,$18.50
ICUI,$110.09,1441725707544,"13,241",Not yet rated,NULL,$122
IPWR,$7.71,1441725707653,"2,455",100% bullish,of 1 rating,$15
INVE,$4.39,1441725707783,"4,470",75% bullish,of 4 ratings,$4
IDRA,$2.851,1441725707831,"122,588",89% bullish,of 9 ratings,$6.50
IDXX,$73.77,1441725707868,"82,439",100% bearish,of 1 rating,$76
IROQ,$16.725,1441725707967,200,100% bullish,of 1 rating,N/A
DSKY,$10.75,1441725707994,"39,888",67% bullish,of 6 ratings,$11.50
RXDX,$16.25,1441725708124,"67,160",100% bullish,of 1 rating,$20
KANG,$15.3,1441725708154,"145,656",50% bullish,of 2 ratings,$23.10
IRG,$5.29,1441725708256,"6,155",100% bearish,of 1 rating,$4.25
IIVI,$17.01,1441725708288,"25,043",100% bearish,of 1 rating,$22
IKAN,$2.74,1441725708313,"1,500",83% bullish,of 6 ratings,$5
ISNS,$4.17,1441725708386,"3,154",50% bullish,of 2 ratings,N/A
IKNX,NULL,1441725708451,0,100% bearish,of 1 rating,N/A
ILMN,$194.54,1441725708556,"127,102",80% bullish,of 5 ratings,$245
IMMR,$12.6,1441725708582,"18,624",80% bullish,of 5 ratings,$15.50
ICCC,$7.18,1441725708902,"1,350",100% bullish,of 1 rating,N/A
IMDZ,$15.15,1441725708934,"58,042",100% bearish,of 1 rating,$33
IMGN,$13.22,1441725708966,"201,294",75% bullish,of 4 ratings,$17.50
IMMU,$2.3,1441725708992,"1,709,046",86% bullish,of 7 ratings,$2
IPXL,$43.9,1441725709070,"548,399",67% bullish,of 3 ratings,$46.50
IMNP,$1.39,1441725709119,"83,972",50% bullish,of 2 ratings,$6
IMMY,$7.57,1441725709145,645,100% bearish,of 1 rating,$11
INCR,$42.0527,1441725709276,"45,043",50% bullish,of 2 ratings,$53
SAAS,$7.26,1441725709323,"33,175",50% bullish,of 2 ratings,$15
INCY,$116.985,1441725709347,"121,930",50% bullish,of 6 ratings,$125.50
INDB,$44.55,1441725709416,"5,287",Not yet rated,NULL,$44
IBCP,$14.18,1441725709573,"16,623",100% bullish,of 1 rating,$14.50
IBTX,$41.54,1441725709602,"3,059",100% bullish,of 2 ratings,$47.25
IDSA,NULL,1441725709676,0,Not yet rated,NULL,N/A
INFN,$20.6972,1441725709768,"1,180,400",71% bullish,of 7 ratings,$28
INFI,$8.68,1441725709793,"39,366",50% bullish,of 4 ratings,$16.50
IFON,$1.253,1441725710026,"7,786",75% bullish,of 4 ratings,N/A
IMKTA,$50.27,1441725710114,"13,984",100% bearish,of 1 rating,N/A
INOD,NULL,1441725710140,0,100% bearish,of 1 rating,N/A
IPCC,$75.86,1441725710266,"3,306",Not yet rated,NULL,$77.50
III,$3.75,1441725710290,"8,676",57% bullish,of 7 ratings,$6
INWK,$7.02,1441725710370,"12,630",50% bullish,of 2 ratings,$10
INNL,$13,1441725710429,"41,039",100% bearish,of 1 rating,$16.50
IPHS,$45.93,1441725710473,"7,902",100% bearish,of 1 rating,$60
IOSP,$49.385,1441725710527,"31,755",100% bearish,of 1 rating,N/A
INGN,$52.02,1441725710602,"42,342",100% bearish,of 1 rating,$50.50
ISSC,$2.83,1441725710741,10,67% bearish,of 3 ratings,N/A
ITEK,$12.83,1441725710787,"75,064",100% bearish,of 3 ratings,$20
INOV,$21.15,1441725710846,"75,243",100% bearish,of 1 rating,$33
INO,$7.1,1441725710930,"179,000",89% bullish,of 18 ratings,$20
NSIT,$24.63,1441725711059,"19,505",50% bullish,of 2 ratings,N/A
ISIG,$2.65,1441725711144,167,100% bearish,of 1 rating,N/A
INSM,$24.69,1441725711172,"72,718",71% bullish,of 7 ratings,$31.50
IIIN,$17.5,1441725711248,"3,107",100% bearish,of 2 ratings,N/A
INSY,$33.8,1441725711302,"183,895",75% bullish,of 4 ratings,$48
PODD,$28.5,1441725711353,"21,849",67% bearish,of 3 ratings,$35
NTEC,NULL,1441725711447,0,100% bearish,of 1 rating,N/A
IART,$62.335,1441725711508,"28,129",100% bearish,of 2 ratings,$71.50
IESC,$7.08,1441725711579,448,100% bearish,of 1 rating,N/A
IDTI,$19.555,1441725711636,"450,214",60% bullish,of 5 ratings,$25
ISSI,$21.985,1441725711711,"36,923",67% bullish,of 3 ratings,$19.75
INTC,$29.313,1441725711770,"5,792,545",82% bullish,of 238 ratings,$36
IBKR,$37.9,1441725712079,"64,879",100% bullish,of 1 rating,N/A
IQNT,$19.155,1441725712109,"34,251",86% bullish,of 7 ratings,$20
ICPT,$191.44,1441725712135,"39,307",70% bullish,of 10 ratings,$359.50
ICLDW,NULL,1441725712164,0,100% bearish,of 1 rating,N/A
IPAR,$25.62,1441725712186,"9,728",67% bullish,of 3 ratings,$38
ICLD,$2.04,1441725712220,"151,001",75% bullish,of 4 ratings,N/A
IPCI,$2.215,1441725712250,"4,727",67% bullish,of 6 ratings,$8
ININ,$35.98,1441725712323,"4,421",67% bearish,of 3 ratings,$57
IDCC,$48.31,1441725712527,"26,641",80% bullish,of 5 ratings,$63
INAP,$9.31,1441725712587,"21,125",75% bullish,of 4 ratings,$11
TILE,$24.46,1441725712617,"36,448",100% bearish,of 3 ratings,$27
IMI,$2.025,1441725712719,"3,413",67% bullish,of 3 ratings,$2.22
IBOC,$25.27,1441725712851,"33,208",100% bearish,of 1 rating,N/A
IGLD,$7.38,1441725712879,"1,075",50% bullish,of 2 ratings,N/A
ISCA,$32.56,1441725712907,"5,501",100% bearish,of 1 rating,N/A
IIJI,$8.24,1441725713006,20,50% bullish,of 2 ratings,$12.50
PTNT,$2.98,1441725713055,200,Not yet rated,NULL,N/A
INPH,$0.29,1441725713084,145,50% bullish,of 2 ratings,N/A
XENT,$25.42,1441725713187,"27,066",50% bullish,of 2 ratings,$36.50
IILG,$19.305,1441725713338,"11,946",100% bearish,of 1 rating,$29
IVAC,$4.9,1441725713432,"6,184",100% bearish,of 1 rating,$6.625
ISIL,$10.75,1441725713462,"153,217",50% bullish,of 6 ratings,$15
INTX,$2.055,1441725713500,"1,890",67% bullish,of 3 ratings,N/A
INTL,$25.84,1441725713565,"4,115",67% bearish,of 3 ratings,N/A
INTLL,$26.09,1441725713645,100,Not yet rated,NULL,N/A
ITCI,$26.65,1441725713774,"98,277",75% bearish,of 4 ratings,$40
ISRG,$514.35,1441725713909,"15,205",67% bullish,of 3 ratings,$600
IIN,$6.864,1441725713938,"1,600",100% bearish,of 1 rating,$12
INTU,$86.85,1441725713958,"308,351",86% bullish,of 7 ratings,$107.50
SNAK,$8.33,1441725714100,"10,396",50% bullish,of 2 ratings,$14
ISTR,$15.8,1441725714127,"1,102",100% bearish,of 1 rating,$18.50
INVT,$0.34,1441725714196,"32,193",67% bullish,of 3 ratings,N/A
ITIC,$70.95,1441725714221,100,100% bearish,of 2 ratings,N/A
NVIV,$10.9495,1441725714351,"196,826",50% bullish,of 4 ratings,$24.50
IVTY,$14.24,1441725714422,"8,860",Not yet rated,NULL,$18
ISBC,$11.83,1441725714452,"331,259",100% bullish,of 1 rating,$13.25
IPAS,$1.08,1441725714580,"2,150",67% bullish,of 3 ratings,N/A
DTUL,NULL,1441725714626,0,Not yet rated,NULL,N/A
DFVL,NULL,1441725714852,0,Not yet rated,NULL,N/A
IRMD,$24.5,1441725714925,"4,735",67% bearish,of 3 ratings,$25
IPGP,$82.22,1441725714951,"45,397",67% bearish,of 3 ratings,$109.50
IPCM,$79.2599,1441725715030,"28,176",50% bullish,of 2 ratings,$80.125
IRIX,$7.12,1441725715080,653,100% bearish,of 1 rating,N/A
IRDMB,NULL,1441725715165,0,67% bearish,of 3 ratings,N/A
IRDM,$7.005,1441725715210,"102,949",60% bullish,of 5 ratings,$11.50
IRBT,$30.24,1441725715310,"31,777",67% bullish,of 6 ratings,$37
IRWD,$11.12,1441725715356,"306,109",100% bearish,of 1 rating,$13
COMT,$33.29,1441725715450,"2,148",100% bearish,of 1 rating,N/A
FCHI,NULL,1441725715510,0,NULL,NULL,NULL
IRCP,NULL,1441725715535,0,100% bullish,of 2 ratings,N/A
IFAS,NULL,1441725715584,0,NULL,NULL,NULL
GNMA,$50.03,1441725715608,"2,416",Not yet rated,NULL,N/A
IFEU,$38.06,1441725715679,100,Not yet rated,NULL,N/A
IFGL,$28,1441725715783,"29,289",Not yet rated,NULL,N/A
IFNA,NULL,1441725715806,0,NULL,NULL,NULL
AAIT,NULL,1441725716047,0,NULL,NULL,NULL
AAXJ,$52.63,1441725716153,"264,997",Not yet rated,NULL,N/A
AXJS,NULL,1441725716179,0,NULL,NULL,NULL
ACWI,$55.06,1441725716206,"382,854",Not yet rated,NULL,N/A
EMDI,NULL,1441725716229,0,NULL,NULL,NULL
ACWX,$40.05,1441725716285,"108,023",100% bearish,of 1 rating,N/A
EEMA,$49.1901,1441725716363,"7,759",Not yet rated,NULL,N/A
EEME,NULL,1441725716459,0,NULL,NULL,NULL
EMEY,NULL,1441725716496,0,NULL,NULL,NULL
EGRW,NULL,1441725716554,0,NULL,NULL,NULL
EVAL,NULL,1441725716576,0,NULL,NULL,NULL
EEML,NULL,1441725716630,0,Not yet rated,NULL,N/A
IEUS,$45.53,1441725716774,"1,015",100% bearish,of 1 rating,N/A
EUFN,$21.517,1441725716822,"30,160",100% bearish,of 1 rating,N/A
QAT,$21.16,1441725716949,"1,500",Not yet rated,NULL,N/A
IBB,$344.22,1441725717020,"330,463",67% bullish,of 9 ratings,N/A
UAE,$17.64,1441725717044,"1,100",Not yet rated,NULL,N/A
ICLN,$9.365,1441725717207,"10,642",50% bullish,of 2 ratings,N/A
SOXX,$83.83,1441725717335,"78,536",50% bullish,of 2 ratings,N/A
INDY,$26.4601,1441725717384,"23,451",50% bullish,of 2 ratings,N/A
EMIF,$28.0401,1441725717420,322,Not yet rated,NULL,N/A
IGOV,$91.0901,1441725717458,"7,602",100% bearish,of 1 rating,N/A
WOOD,$47.88,1441725717484,"2,200",50% bullish,of 2 ratings,N/A
ISIS,$53.2499,1441725717555,"224,758",53% bullish,of 15 ratings,$67
ISHG,$79.9899,1441725717579,259,100% bearish,of 1 rating,N/A
ISRL,$125.71,1441725717795,103,100% bearish,of 1 rating,N/A
ITRI,$29.02,1441725717867,"11,201",100% bearish,of 1 rating,$37
ISLE,$19.53,1441725717892,"106,691",50% bullish,of 4 ratings,$17
ITUS,$4.02,1441725718024,"3,932",Not yet rated,NULL,N/A
ITRN,$23.98,1441725718082,57,50% bullish,of 2 ratings,N/A
XXIA,$15.105,1441725718215,"77,294",71% bullish,of 7 ratings,$14.625
IXYS,$11.59,1441725718248,"11,780",50% bullish,of 4 ratings,N/A
JASO,$7.95,1441725718345,"221,774",82% bullish,of 17 ratings,$10
MAYS,$58.8,1441725718370,121,Not yet rated,NULL,N/A
JCOM,$67.42,1441725718400,"26,728",100% bullish,of 2 ratings,$77
JJSF,$114.99,1441725718427,"6,052",100% bearish,of 1 rating,N/A
JBHT,$75.83,1441725718447,"137,676",50% bullish,of 4 ratings,$89.50
JKHY,$67.51,1441725718665,"39,374",67% bearish,of 3 ratings,$72
JACK,$78.84,1441725718742,"46,129",71% bullish,of 7 ratings,$105
JXSB,NULL,1441725718795,0,Not yet rated,NULL,N/A
JAXB,$13.15,1441725718886,222,100% bullish,of 1 rating,N/A
JAGX,$3.48,1441725719018,"2,900",Not yet rated,NULL,$10.50
JRVR,$28.05,1441725719098,"7,310",Not yet rated,NULL,$32
ERW,NULL,1441725719149,0,Not yet rated,NULL,N/A
JMBA,$14.31,1441725719196,"23,243",75% bullish,of 4 ratings,$18
JAKK,$9.9,1441725719221,"233,401",60% bearish,of 5 ratings,$11
JASNW,NULL,1441725719288,0,50% bullish,of 2 ratings,N/A
JASN,$4.88,1441725719356,"1,854",50% bullish,of 2 ratings,$9.50
JD,$24.76,1441725719463,"5,034,098",75% bullish,of 16 ratings,$36
JAZZ,$165.84,1441725719512,"41,892",80% bullish,of 15 ratings,$206.50
JTPY,$2.99,1441725719595,"10,700",100% bearish,of 1 rating,N/A
JBLU,$24.15,1441725719652,"1,922,531",94% bullish,of 18 ratings,$27
JCTCF,NULL,1441725719757,0,100% bullish,of 1 rating,N/A
DATE,$5.92,1441725719821,"27,421",75% bullish,of 4 ratings,$9
WYIGU,NULL,1441725720026,0,100% bearish,of 1 rating,N/A
JIVE,$4.67,1441725720052,"800,413",75% bullish,of 4 ratings,$5
JBSS,$51.77,1441725720079,"8,529",67% bearish,of 3 ratings,N/A
JST,$3.67,1441725720208,"2,806",75% bullish,of 4 ratings,N/A
JOUT,$25.3925,1441725720238,"1,088",100% bearish,of 1 rating,$34
JOEZ,$0.17,1441725720258,"7,879",92% bullish,of 12 ratings,N/A
JNP,$13.72,1441725720349,"67,565",100% bullish,of 3 ratings,$15
KALU,$83.5,1441725720478,"28,486",67% bearish,of 3 ratings,$91
KTWO,$21,1441725720567,"17,982",100% bearish,of 1 rating,$28.50
KBIO,$3.5598,1441725720609,"500,190",50% bullish,of 4 ratings,N/A
JUNO,$37.4899,1441725720633,"227,952",73% bullish,of 11 ratings,$67
KMDA,$3.53,1441725720796,"2,040",50% bullish,of 2 ratings,$8
KNDI,$6.41,1441725720975,"92,564",86% bullish,of 22 ratings,N/A
KCLI,$46.27,1441725721057,"1,148",Not yet rated,NULL,N/A
KRNY,$11.2,1441725721083,"201,589",100% bearish,of 1 rating,$12.50
KPTI,$14.27,1441725721104,"17,464",67% bearish,of 3 ratings,$35.50
KBSF,NULL,1441725721133,0,100% bullish,of 1 rating,N/A
KCAP,$4.7601,1441725721282,"17,786",75% bullish,of 4 ratings,$6
KELYA,$14.25,1441725721321,"9,414",67% bullish,of 6 ratings,$20
KFFB,$8.61,1441725721600,"1,761",100% bearish,of 1 rating,N/A
KMPH,$21.05,1441725721731,"5,141",100% bearish,of 2 ratings,$22
GMCR,$57.605,1441725721757,"724,745",71% bullish,of 42 ratings,$64
KELYB,NULL,1441725721778,0,50% bullish,of 2 ratings,N/A
KERX,$4.7975,1441725721908,"545,140",82% bullish,of 11 ratings,$12
KEQU,$16.77,1441725721994,610,100% bullish,of 1 rating,N/A
KTEC,NULL,1441725722042,0,Not yet rated,NULL,N/A
KIN,$6.05,1441725722175,"1,069",50% bullish,of 2 ratings,$6.25
KE,$11.0501,1441725722204,"6,141",67% bearish,of 3 ratings,$16
KTCC,$10.32,1441725722254,"12,920",100% bearish,of 1 rating,$16
KBAL,$10.82,1441725722306,"15,162",50% bullish,of 2 ratings,N/A
KGJI,$0.65,1441725722335,"3,726",89% bullish,of 9 ratings,N/A
KINS,$9,1441725722464,"19,508",100% bullish,of 1 rating,N/A
KFRC,$26.78,1441725722493,"27,592",100% bullish,of 2 ratings,$29
