Symbol,Price,Date,Volume,Rating,RatingVoteCount,OneYearEstimate
TFSCU,NULL,1441041302861,0,Not yet rated,NULL,N/A
FCCY,NULL,1441041302930,0,100% bullish,of 1 rating,$13
TFSCR,NULL,1441041302954,0,Not yet rated,NULL,N/A
TFSCW,NULL,1441041302985,0,100% bearish,of 1 rating,N/A
FCTY,$7.81,1441041303030,"2,468",100% bullish,of 1 rating,$8.50
PIH,$7.5099,1441041303060,600,100% bearish,of 1 rating,N/A
TFSC,NULL,1441041303085,0,100% bearish,of 1 rating,N/A
FLWS,$8.52,1441041303163,"221,495",80% bullish,of 5 ratings,$15
SRCE,$29.64,1441041303317,"4,884",100% bullish,of 3 ratings,$33
VNET,$18.06,1441041303343,"217,643",60% bullish,of 5 ratings,$35
DSLV,$68.885,1441041303391,"6,521",100% bearish,of 1 rating,N/A
USLV,$12.55,1441041303527,"156,869",86% bullish,of 7 ratings,N/A
TWOU,$35.01,1441041303558,"86,189",50% bullish,of 2 ratings,$39
UGLD,$9.2601,1441041303584,"73,625",100% bearish,of 1 rating,N/A
DGLD,$81.22,1441041303613,"6,248",100% bullish,of 1 rating,N/A
JOBS,$27.05,1441041303664,"36,809",50% bullish,of 4 ratings,$36
SIXD,$2.4,1441041303936,"52,749",Not yet rated,NULL,N/A
CAFD,$14.95,1441041303989,"49,642",Not yet rated,NULL,$25
EGHT,$7.9,1441041304039,"79,238",82% bullish,of 17 ratings,$11
SHLM,$34.55,1441041304135,"12,881",100% bearish,of 1 rating,$47
AVHI,$13.95,1441041304181,"11,870",100% bearish,of 1 rating,$19
ABEO,$4.8,1441041304315,"24,436",50% bullish,of 4 ratings,$15.50
AAON,$20.75,1441041304342,"26,375",100% bearish,of 1 rating,$24
ABAX,$47.52,1441041304423,"30,362",100% bearish,of 1 rating,$60
ABY,$22.75,1441041304450,"195,957",100% bearish,of 2 ratings,$46
ABGB,$5.91,1441041304603,"21,139",67% bullish,of 3 ratings,$5.50
ABEOW,$1.9316,1441041304633,"2,175",100% bullish,of 1 rating,N/A
ACHC,$73.8,1441041304766,"199,908",50% bullish,of 2 ratings,$92
AXAS,$1.9664,1441041304800,"423,805",78% bullish,of 9 ratings,$3.50
ABMD,$97.2,1441041304828,"105,897",75% bullish,of 4 ratings,$100.50
ACTG,$9.61,1441041304898,"42,599",67% bullish,of 3 ratings,$18.50
ACAD,$37.4528,1441041305033,"261,291",80% bullish,of 20 ratings,$48
ACST,$0.355,1441041305167,"17,365",100% bullish,of 2 ratings,N/A
ANCX,$20.45,1441041305240,"7,635",Not yet rated,NULL,$20
XLRN,$29.11,1441041305295,"28,862",50% bullish,of 2 ratings,$57
ARAY,$6.9,1441041305395,"458,051",100% bearish,of 1 rating,$10.50
VXDN,$1.95,1441041305527,"30,110",100% bearish,of 1 rating,N/A
VXUP,$1.6,1441041305669,"25,429",100% bearish,of 1 rating,N/A
ACET,$22.53,1441041305718,"15,997",75% bullish,of 4 ratings,$30
ACRX,$4.33,1441041305749,"144,156",67% bearish,of 6 ratings,$5.50
AXDX,$19.4,1441041305770,"44,272",100% bearish,of 1 rating,N/A
AKAO,$6.92,1441041305799,"19,246",75% bullish,of 4 ratings,$15
ACIW,$21.53,1441041305984,"75,586",67% bearish,of 3 ratings,$24
ACHN,$7.7,1441041306025,"753,942",90% bullish,of 21 ratings,$16
ACTS,$1.71,1441041306116,"49,555",100% bearish,of 1 rating,N/A
ACOR,$32.59,1441041306208,"194,181",67% bearish,of 3 ratings,$38.50
ACNB,$20.403,1441041306245,570,Not yet rated,NULL,N/A
ACPW,$2.06,1441041306295,"95,828",100% bullish,of 4 ratings,$3.50
ADMS,$20.11,1441041306585,"16,058",100% bearish,of 2 ratings,$36
ATVI,$28.93,1441041306622,"3,992,927",67% bullish,of 84 ratings,$31.50
ACXM,$21.23,1441041306649,"113,122",67% bullish,of 3 ratings,N/A
ACUR,$2.8783,1441041306670,"9,759",100% bullish,of 5 ratings,$5
ADMP,$3.58,1441041306718,"3,632",50% bullish,of 2 ratings,$10
ACTA,$14.18,1441041306743,"18,581",67% bearish,of 3 ratings,$25
ADAP,$11.4599,1441041306886,"6,042",67% bullish,of 3 ratings,$22
ADUS,$29.17,1441041306980,"21,584",100% bearish,of 1 rating,$31
ADBE,$79.228,1441041307116,"550,419",65% bullish,of 17 ratings,$90
AEY,$2.3121,1441041307194,"1,000",100% bearish,of 2 ratings,N/A
ADEP,$7.36,1441041307219,"30,485",50% bullish,of 2 ratings,$10.75
ADTN,$15.985,1441041307400,"71,619",67% bullish,of 3 ratings,$17.125
ADRO,$19.47,1441041307425,"104,381",80% bullish,of 5 ratings,$45.50
AMD,$1.87,1441041307458,"2,756,646",83% bullish,of 103 ratings,$2
ADMA,$9.388,1441041307479,"6,462",Not yet rated,NULL,$19
ADXSW,$10.78,1441041307556,"4,290",100% bullish,of 1 rating,N/A
ADXS,$15.48,1441041307610,"326,242",64% bullish,of 14 ratings,$27
AEIS,$24.41,1441041307660,"46,796",50% bullish,of 2 ratings,$32.50
YPRO,$23.0899,1441041307890,185,100% bearish,of 1 rating,N/A
AEGR,$17.96,1441041307929,"69,109",50% bullish,of 6 ratings,$26
AEGN,$18.55,1441041308034,"27,700",100% bearish,of 2 ratings,$21
AEHR,$2.3699,1441041308077,"3,200",50% bullish,of 2 ratings,N/A
MULT,NULL,1441041308102,0,100% bearish,of 1 rating,N/A
AMTX,$2.992,1441041308237,"6,000",50% bullish,of 2 ratings,$26.11
AEZS,$0.086,1441041308299,"7,122,078",90% bullish,of 21 ratings,$1.50
AERI,$16.27,1441041308326,"212,495",75% bullish,of 4 ratings,$31.50
AVAV,$24.0758,1441041308458,"12,285",50% bullish,of 4 ratings,$31
AEPI,$55.1899,1441041308488,"5,003",100% bearish,of 1 rating,N/A
AFMD,$10.23,1441041308619,"64,553",50% bullish,of 4 ratings,$15
AGEN,$7.25,1441041308649,"201,417",85% bullish,of 13 ratings,$14
AEMD,$7.662,1441041308756,"91,227",Not yet rated,NULL,$27.50
AFFX,$9.35,1441041308781,"89,950",80% bullish,of 5 ratings,$12.50
AGRX,$8.92,1441041308808,"1,850",100% bearish,of 1 rating,$17.50
AGYS,$10.32,1441041308833,"14,868",100% bearish,of 1 rating,N/A
AGIO,$90.094,1441041309245,"63,457",88% bullish,of 8 ratings,$114
ATSG,$9.015,1441041309307,"23,944",67% bullish,of 3 ratings,$13
AGFSW,$2.12,1441041309343,"12,200",100% bearish,of 2 ratings,N/A
AGFS,$9.85,1441041309365,"36,830",100% bearish,of 1 rating,N/A
AIMT,$22,1441041309396,"64,657",Not yet rated,NULL,N/A
AMCN,$4.57,1441041309440,"64,203",83% bullish,of 6 ratings,N/A
AIRM,$37.88,1441041309571,"48,784",80% bearish,of 5 ratings,$53
AIRT,$22.37,1441041309599,263,100% bullish,of 1 rating,N/A
AKAM,$71.49,1441041309801,"401,641",63% bullish,of 8 ratings,$77
AIXG,$6.4,1441041309905,"6,392",67% bearish,of 3 ratings,$5.25
AKER,$2.5104,1441041309930,"19,989",Not yet rated,NULL,N/A
AKBA,$7.1488,1441041309985,"42,297",100% bearish,of 1 rating,$18
AKRX,$40.5899,1441041310088,"135,120",78% bullish,of 9 ratings,$56
AMRI,$20.35,1441041310116,"30,416",75% bearish,of 4 ratings,$24
ABDC,$12.89,1441041310219,"11,061",Not yet rated,NULL,$15
ALSK,$2.2,1441041310351,"49,837",78% bullish,of 18 ratings,$2
ALRM,$16.95,1441041310397,"18,503",100% bearish,of 1 rating,$22
ALXN,$174.81,1441041310481,"298,599",88% bullish,of 8 ratings,$223
ADHD,$7.91,1441041310506,"64,880",50% bullish,of 4 ratings,$18
ALXA,$1.15,1441041310534,"1,790",83% bullish,of 6 ratings,$2.125
ALDR,$38.75,1441041310571,"122,145",67% bearish,of 3 ratings,$62
ALDX,$7.4,1441041310698,"2,354",100% bearish,of 1 rating,$14.50
ALGN,$57.25,1441041310783,"79,612",100% bearish,of 2 ratings,$73
ALKS,$60.9,1441041310962,"156,688",67% bullish,of 3 ratings,$75
ALCO,$42.11,1441041310987,828,50% bullish,of 2 ratings,N/A
ALIM,$3.46,1441041311170,"13,753",80% bullish,of 5 ratings,$10
ALLB,$22.64,1441041311251,100,Not yet rated,NULL,N/A
ARLP,$25.675,1441041311277,"75,561",67% bearish,of 3 ratings,$32
AIQ,$14.43,1441041311408,"4,200",67% bullish,of 3 ratings,N/A
AHPI,$1.5,1441041311440,200,50% bullish,of 2 ratings,N/A
AHGP,$36.08,1441041311466,"24,123",67% bullish,of 3 ratings,N/A
ALGT,$206.685,1441041311544,"57,841",100% bearish,of 2 ratings,$235
MDRX,$13.885,1441041311649,"421,624",60% bullish,of 5 ratings,$16
AFOP,$19.07,1441041311691,"75,788",75% bullish,of 8 ratings,$21
ALLT,$5.28,1441041311727,"204,276",75% bullish,of 4 ratings,$6.25
ALQA,$4.38,1441041311817,"10,785",75% bullish,of 4 ratings,$8.50
AMOT,$19.5,1441041311949,"35,676",100% bearish,of 1 rating,N/A
ALNY,$104.15,1441041311979,"644,318",67% bullish,of 3 ratings,$148.50
AFAM,$44.84,1441041312031,"20,831",50% bullish,of 2 ratings,$44
ATEC,$0.585,1441041312282,"9,600",100% bullish,of 1 rating,$2
SMCP,NULL,1441041312354,0,Not yet rated,NULL,N/A
AOSL,$7.49,1441041312410,"13,783",67% bullish,of 3 ratings,$9
ASPS,$26.71,1441041312436,"78,823",67% bullish,of 3 ratings,$46.50
AMRN,$2.24,1441041312512,"691,964",85% bullish,of 39 ratings,$8
AMAG,$64.1,1441041312537,"197,373",100% bullish,of 2 ratings,$77.50
ALTR,$48.72,1441041312582,"327,682",80% bearish,of 5 ratings,$54
AIMC,$25.06,1441041312718,"17,112",100% bearish,of 2 ratings,$28.50
AMRK,$10.52,1441041312739,"1,500",50% bullish,of 2 ratings,$14
AYA,$20.74,1441041312822,"6,067",100% bearish,of 1 rating,$40
AMZN,$519.2,1441041312874,"659,074",81% bullish,of 264 ratings,$646
EPAX,$2.69,1441041313108,"5,500",100% bearish,of 1 rating,N/A
AMBCW,NULL,1441041313279,0,100% bearish,of 1 rating,N/A
AMBA,$97.06,1441041313330,"1,180,879",83% bullish,of 12 ratings,$102.50
AMBC,$15.98,1441041313357,"67,108",100% bearish,of 1 rating,$16.50
AMCX,$72.96,1441041313378,"106,024",67% bullish,of 3 ratings,$87.50
AMDA,$0.4687,1441041313406,"195,597",90% bullish,of 10 ratings,$1
UHAL,$376.19,1441041313592,"2,072",100% bullish,of 2 ratings,$393.50
AAL,$39.5,1441041313691,"3,657,443",93% bullish,of 88 ratings,$57
ATAX,$5.26,1441041313721,"40,924",100% bullish,of 1 rating,$6.50
DOX,$57.56,1441041313754,"58,437",67% bearish,of 3 ratings,$60
AGNC,$19.18,1441041313781,"1,274,409",71% bullish,of 28 ratings,$22
AMOV,$18.14,1441041313855,295,100% bearish,of 1 rating,N/A
AMED,$38.66,1441041313915,"33,106",100% bearish,of 1 rating,$42
ASBI,$22.71,1441041313986,100,Not yet rated,NULL,N/A
AGNCB,$24.26,1441041314120,"1,243",Not yet rated,NULL,N/A
AGNCP,$25.36,1441041314200,"3,600",Not yet rated,NULL,N/A
MTGEP,$24.13,1441041314452,"1,700",Not yet rated,NULL,N/A
MTGE,$15.21,1441041314504,"176,644",75% bullish,of 4 ratings,$19.50
ACSF,$12.25,1441041314529,"22,861",100% bearish,of 1 rating,$15
ANCI,$1.55,1441041314580,200,100% bearish,of 1 rating,N/A
AMNB,$23.515,1441041314686,404,Not yet rated,NULL,$25.50
ANAT,$99.17,1441041314712,"22,599",100% bullish,of 1 rating,N/A
AETI,$3.62,1441041314748,"8,200",67% bearish,of 3 ratings,N/A
ACAS,$14.01,1441041314849,"349,102",60% bullish,of 5 ratings,$16.75
APEI,$22.18,1441041314877,"15,620",100% bearish,of 1 rating,$25.50
AMIC,NULL,1441041315042,0,100% bearish,of 1 rating,N/A
AMRB,$10.08,1441041315140,"59,997",Not yet rated,NULL,$11
ARII,$41.61,1441041315368,"104,834",67% bearish,of 3 ratings,$45
ASEI,$39.3539,1441041315559,"4,394",100% bearish,of 1 rating,$52.50
AMWD,$67.02,1441041315691,"46,688",50% bullish,of 2 ratings,$70
AMSWA,$9.065,1441041315776,"172,063",100% bearish,of 2 ratings,$10.75
AMSC,$5.8,1441041315851,"226,925",50% bullish,of 4 ratings,N/A
CRMT,$35.66,1441041315884,"7,550",100% bearish,of 1 rating,$39
AMSF,$46.6,1441041315910,"22,411",Not yet rated,NULL,$57.50
ABCB,$27.275,1441041315952,"25,626",Not yet rated,NULL,$31
ASRV,$3.29,1441041315979,"2,068",100% bullish,of 2 ratings,N/A
FOLD,$14.5572,1441041316038,"779,845",56% bullish,of 9 ratings,$21
ATLO,$23,1441041316176,517,Not yet rated,NULL,N/A
AMKR,$5.37,1441041316334,"1,155,473",100% bearish,of 2 ratings,$5
AMGN,$153.29,1441041316360,"1,069,665",89% bullish,of 19 ratings,$185
AMSG,$79.55,1441041316423,"64,354",100% bearish,of 1 rating,$85.50
ASRVP,NULL,1441041316501,0,Not yet rated,NULL,N/A
AMPH,$13.03,1441041316592,"24,740",50% bullish,of 2 ratings,$20
AMSGP,NULL,1441041316760,0,Not yet rated,NULL,N/A
ASYS,$5.55,1441041316848,"10,500",67% bullish,of 3 ratings,$12
ADI,$56.25,1441041316891,"525,969",67% bullish,of 3 ratings,$69
AFSI,$58.09,1441041316925,"86,734",60% bullish,of 5 ratings,$72
ANAD,$0.34,1441041317023,"38,744",100% bullish,of 2 ratings,$.50
ANAC,$132,1441041317053,"108,403",80% bullish,of 5 ratings,$180.50
AMRS,$1.774,1441041317157,"85,532",70% bullish,of 10 ratings,N/A
ANCB,$21.98,1441041317183,500,Not yet rated,NULL,$23
ALOG,$80.31,1441041317210,"12,019",100% bearish,of 2 ratings,$100.50
AMCF,$0.205,1441041317343,"126,310",100% bullish,of 7 ratings,N/A
ABCW,$40.94,1441041317478,"3,852",67% bullish,of 3 ratings,N/A
ANGI,$5.31,1441041317610,"224,849",64% bullish,of 11 ratings,$5.50
ANGO,$15.035,1441041317668,"63,318",67% bullish,of 3 ratings,$19
ANIP,$50.09,1441041317698,"31,266",89% bullish,of 19 ratings,$66
ANIK,$35.59,1441041317802,"51,539",60% bullish,of 5 ratings,$51.25
ANSS,$89.19,1441041317887,"73,500",100% bearish,of 1 rating,$100
ANTH,$7.13,1441041317950,"269,295",80% bullish,of 10 ratings,$13
ATRS,$1.785,1441041318046,"174,478",92% bullish,of 12 ratings,$4.50
ABAC,$0.7101,1441041318118,"2,025",100% bearish,of 1 rating,N/A
APOG,$52.14,1441041318145,"48,535",50% bullish,of 2 ratings,$67
ATNY,$2.31,1441041318173,"1,403",50% bullish,of 2 ratings,$3.75
APOL,$11.409,1441041318220,"332,010",87% bearish,of 68 ratings,$14
APIC,$6.6,1441041318282,"22,969",100% bearish,of 1 rating,$19
APPF,$15.6,1441041318443,"19,755",50% bullish,of 2 ratings,$22
AINV,$6.5,1441041318469,"989,278",50% bullish,of 4 ratings,$8
ARCI,$1.2,1441041318680,180,Not yet rated,NULL,N/A
APDN,$3.6,1441041318733,"62,413",Not yet rated,NULL,$9
AAPL,$114.05,1441041318758,"16,787,440",86% bullish,of 2357 ratings,$150
AGTC,$16.39,1441041318898,"10,296",50% bullish,of 2 ratings,$33
AMAT,$16.115,1441041319002,"3,301,017",82% bullish,of 11 ratings,$23
AREX,$2.425,1441041319061,"226,658",100% bearish,of 1 rating,$3
APDNW,$1.4,1441041319134,"6,420",Not yet rated,NULL,N/A
APRI,$1.7001,1441041319191,"1,095,261",83% bullish,of 6 ratings,$4.86
AQMS,$4.92,1441041319218,"20,512",Not yet rated,NULL,N/A
AMCC,$5.87,1441041319277,"119,855",80% bullish,of 5 ratings,$8
APTO,$5.2,1441041319302,926,Not yet rated,NULL,$17
AAOI,$21.05,1441041319473,"72,074",50% bullish,of 4 ratings,$26
AQXP,$16.79,1441041319506,"181,702",50% bullish,of 2 ratings,$2
AUMA,NULL,1441041319607,0,Not yet rated,NULL,N/A
AUMAU,NULL,1441041319664,0,Not yet rated,NULL,N/A
AUMAW,NULL,1441041319824,0,Not yet rated,NULL,N/A
ARDM,$7,1441041319880,"2,151",100% bullish,of 1 rating,$26
PETX,$17.875,1441041320091,"55,312",100% bearish,of 2 ratings,$26
ABIO,$0.9014,1441041320142,"68,009",50% bullish,of 2 ratings,$3.75
ARCW,$3.7399,1441041320170,"5,389",100% bearish,of 2 ratings,$10.50
ABUS,$7.285,1441041320195,"159,530",86% bullish,of 14 ratings,$23
RKDA,$6.36,1441041320223,"4,861",100% bearish,of 2 ratings,$10
ARCB,$29.4,1441041320489,"39,690",67% bearish,of 3 ratings,$39.50
ACGL,$68.1,1441041320588,"59,606",50% bullish,of 2 ratings,$72
ARDX,$18.79,1441041320617,"35,660",50% bullish,of 2 ratings,$24.50
ACAT,$26.55,1441041320672,"53,728",100% bearish,of 3 ratings,$33
ARCC,$15.7868,1441041320769,"421,385",67% bearish,of 3 ratings,$17.75
ARNA,$2.74,1441041320812,"802,436",90% bullish,of 78 ratings,$5.50
AGII,$55.6,1441041320910,"29,374",Not yet rated,NULL,$59.50
ARIA,$9.1436,1441041321163,"5,740,252",87% bullish,of 46 ratings,$9
AGIIL,$25.3,1441041321189,"2,125",Not yet rated,NULL,N/A
ARGS,$6.2,1441041321271,"17,912",50% bullish,of 2 ratings,$19.50
ARWA,NULL,1441041321403,0,Not yet rated,NULL,N/A
ARIS,$3.75,1441041321428,"5,924",Not yet rated,NULL,$4.50
ARKR,$24.74,1441041321482,820,50% bullish,of 2 ratings,N/A
ARWAR,NULL,1441041321655,0,Not yet rated,NULL,N/A
ARTX,$1.4985,1441041321681,"4,326",88% bullish,of 16 ratings,$4.50
ARMH,$42.36,1441041321746,"511,968",54% bearish,of 13 ratings,$60
ARWAU,NULL,1441041321835,0,100% bullish,of 1 rating,N/A
ARWAW,NULL,1441041321978,0,Not yet rated,NULL,N/A
ARQL,$1.71,1441041322039,"26,846",75% bullish,of 4 ratings,$5
ARRY,$6,1441041322064,"769,186",100% bullish,of 7 ratings,$10
ARRS,$26.51,1441041322294,"252,089",50% bullish,of 2 ratings,$38
DWAT,$10.01,1441041322400,5,100% bearish,of 1 rating,N/A
ASNA,$12.04,1441041322450,"594,981",50% bullish,of 2 ratings,$18
AROW,$27.432,1441041322493,"1,677",Not yet rated,NULL,N/A
ASBB,NULL,1441041322555,0,Not yet rated,NULL,N/A
ARTW,$4.25,1441041322592,764,75% bearish,of 4 ratings,N/A
ARTNA,$22.0001,1441041322619,"1,556",100% bearish,of 1 rating,$29
ASCMA,$27.91,1441041322867,"18,855",100% bearish,of 1 rating,$45
ASND,$19.07,1441041322930,"9,695",50% bullish,of 2 ratings,$30
ASMI,NULL,1441041323140,0,NULL,NULL,NULL
APWC,$1.75,1441041323188,"1,150",100% bearish,of 1 rating,N/A
ASTI,$0.1053,1441041323274,"1,015,777",83% bullish,of 6 ratings,$3
ARWR,$6.02,1441041323304,"297,455",75% bullish,of 4 ratings,$10.50
AZPN,$38.07,1441041323407,"69,662",50% bullish,of 2 ratings,$42
ASTE,$39.35,1441041323588,"72,546",100% bearish,of 1 rating,$48
ASML,$91.97,1441041323618,"237,515",50% bullish,of 4 ratings,$127
ASMB,$13.49,1441041323648,"15,173",67% bullish,of 3 ratings,N/A
ALOT,$14,1441041323669,16,100% bearish,of 1 rating,N/A
ASFI,$8.88,1441041323748,"1,600",100% bullish,of 1 rating,N/A
ATRO,$51.94,1441041323826,"36,563",100% bearish,of 2 ratings,$80
ASUR,$5.51,1441041323962,"9,700",50% bullish,of 2 ratings,$8
ATAI,$2.4107,1441041324068,"2,980",100% bearish,of 1 rating,N/A
ASTC,$2.0799,1441041324127,"13,110",100% bullish,of 5 ratings,N/A
ATHN,$133.72,1441041324304,"50,396",67% bearish,of 3 ratings,$153
ATRA,$42.05,1441041324329,"115,498",50% bullish,of 2 ratings,$68
AFCB,NULL,1441041324393,0,Not yet rated,NULL,N/A
AAPC,NULL,1441041324472,0,Not yet rated,NULL,N/A
AAME,NULL,1441041324526,0,Not yet rated,NULL,N/A
ATHX,$1.135,1441041324606,"44,505",89% bullish,of 9 ratings,$5
ACFC,$5.23,1441041324666,"49,995",100% bearish,of 1 rating,$6.50
AAWW,$41.6,1441041324739,"41,323",50% bullish,of 2 ratings,$65
ATLC,$3.93,1441041324792,805,67% bullish,of 3 ratings,N/A
ATNI,$71.51,1441041324820,"21,019",100% bearish,of 1 rating,$69.50
AFH,$16.257,1441041325090,"6,332",Not yet rated,NULL,$21.50
ATML,$8.16,1441041325116,"1,323,788",78% bullish,of 9 ratings,$9.50
ATOS,$0.782,1441041325151,"5,292",100% bullish,of 7 ratings,$7
ATRC,$25.01,1441041325255,"26,799",100% bullish,of 1 rating,$30
ATRI,$392.29,1441041325486,268,Not yet rated,NULL,N/A
ATRM,NULL,1441041325519,0,50% bullish,of 2 ratings,N/A
AUBN,$26.5,1441041325551,100,Not yet rated,NULL,N/A
ATTU,$13.24,1441041325583,"7,022",100% bearish,of 1 rating,$20.50
LIFE,$14.48,1441041325652,"8,574",86% bullish,of 7 ratings,$43
AUDC,$3.4,1441041325679,"25,290",80% bullish,of 5 ratings,$5
AUPH,$3.42,1441041325709,"48,754",100% bearish,of 1 rating,$8
EARS,$5,1441041325854,"3,291",100% bearish,of 2 ratings,$11
ABTL,$17.9299,1441041325999,"23,600",100% bullish,of 4 ratings,$20.25
ADAT,$0.3177,1441041326025,"154,580",100% bullish,of 2 ratings,N/A
ADSK,$46.665,1441041326055,"1,041,633",67% bullish,of 6 ratings,$66
ADP,$77.91,1441041326156,"445,524",100% bearish,of 1 rating,$88
AVGO,$127.51,1441041326181,"687,423",88% bullish,of 8 ratings,$165
AVNW,$1.18,1441041326518,"45,190",50% bullish,of 2 ratings,$2.20
AAVL,$10.73,1441041326546,"53,953",100% bearish,of 1 rating,$20
AVGR,$14.72,1441041326573,"3,500",100% bearish,of 1 rating,$20
AVNU,$12.31,1441041326608,252,Not yet rated,NULL,$14
AVEO,$1.4,1441041326638,"208,359",75% bullish,of 8 ratings,$3
ACLS,$3.29,1441041326709,"258,325",67% bullish,of 6 ratings,$4.75
AVID,$8.42,1441041326738,"55,624",100% bearish,of 1 rating,$20
CAR,$44.68,1441041326800,"442,157",80% bullish,of 5 ratings,$60
AWRE,$3.24,1441041326946,"2,750",67% bullish,of 3 ratings,N/A
AXPW,$1.385,1441041327010,"292,087",83% bullish,of 6 ratings,N/A
AXPWW,NULL,1441041327117,0,Not yet rated,NULL,N/A
AXGN,$4.79,1441041327224,"197,407",Not yet rated,NULL,$5
BCOM,NULL,1441041327283,0,100% bearish,of 1 rating,N/A
AXTI,$2.23,1441041327371,"14,218",50% bullish,of 2 ratings,$2.75
RILY,$10.15,1441041327412,200,Not yet rated,NULL,N/A
BOSC,$2.21,1441041327441,"2,380",50% bullish,of 2 ratings,N/A
BIDU,$149.21,1441041327549,"972,181",81% bullish,of 88 ratings,$210
BEAV,$49.13,1441041327576,"146,756",67% bearish,of 3 ratings,$59
BCPC,$58.85,1441041327707,"44,048",100% bearish,of 1 rating,$75
BLDP,$1.32,1441041327761,"121,529",91% bullish,of 22 ratings,$2.50
BWINB,$23,1441041327799,"1,223",Not yet rated,NULL,N/A
BWINA,$23.31,1441041327955,280,Not yet rated,NULL,N/A
BANF,$59.55,1441041327992,"3,040",Not yet rated,NULL,$68
BANFP,NULL,1441041328091,0,Not yet rated,NULL,N/A
BOCH,$5.73,1441041328198,7,Not yet rated,NULL,$6.50
BKMU,$7.14,1441041328301,"4,408",Not yet rated,NULL,$8
BKSC,$16.5,1441041328329,"3,746",Not yet rated,NULL,N/A
BMRC,$48,1441041328470,"17,280",Not yet rated,NULL,$52
BFIN,$12.14,1441041328555,"4,310",Not yet rated,NULL,$13
BANR,$44.095,1441041328613,"30,016",100% bullish,of 3 ratings,$50
BOTJ,NULL,1441041328640,0,Not yet rated,NULL,N/A
OZRK,$41.69,1441041328684,"92,800",67% bullish,of 3 ratings,$49.50
BWFG,$18.09,1441041328711,206,100% bearish,of 1 rating,N/A
BZUN,$5.15,1441041328774,"73,184",50% bullish,of 2 ratings,$11.50
TAPR,NULL,1441041328865,0,100% bearish,of 1 rating,N/A
BHACR,NULL,1441041328966,0,Not yet rated,NULL,N/A
BHAC,NULL,1441041328993,0,Not yet rated,NULL,N/A
BHACU,NULL,1441041329129,0,Not yet rated,NULL,N/A
BSET,$29.1,1441041329348,"12,990",100% bearish,of 1 rating,$35
BBSI,$35.97,1441041329377,"22,413",67% bearish,of 3 ratings,$62.50
BHACW,NULL,1441041329479,0,Not yet rated,NULL,N/A
BYBK,$4.92,1441041329511,400,100% bearish,of 1 rating,N/A
BV,$5.28,1441041329566,"83,518",67% bullish,of 6 ratings,$9
BYLK,$12.9347,1441041329592,"1,000",Not yet rated,NULL,$14
BCBP,$11.4522,1441041329621,"2,000",Not yet rated,NULL,N/A
BBCN,$14.45,1441041329670,"26,903",100% bearish,of 1 rating,$16
BDCV,$4.96,1441041329866,"6,841",100% bearish,of 1 rating,$10.19
BECN,$35.8101,1441041330006,"83,819",50% bullish,of 2 ratings,$40
BBGI,$4.06,1441041330032,"2,993",100% bearish,of 1 rating,N/A
BSF,$8.672,1441041330054,"1,199",Not yet rated,NULL,N/A
BEBE,$1.29,1441041330091,"354,300",75% bullish,of 4 ratings,$2.125
BELFA,$14.8701,1441041330187,210,100% bearish,of 1 rating,N/A
BBBY,$62.13,1441041330229,"297,729",71% bullish,of 7 ratings,$75
BLCM,$17.07,1441041330497,"60,317",50% bullish,of 4 ratings,$40
BLPH,$5.29,1441041330593,"2,925",100% bearish,of 1 rating,$12.50
BNFT,$36.51,1441041330625,"25,072",67% bullish,of 3 ratings,$46
BELFB,$17.75,1441041330660,"14,011",100% bearish,of 1 rating,N/A
BGFV,$11.45,1441041330721,"64,038",57% bullish,of 7 ratings,$12
BNCL,$12.39,1441041330747,"61,147",100% bullish,of 3 ratings,$12.50
BNTC,$7.9678,1441041330793,"9,247",100% bullish,of 1 rating,N/A
BGMD,$0.7489,1441041330819,"87,147",100% bullish,of 10 ratings,N/A
BIND,$4.8,1441041330967,"149,153",75% bullish,of 4 ratings,$13.50
BGCP,$8.755,1441041331151,"206,124",88% bullish,of 8 ratings,$14
BIOC,$1.97,1441041331207,"56,191",83% bullish,of 6 ratings,$3.85
BASI,$1.69,1441041331235,"4,700",Not yet rated,NULL,N/A
ORPN,$5.84,1441041331264,"4,700",100% bullish,of 1 rating,$28.50
BCDA,NULL,1441041331366,0,Not yet rated,NULL,N/A
BCRX,$11.99,1441041331566,"375,414",63% bullish,of 8 ratings,$18
BIOD,$0.6699,1441041331667,"15,983",80% bullish,of 5 ratings,$4
BDSI,$6.83,1441041331772,"236,459",88% bullish,of 8 ratings,$17
BLRX,$1.51,1441041331801,"90,089",100% bullish,of 12 ratings,$5
BIIB,$301.655,1441041331838,"401,802",88% bullish,of 16 ratings,$400
BLFS,$2.964,1441041331970,"5,641,430",100% bearish,of 1 rating,$4.75
BIOL,$1.49,1441041332038,"16,859",Not yet rated,NULL,N/A
BVXVW,$0.85,1441041332203,"3,000",100% bearish,of 1 rating,N/A
BVXV,$3.52,1441041332262,"7,550",Not yet rated,NULL,N/A
BPTH,$1.13,1441041332302,"20,957",100% bullish,of 2 ratings,$5
BRLI,NULL,1441041332429,0,NULL,NULL,NULL
BMRN,$130.92,1441041332457,"173,624",80% bullish,of 5 ratings,$160
BBP,$33.27,1441041332676,"5,343",Not yet rated,NULL,N/A
BSTC,$49.51,1441041332826,"52,617",100% bearish,of 1 rating,$76
BOTA,$2.1699,1441041332961,"15,001",88% bullish,of 8 ratings,N/A
BBC,$31.56,1441041333007,"2,781",Not yet rated,NULL,N/A
BSPM,$0.6525,1441041333032,"4,884",50% bullish,of 2 ratings,N/A
BEAT,$14.4703,1441041333114,"174,931",67% bearish,of 3 ratings,$15
TECH,$95.425,1441041333262,"30,265",100% bullish,of 1 rating,$117
BDMS,NULL,1441041333510,0,100% bearish,of 1 rating,N/A
BBOX,$15.44,1441041333563,"26,003",100% bearish,of 1 rating,N/A
BJRI,$43.54,1441041333588,"35,126",50% bullish,of 2 ratings,$55
BITI,$17.0901,1441041333614,"4,346",100% bullish,of 1 rating,$28
BDE,$7.28,1441041333762,"22,631",50% bullish,of 2 ratings,$9
BIOS,$2.43,1441041333961,"169,844",71% bullish,of 7 ratings,$4
BLKB,$57.46,1441041334148,"24,797",100% bearish,of 2 ratings,$66
HAWK,$39.77,1441041334352,"63,563",91% bullish,of 11 ratings,$49
ADRA,$27.1605,1441041334400,845,100% bearish,of 1 rating,N/A
BKCC,$9.5364,1441041334425,"118,750",50% bullish,of 2 ratings,$10
ADRU,$21.6816,1441041334735,451,100% bearish,of 1 rating,N/A
ADRD,$22.082,1441041334765,"7,575",100% bearish,of 1 rating,N/A
ADRE,$29.84,1441041334796,"6,000",100% bearish,of 1 rating,N/A
BLBD,$11.8,1441041334867,"2,867",Not yet rated,NULL,N/A
BBRY,$7.555,1441041334892,"1,431,031",61% bullish,of 330 ratings,$9
BLMN,$20.68,1441041335163,"360,632",83% bullish,of 6 ratings,$27.50
BCOR,$13.93,1441041335196,"73,081",57% bullish,of 7 ratings,$15
BBLU,$0.78,1441041335218,"42,464",100% bullish,of 2 ratings,$4.43
BUFF,$25.39,1441041335239,"417,589",83% bullish,of 12 ratings,$31.50
BHBK,$14.23,1441041335293,"60,170",100% bullish,of 1 rating,$14.50
NILE,$33.935,1441041335371,"53,408",50% bullish,of 2 ratings,$34
BKEP,$6.2884,1441041335696,"13,465",100% bearish,of 1 rating,$8.50
BLUE,$134.45,1441041335721,"150,163",71% bullish,of 7 ratings,$217.50
BPMC,$27.1,1441041335746,"14,212",50% bullish,of 2 ratings,$47.50
BOBE,$45.02,1441041335895,"136,291",75% bullish,of 4 ratings,$57
BKEPP,NULL,1441041335928,0,100% bearish,of 1 rating,N/A
BNCN,$20.65,1441041335975,"89,681",Not yet rated,NULL,$24
BOKF,$62.68,1441041336066,"35,894",100% bearish,of 1 rating,$69
WIFI,$7.47,1441041336110,"46,222",50% bullish,of 2 ratings,$13.50
BNSO,$1.3,1441041336327,16,100% bearish,of 1 rating,N/A
BOJA,$20.6184,1441041336367,"78,898",100% bullish,of 1 rating,$30
BAMM,$3.16,1441041336427,"10,893",60% bullish,of 5 ratings,N/A
BOFI,$116.98,1441041336471,"101,244",100% bullish,of 6 ratings,$144
BPFH,$11.82,1441041336572,"53,447",100% bearish,of 1 rating,$14
BONA,$11.48,1441041336642,"50,137",75% bullish,of 4 ratings,$8.50
BPFHP,$24.9,1441041336667,"2,505",100% bearish,of 1 rating,N/A
EPAY,$26.64,1441041336988,"42,357",100% bearish,of 2 ratings,$30
BPFHW,NULL,1441041337067,0,100% bearish,of 1 rating,N/A
BDBD,$8.335,1441041337171,"193,393",60% bullish,of 5 ratings,$10
BBRG,$12.59,1441041337202,"15,958",67% bullish,of 3 ratings,$14.50
BBEP,$2.914,1441041337300,"1,096,236",69% bullish,of 13 ratings,$5.625
BCLI,$3.01,1441041337400,"43,853",80% bullish,of 5 ratings,$12
BDGE,$26.07,1441041337541,"7,781",Not yet rated,NULL,$31.75
BBEPP,$14.45,1441041337722,"14,203",100% bearish,of 1 rating,N/A
BLIN,$1.35,1441041337797,"1,000",100% bullish,of 2 ratings,$2.20
BRCM,$51.835,1441041337900,"886,720",75% bullish,of 12 ratings,$56
BCOV,$5.3185,1441041337950,"16,813",67% bullish,of 3 ratings,$10.20
BRID,NULL,1441041337975,0,100% bearish,of 1 rating,N/A
BVSN,$6.01,1441041338002,"2,079",60% bearish,of 5 ratings,N/A
BSFT,$31.39,1441041338028,"24,719",57% bullish,of 7 ratings,$40.50
BWEN,$3.22,1441041338192,"11,518",75% bullish,of 4 ratings,$8
BRCD,$10.76,1441041338792,"719,507",92% bullish,of 13 ratings,$11.50
BRKR,$18.485,1441041338822,"59,914",100% bearish,of 2 ratings,$22
BYFC,$1.46,1441041338843,107,50% bullish,of 2 ratings,N/A
BRKL,$10.51,1441041338923,"26,768",100% bearish,of 1 rating,$10.75
BRKS,$10.4,1441041339160,"24,652",67% bullish,of 3 ratings,$15.25
BWLD,$191.45,1441041339208,"47,098",82% bullish,of 11 ratings,$205
CA,$27.41,1441041339258,"528,056",50% bullish,of 4 ratings,$33
BLMT,$20.55,1441041339286,600,Not yet rated,NULL,N/A
BUR,$1.75,1441041339343,"21,100",100% bearish,of 1 rating,$8
BLDR,$14.8,1441041339420,"146,338",67% bullish,of 3 ratings,$22
BMTC,$29.32,1441041339450,"6,898",Not yet rated,NULL,$34
BSQR,$6.23,1441041339498,"36,463",67% bullish,of 3 ratings,N/A
CHRW,$67.88,1441041339560,"302,517",Not yet rated,NULL,$72
CFFI,$36.06,1441041339748,189,100% bearish,of 1 rating,N/A
CDNS,$20.18,1441041339882,"270,580",75% bullish,of 4 ratings,$22.50
CCMP,$43.33,1441041339907,"20,849",50% bullish,of 2 ratings,$59
CACQ,$6.9,1441041340100,"19,240",100% bearish,of 1 rating,$12.25
PRSS,$4.51,1441041340267,"4,266",80% bullish,of 5 ratings,$4.50
CLBS,$1.51,1441041340292,"82,487",79% bullish,of 14 ratings,$4
CHY,$11.41,1441041340318,"84,549",Not yet rated,NULL,N/A
CZR,$9.62,1441041340340,"209,071",60% bearish,of 5 ratings,$10.50
CDZI,$8.1,1441041340373,"48,670",100% bearish,of 1 rating,N/A
CLMS,$10.68,1441041340472,"25,310",Not yet rated,NULL,$10.50
CSTE,$40.0048,1441041340502,"42,127",50% bullish,of 2 ratings,$65
CHI,$10.59,1441041340650,"103,034",100% bearish,of 1 rating,N/A
CGO,$12.2,1441041340842,"8,592",100% bearish,of 1 rating,N/A
CHW,$7.59,1441041340870,"73,935",100% bearish,of 1 rating,N/A
CFGE,$10.5301,1441041340900,755,Not yet rated,NULL,N/A
CCD,$19.3801,1441041341034,"42,401",Not yet rated,NULL,N/A
CSQ,$9.97,1441041341209,"193,692",Not yet rated,NULL,N/A
CALA,$5.95,1441041341276,"250,589",100% bullish,of 3 ratings,$19.50
CFNB,NULL,1441041341345,0,100% bearish,of 1 rating,N/A
CAMP,$16.47,1441041341514,"89,309",88% bullish,of 8 ratings,$25
CVGW,$58.65,1441041341539,"41,533",50% bullish,of 2 ratings,$62
CALD,$16.01,1441041341790,"79,236",100% bearish,of 1 rating,$21
CAMB,NULL,1441041341848,0,Not yet rated,NULL,N/A
CAMBU,NULL,1441041341945,0,100% bearish,of 1 rating,N/A
CAMBW,NULL,1441041341988,0,Not yet rated,NULL,N/A
CALM,$53.33,1441041342116,"355,312",80% bullish,of 5 ratings,$65
CLMT,$26.27,1441041342558,"67,048",75% bullish,of 8 ratings,$31
ABCD,$5.14,1441041343051,"98,206",83% bullish,of 6 ratings,N/A
CAC,$40,1441041343081,200,Not yet rated,NULL,N/A
CAMT,$2.641,1441041343134,"12,733",73% bullish,of 11 ratings,$4
CSIQ,$19.041,1441041343398,"607,829",86% bullish,of 28 ratings,$42.50
CGIX,$9.945,1441041343471,"6,320",67% bullish,of 3 ratings,$14.375
CSWC,$45.25,1441041343543,"3,073",Not yet rated,NULL,N/A
CPTA,$13.6,1441041343609,"18,523",100% bearish,of 1 rating,$18.50
CBNJ,$11.16,1441041343641,"7,200",100% bearish,of 1 rating,N/A
CPHC,NULL,1441041343712,0,100% bearish,of 1 rating,N/A
CBF,$30.58,1441041343744,"25,177",Not yet rated,NULL,$32
CPLA,$49.09,1441041343769,"40,479",67% bearish,of 3 ratings,$65
CFFN,$12.04,1441041343903,"101,008",Not yet rated,NULL,$12.75
CCBG,$15.01,1441041344032,600,Not yet rated,NULL,$17.25
CPLP,$7.01,1441041344089,"158,662",71% bullish,of 7 ratings,$11
CAPNW,$0.6898,1441041344114,100,Not yet rated,NULL,N/A
CAPN,$2.33,1441041344190,"89,216",100% bullish,of 1 rating,$10.85
CAPR,$4.62,1441041344290,"7,902",Not yet rated,NULL,$12
CARA,$19.065,1441041344346,"81,139",50% bullish,of 4 ratings,$25
CPST,$0.415,1441041344391,"640,418",95% bullish,of 22 ratings,$1.25
CARB,$11.09,1441041344526,"34,794",75% bullish,of 4 ratings,$12
CRDC,$0.351,1441041344551,"76,686",100% bullish,of 1 rating,$1.25
CBYL,$5.41,1441041344576,"4,233",100% bearish,of 1 rating,$20
CRME,$8.97,1441041344714,"5,355",89% bullish,of 9 ratings,$11.25
CFNL,$22.245,1441041344739,"18,612",Not yet rated,NULL,$24
CATM,$34.58,1441041344995,"53,157",100% bearish,of 1 rating,$44
CSII,$24.09,1441041345024,"43,131",100% bearish,of 2 ratings,$42.125
CECO,$3.74,1441041345055,"98,268",67% bearish,of 3 ratings,$6
CDNA,$6.87,1441041345080,"1,400",100% bearish,of 1 rating,$9
CKEC,$23.45,1441041345248,"18,336",50% bullish,of 2 ratings,$35.915
CLBH,$12.7,1441041345292,100,Not yet rated,NULL,$16.50
CTRE,$11.14,1441041345342,"33,193",50% bullish,of 2 ratings,$13.50
CART,$5.35,1441041345825,"2,200",100% bearish,of 1 rating,N/A
CRZO,$36.78,1441041345860,"543,877",67% bearish,of 3 ratings,$54.50
CARO,$15.1676,1441041345895,"1,007",100% bearish,of 1 rating,$19
TAST,$12.52,1441041345952,"146,245",Not yet rated,NULL,$14.25
CRTN,$2.51,1441041345979,"1,400",100% bearish,of 1 rating,N/A
CARV,$7.4999,1441041346051,903,50% bullish,of 2 ratings,N/A
CASM,$1.16,1441041346121,"7,600",100% bullish,of 1 rating,$3.50
CSCD,$15.41,1441041346252,"12,167",100% bullish,of 2 ratings,$17
CACB,$5.34,1441041346277,"8,147",Not yet rated,NULL,$5.50
CASY,$105.31,1441041346417,"43,406",50% bullish,of 2 ratings,$99.50
CWST,$6.1864,1441041346443,"16,688",50% bullish,of 2 ratings,$7.25
CASI,$1.4999,1441041346576,"1,255",100% bullish,of 1 rating,$3.50
CASS,$48.43,1441041346623,"4,084",100% bearish,of 1 rating,N/A
CPRX,$3.63,1441041346757,"98,795",71% bullish,of 7 ratings,$7
CATB,$11.21,1441041346913,"5,525",100% bearish,of 1 rating,$28
CATY,$29.55,1441041346952,"145,951",100% bearish,of 1 rating,$33.50
CVCO,$71.73,1441041346983,"2,257",100% bearish,of 1 rating,N/A
CAVM,$69.1,1441041347009,"90,870",67% bearish,of 3 ratings,$72
CATYW,NULL,1441041347138,0,100% bearish,of 1 rating,N/A
CBFV,$20.5,1441041347234,786,Not yet rated,NULL,$25
CNLM,NULL,1441041347281,0,Not yet rated,NULL,N/A
CNLMU,NULL,1441041347312,0,100% bullish,of 1 rating,N/A
CNLMR,NULL,1441041347444,0,Not yet rated,NULL,N/A
CNLMW,NULL,1441041347492,0,Not yet rated,NULL,N/A
CDK,$50.02,1441041347660,"105,408",67% bearish,of 3 ratings,$50
CBOE,$63.275,1441041347729,"110,699",Not yet rated,NULL,$60
CDW,$39.915,1441041347862,"287,891",75% bullish,of 4 ratings,$44
CECE,$9.57,1441041347912,"15,947",50% bullish,of 2 ratings,$16
CELG,$120.21,1441041348043,"1,598,244",92% bullish,of 13 ratings,$155.50
CPXX,$2.184,1441041348075,"71,737",100% bullish,of 2 ratings,$7
CELGZ,$1.58,1441041348100,"16,900",80% bullish,of 5 ratings,N/A
CLDX,$15.14,1441041348171,"418,049",89% bullish,of 9 ratings,$36
CLLS,$33.98,1441041348267,"43,552",75% bullish,of 4 ratings,$51.50
CLDN,$1.12,1441041348317,"28,871",71% bullish,of 7 ratings,$3
CLRB,$3.082,1441041348342,300,100% bearish,of 1 rating,N/A
CLRBW,NULL,1441041348371,0,Not yet rated,NULL,N/A
CLSN,$2.11,1441041348584,"32,419",80% bullish,of 10 ratings,$7.50
CBMG,$23.24,1441041348715,"39,346",50% bullish,of 2 ratings,N/A
CYAD,$48.79,1441041348746,150,100% bullish,of 1 rating,$87.50
CLTX,$2.4,1441041348774,"162,915",100% bullish,of 2 ratings,N/A
CEMP,$34.9996,1441041348877,"307,788",71% bullish,of 7 ratings,$52
CSFL,$13.56,1441041348942,"15,610",Not yet rated,NULL,$15
CETX,$2.2201,1441041348969,"4,400",Not yet rated,NULL,$5.60
CFBK,NULL,1441041349159,0,Not yet rated,NULL,N/A
CETV,$2.2,1441041349249,"28,782",67% bullish,of 3 ratings,$2.80
CENTA,$12.66,1441041349285,"160,303",Not yet rated,NULL,N/A
CVCY,$11.21,1441041349316,100,Not yet rated,NULL,$12
CENX,$5.6,1441041349385,"607,956",67% bullish,of 6 ratings,$9
CNBKA,$41.2,1441041349462,100,50% bullish,of 2 ratings,N/A
CENT,$12.32,1441041349517,"45,689",Not yet rated,NULL,$10
CNTY,$5.94,1441041349564,"24,887",80% bullish,of 5 ratings,$7.75
CPHD,$49.29,1441041349652,"96,221",67% bearish,of 3 ratings,$66.50
CERE,$1.15,1441041349901,"138,491",88% bullish,of 8 ratings,N/A
CERN,$62.41,1441041349927,"497,090",67% bullish,of 3 ratings,$79
CRNT,$1.46,1441041349954,"145,881",50% bullish,of 2 ratings,$2
CERU,$4,1441041349983,"36,575",75% bullish,of 4 ratings,$14
KOOL,$0.72,1441041350118,"1,599",100% bullish,of 5 ratings,$7
CERS,$5.01,1441041350175,"121,261",75% bullish,of 4 ratings,$7
CEVA,$19.43,1441041350275,"13,521",100% bearish,of 1 rating,$25
HOTR,$1.51,1441041350323,"60,234",100% bullish,of 2 ratings,$5
HOTRW,NULL,1441041350407,0,Not yet rated,NULL,N/A
GTLS,$25.21,1441041350505,"72,921",50% bullish,of 4 ratings,$40
CTHR,$1.2946,1441041350586,"5,056",50% bullish,of 2 ratings,$2.50
CYOU,$20.98,1441041350614,"104,306",50% bullish,of 6 ratings,$24
CHTR,$181.7925,1441041350644,"273,094",100% bearish,of 2 ratings,$202
CHFN,$12.44,1441041350747,"2,788",Not yet rated,NULL,$14
CHEK,$2.1101,1441041350854,440,Not yet rated,NULL,$7.75
CHKP,$78.03,1441041350991,"348,502",50% bullish,of 4 ratings,$92
CEMI,$4.15,1441041351020,"9,474",50% bullish,of 2 ratings,$7.50
CCXI,$6.51,1441041351055,"22,875",67% bullish,of 3 ratings,$14
CHEKW,NULL,1441041351093,0,Not yet rated,NULL,N/A
CHFC,$31.55,1441041351161,"11,069",100% bearish,of 1 rating,$36
CHKE,$25.42,1441041351224,"10,409",100% bearish,of 1 rating,$32.50
CHMG,$26.1,1441041351367,100,Not yet rated,NULL,$30
CHEV,$14.39,1441041351424,100,Not yet rated,NULL,N/A
CHMA,$25.76,1441041351525,"21,823",Not yet rated,NULL,$40
CBNK,$16.3,1441041351550,"23,255",100% bearish,of 1 rating,N/A
PLCE,$59.67,1441041351715,"31,448",100% bearish,of 1 rating,$69
CMRX,$49.358,1441041351742,"57,155",50% bullish,of 2 ratings,$57
CADC,$3.1399,1441041351786,"2,722",78% bullish,of 9 ratings,N/A
CALI,$0.885,1441041351814,700,67% bullish,of 3 ratings,N/A
CAAS,$6.28,1441041351977,"11,976",93% bullish,of 14 ratings,$11.50
CCCL,$0.785,1441041352083,"1,200",100% bullish,of 6 ratings,N/A
CBAK,$1.98,1441041352116,"9,363",67% bullish,of 9 ratings,N/A
JRJC,$3.72,1441041352156,"31,248",82% bullish,of 11 ratings,N/A
CBPO,$96.12,1441041352256,"74,032",75% bullish,of 8 ratings,$140.50
CHOP,$1.2,1441041352338,"3,768",50% bullish,of 2 ratings,N/A
CCCR,$0.7497,1441041352369,225,67% bearish,of 3 ratings,N/A
HGSH,$1.84,1441041352473,"2,140",67% bullish,of 3 ratings,N/A
CHLN,$1.7701,1441041352569,"2,200",67% bullish,of 3 ratings,N/A
CJJD,$1.86,1441041352673,965,100% bullish,of 1 rating,N/A
CNIT,$1.2589,1441041352804,"125,019",67% bullish,of 6 ratings,N/A
CPGI,NULL,1441041352830,0,Not yet rated,NULL,N/A
HTHT,$25.7,1441041352904,"67,329",50% bullish,of 2 ratings,$28.40
CSUN,$1.48,1441041353001,"5,059",80% bullish,of 5 ratings,N/A
CREG,$0.6999,1441041353042,"35,235",100% bullish,of 3 ratings,N/A
CHNR,$1.6,1441041353067,"8,781",100% bearish,of 1 rating,N/A
CNTF,$0.8013,1441041353201,"37,200",Not yet rated,NULL,N/A
CNYD,$3.39,1441041353335,"1,902",67% bullish,of 3 ratings,N/A
CCIH,$7.465,1441041353394,"63,854",67% bullish,of 6 ratings,$12.65
CXDC,$5.7101,1441041353478,"14,792",67% bearish,of 3 ratings,N/A
CNET,$0.8899,1441041353552,"38,440",50% bullish,of 2 ratings,N/A
IMOS,$18.48,1441041353682,"82,737",60% bullish,of 5 ratings,$21.50
CHSCM,$26.2599,1441041353707,"7,662",Not yet rated,NULL,N/A
CHSCL,$27.15,1441041353735,"2,320",Not yet rated,NULL,N/A
CHSCO,$28.389,1441041353866,"4,200",Not yet rated,NULL,N/A
CHSCP,$30.7594,1441041353891,"2,062",Not yet rated,NULL,N/A
CHSCN,$27.126,1441041353964,"2,883",Not yet rated,NULL,N/A
CHDN,$132.19,1441041354028,"25,904",Not yet rated,NULL,$165
CHUY,$30.68,1441041354069,"45,043",50% bullish,of 2 ratings,$34
CDTX,$14.5,1441041354131,"11,577",Not yet rated,NULL,$22
CIFC,$6.85,1441041354223,100,100% bearish,of 1 rating,N/A
CMCT,$15.21,1441041354355,100,100% bearish,of 1 rating,N/A
CMPR,$70.811,1441041354417,"84,653",50% bullish,of 2 ratings,$72.50
CIDM,$0.5699,1441041354606,"125,718",50% bullish,of 2 ratings,$2.10
CSCO,$26.01,1441041354690,"6,156,823",84% bullish,of 209 ratings,$32
CINF,$52.22,1441041354748,"138,172",50% bullish,of 4 ratings,$50.50
CTAS,$85.275,1441041354823,"115,847",100% bearish,of 1 rating,$91
CPHR,$5.3999,1441041354852,"23,550",100% bearish,of 1 rating,$17
CRUS,$30.31,1441041354881,"238,870",75% bullish,of 12 ratings,$44.50
CTRN,$26.56,1441041354925,"16,316",100% bearish,of 1 rating,$31.50
CZNC,$19.96,1441041354950,"2,767",Not yet rated,NULL,N/A
CZFC,$12.6801,1441041355123,750,Not yet rated,NULL,N/A
CIZN,$19.4,1441041355149,616,Not yet rated,NULL,N/A
CTXS,$68.5,1441041355280,"441,882",86% bullish,of 7 ratings,$80
CIVB,$10,1441041355412,313,Not yet rated,NULL,$11
CZWI,$9.1,1441041355447,402,Not yet rated,NULL,N/A
CIVBP,NULL,1441041355545,0,Not yet rated,NULL,N/A
CHCO,$47.6417,1441041355566,"8,008",Not yet rated,NULL,$46
CDTI,$1.635,1441041355650,"13,629",75% bullish,of 4 ratings,$3.20
CLNE,$5.33,1441041355738,"361,313",80% bullish,of 15 ratings,$9
CLFD,$17.16,1441041355792,"23,334",67% bullish,of 3 ratings,$18
CLNT,$1.4516,1441041355871,500,75% bullish,of 8 ratings,N/A
CLRO,$11.4312,1441041355928,"5,544",50% bullish,of 2 ratings,$14.25
CLIR,$4.82,1441041355953,"16,954",100% bullish,of 3 ratings,N/A
CBLI,$4.0304,1441041355983,"19,886",60% bullish,of 5 ratings,N/A
CLVS,$78.52,1441041356130,"157,031",60% bullish,of 5 ratings,$101.50
CSBK,$13.705,1441041356202,"4,100",Not yet rated,NULL,N/A
CMFN,$11.05,1441041356395,"10,347",100% bearish,of 1 rating,$15.50
CCNE,$17,1441041356424,"3,300",50% bullish,of 2 ratings,$21.50
CME,$94.61,1441041356527,"719,326",67% bullish,of 3 ratings,$102
CISG,$7.66,1441041356589,"39,259",100% bullish,of 5 ratings,$10
COKE,$156.57,1441041356619,"12,220",79% bullish,of 19 ratings,N/A
CWAY,$11.18,1441041356658,600,Not yet rated,NULL,N/A
CNV,$4.44,1441041356687,"4,715",50% bullish,of 2 ratings,$7.15
COBZ,$12.97,1441041356717,"8,292",100% bullish,of 1 rating,$14
CDXS,$3.84,1441041356852,"6,664",64% bullish,of 11 ratings,$6
CDRB,$13.845,1441041356879,"3,205",67% bullish,of 3 ratings,N/A
CCOI,$27.82,1441041357011,"80,921",50% bullish,of 4 ratings,$35
CVLY,$20.7,1441041357039,200,Not yet rated,NULL,N/A
JVA,$4.7,1441041357141,"2,325",83% bullish,of 6 ratings,$7
CGNT,$1.5799,1441041357271,"5,973",100% bullish,of 2 ratings,$2
CTSH,$63.0599,1441041357411,"1,120,736",90% bullish,of 10 ratings,$75
CGNX,$35.88,1441041357441,"89,695",50% bullish,of 2 ratings,$47
CHRS,$28.45,1441041357562,"11,193",67% bearish,of 3 ratings,$37
CLCT,$18.64,1441041357646,"7,160",100% bearish,of 1 rating,N/A
COHU,$9.8,1441041357675,"28,191",100% bearish,of 1 rating,$14.25
COLL,$15.1,1441041357705,"9,720",100% bearish,of 1 rating,$26
COHR,$58.14,1441041357730,"20,669",50% bullish,of 2 ratings,$72
CLRX,$0.569,1441041357811,"43,904",50% bullish,of 2 ratings,N/A
CLCD,$6.718,1441041357943,"10,349",100% bearish,of 1 rating,$20.50
CBAN,$8.75,1441041358131,"1,100",Not yet rated,NULL,N/A
CIGI,$44.0801,1441041358165,"12,300",100% bearish,of 1 rating,$52
COLB,$30.055,1441041358190,"41,529",Not yet rated,NULL,$36
COLM,$62.225,1441041358265,"40,517",100% bearish,of 1 rating,$71
CMCO,$18.98,1441041358338,"6,659",60% bullish,of 5 ratings,$28
CMCSA,$56.48,1441041358471,"2,449,428",66% bullish,of 35 ratings,$69.50
CMCSK,$57.53,1441041358612,"1,144,062",Not yet rated,NULL,$84
CBSHP,$25.47,1441041358689,"1,486",100% bearish,of 1 rating,N/A
CVGI,$5.17,1441041358738,"54,888",50% bullish,of 2 ratings,$6
CBMX,$1.11,1441041358767,"5,190",83% bullish,of 6 ratings,$3.15
CBSH,$44.67,1441041358795,"101,633",50% bullish,of 2 ratings,$46
CUBN,$13.5,1441041358869,200,Not yet rated,NULL,N/A
COMM,$32.49,1441041358932,"244,072",67% bearish,of 3 ratings,$35
CSAL,$20.3,1441041358970,"191,303",75% bullish,of 4 ratings,$30
JCS,$8.6147,1441041359227,"3,040",67% bullish,of 3 ratings,N/A
ESXB,$5.06,1441041359282,"12,057",Not yet rated,NULL,N/A
CYHHZ,$0.0101,1441041359369,617,100% bullish,of 1 rating,N/A
CTBI,$35.04,1441041359400,"2,267",Not yet rated,NULL,$36
CIZ,$33.3811,1441041359497,"1,486",100% bearish,of 1 rating,N/A
CIL,$33.63,1441041359536,600,Not yet rated,NULL,N/A
CVLT,$36.19,1441041359601,"106,021",75% bullish,of 4 ratings,$44.50
CWBC,$6.8399,1441041359670,"2,615",Not yet rated,NULL,N/A
COB,$10.45,1441041359705,820,100% bullish,of 1 rating,$11.75
CID,NULL,1441041359837,0,Not yet rated,NULL,N/A
CSA,NULL,1441041359864,0,Not yet rated,NULL,N/A
CDC,$34.45,1441041359910,"2,628",Not yet rated,NULL,N/A
CSF,$36.9247,1441041360011,592,100% bearish,of 1 rating,N/A
CFO,$35.635,1441041360037,"3,970",100% bearish,of 1 rating,N/A
CFA,$35.66,1441041360173,"1,285",100% bearish,of 1 rating,N/A
CDL,NULL,1441041360355,0,Not yet rated,NULL,N/A
CSB,NULL,1441041360425,0,Not yet rated,NULL,N/A
CPSI,$46.23,1441041360488,"14,080",100% bearish,of 1 rating,$45.50
CTG,$6.68,1441041360555,"13,104",100% bearish,of 1 rating,$8.50
CHCI,$0.66,1441041360582,"4,148",50% bullish,of 2 ratings,N/A
CGEN,$5.065,1441041360643,"55,985",50% bullish,of 2 ratings,$11
SCOR,$53.31,1441041360715,"54,283",100% bearish,of 1 rating,$66
CMTL,$26.86,1441041360744,"15,650",100% bearish,of 2 ratings,$37
CNAT,$4.09,1441041360963,"23,419",83% bullish,of 6 ratings,$13
CNCE,$15.72,1441041361062,"42,510",75% bullish,of 4 ratings,$22
CNSI,$18.86,1441041361090,"50,335",100% bearish,of 2 ratings,$29
CXRX,$77,1441041361302,"4,100",100% bearish,of 1 rating,$90
CDOR,$1.36,1441041361332,200,100% bullish,of 1 rating,N/A
CCUR,$5.31,1441041361488,"12,720",75% bullish,of 4 ratings,N/A
CDORO,NULL,1441041361541,0,100% bearish,of 1 rating,N/A
CNFR,$9.824,1441041361689,"2,669",Not yet rated,NULL,N/A
CNMD,$53.01,1441041361731,"30,932",Not yet rated,NULL,$59
CTWS,$34.55,1441041361759,"10,470",100% bearish,of 1 rating,$44
CFMS,$16.2,1441041361792,"934,544",100% bearish,of 1 rating,$27
CDORP,$7,1441041361888,700,100% bearish,of 1 rating,N/A
CONN,$29.77,1441041361941,"125,807",67% bullish,of 3 ratings,$48.50
CNSL,$19.8,1441041361972,"25,889",100% bearish,of 1 rating,$23
CNXR,$7,1441041362068,"7,730",100% bearish,of 1 rating,$12
CNOB,$19.02,1441041362166,"3,600",100% bullish,of 1 rating,$23.50
CWCO,$10.5,1441041362299,"26,054",67% bullish,of 3 ratings,$14.50
CPSS,$5.74,1441041362443,"6,428",100% bullish,of 1 rating,$10
CFRXW,$2.28,1441041362473,"1,000",100% bearish,of 1 rating,N/A
CTCT,$25.1,1441041362499,"43,513",67% bullish,of 3 ratings,$37
CFRX,$4.9562,1441041362520,"12,361",Not yet rated,NULL,$14
CFRXZ,$0.6,1441041362573,100,Not yet rated,NULL,N/A
CTRV,$3.67,1441041362718,620,Not yet rated,NULL,$6.40
CTRL,$9.02,1441041362856,"28,163",50% bullish,of 2 ratings,$11
BVA,$3.86,1441041362937,"13,183",50% bullish,of 2 ratings,N/A
CPRT,$35,1441041362987,"84,805",67% bearish,of 3 ratings,$40
CRBP,$1.9,1441041363071,"122,480",100% bullish,of 2 ratings,$6.25
CORE,$60.255,1441041363175,"41,104",100% bearish,of 1 rating,$72
CORI,$10.11,1441041363201,"69,349",100% bearish,of 1 rating,$18
CORT,$4.95,1441041363259,"115,595",67% bullish,of 3 ratings,$12
CRVL,$30.23,1441041363384,"8,670",100% bearish,of 1 rating,N/A
CSOD,$36.02,1441041363483,"114,699",50% bullish,of 2 ratings,$42
COSI,$1.1999,1441041363511,"23,674",100% bullish,of 1 rating,N/A
CSGP,$180.94,1441041363541,"54,677",50% bullish,of 2 ratings,$235
CPAH,$0.47,1441041363578,"2,600",50% bullish,of 2 ratings,N/A
ICBK,NULL,1441041363758,0,Not yet rated,NULL,$21
COVS,$2.7,1441041363859,"60,378",67% bullish,of 3 ratings,N/A
COWN,$5.25,1441041364003,"145,498",75% bullish,of 4 ratings,$7
COWNL,$26.52,1441041364033,"2,300",Not yet rated,NULL,N/A
COST,$139.4908,1441041364059,"564,260",79% bullish,of 24 ratings,$154.50
CPSH,NULL,1441041364135,0,Not yet rated,NULL,N/A
CVTI,$23.88,1441041364190,"25,801",67% bearish,of 3 ratings,$39
BREW,$8.16,1441041364436,"8,746",67% bullish,of 6 ratings,$15
CBRL,$145.34,1441041364475,"87,322",50% bullish,of 2 ratings,$155
CRAY,$21.53,1441041364504,"60,774",83% bullish,of 6 ratings,$38.50
CACC,$203.855,1441041364525,"29,302",50% bullish,of 2 ratings,$158.50
CREE,$27.38,1441041364566,"189,690",65% bullish,of 17 ratings,$29.50
CRAI,$22.5,1441041364595,"4,976",100% bearish,of 1 rating,$36
GLDI,$11.0014,1441041364661,"3,920",100% bearish,of 1 rating,N/A
SLVO,$9.95,1441041364693,"1,071",100% bearish,of 1 rating,N/A
CRESY,$10.28,1441041364954,"4,552",100% bearish,of 1 rating,$19
CRTO,$40.84,1441041365048,"131,936",67% bullish,of 6 ratings,$64
CRDS,$1.0038,1441041365182,"8,713",75% bullish,of 4 ratings,$4.50
CROX,$14.72,1441041365212,"250,856",63% bullish,of 8 ratings,$16.50
CRWN,$5.24,1441041365312,"219,284",75% bullish,of 4 ratings,N/A
CCRN,$14.15,1441041365339,"94,703",100% bearish,of 1 rating,$14.25
CYRX,$2.8401,1441041365365,"13,490",Not yet rated,NULL,$9
CRWS,$8.1499,1441041365386,"1,092",Not yet rated,NULL,$10
CSGS,$30.8,1441041365516,"39,015",Not yet rated,NULL,$40
CYRXW,$0.78,1441041365549,"13,901",Not yet rated,NULL,N/A
CSPI,NULL,1441041365814,0,67% bullish,of 3 ratings,N/A
CCLP,$15.4,1441041365843,"30,463",67% bearish,of 3 ratings,$20
CTIC,$1.595,1441041365899,"132,387",84% bullish,of 76 ratings,$5.75
CTCM,$1.83,1441041365924,"51,536",80% bearish,of 5 ratings,$3.90
CTRP,$66.87,1441041365972,"622,890",75% bullish,of 8 ratings,$92.50
CTIB,NULL,1441041365999,0,100% bearish,of 1 rating,N/A
CUNB,$21.16,1441041366146,675,Not yet rated,NULL,$24.50
CUI,$5.28,1441041366311,"3,143",50% bullish,of 2 ratings,$10
CMLS,$1.43,1441041366439,"160,780",50% bullish,of 4 ratings,$6
CVBF,$16.15,1441041366471,"62,072",Not yet rated,NULL,$18
CPIX,$6.15,1441041366493,"1,203",Not yet rated,NULL,N/A
CUTR,$14.855,1441041366524,"612,779",67% bearish,of 3 ratings,$18
CRIS,$2.61,1441041366545,"99,051",100% bullish,of 8 ratings,$6
CVV,$10.88,1441041366575,"4,248",100% bullish,of 5 ratings,N/A
CYAN,$7.02,1441041366789,"4,950",100% bearish,of 1 rating,N/A
CYBR,$52.29,1441041366896,"176,545",75% bullish,of 8 ratings,$66
CYBX,$65.775,1441041366949,"56,432",50% bullish,of 4 ratings,$71.50
CYCCP,NULL,1441041366974,0,100% bearish,of 1 rating,N/A
CYBE,$6.67,1441041367027,"7,401",100% bearish,of 1 rating,N/A
CYCC,$0.5399,1441041367055,"36,752",73% bullish,of 11 ratings,N/A
CBAY,$2.7,1441041367226,"37,279",100% bullish,of 1 rating,$4
CYNA,$15.74,1441041367248,"28,505",50% bullish,of 2 ratings,$31.50
CYNO,$31.47,1441041367326,"35,522",67% bearish,of 3 ratings,$45.50
CY,$10.045,1441041367459,"915,914",80% bullish,of 10 ratings,$15.50
CYTK,$7.035,1441041367594,"51,503",71% bullish,of 14 ratings,$13.50
CONE,$31.99,1441041367622,"93,475",67% bearish,of 3 ratings,$35.50
CTSO,$7,1441041367646,"22,443",Not yet rated,NULL,$15.625
CYRN,$1.69,1441041367670,"3,966",67% bullish,of 3 ratings,$4
CYTX,$0.3607,1441041367698,"2,011,301",83% bullish,of 12 ratings,$5.50
CYTR,$2.48,1441041367864,"178,042",67% bullish,of 6 ratings,$10
DAEG,$0.37,1441041367939,500,100% bearish,of 1 rating,N/A
TVIX,$14.38,1441041367966,"7,218,985",81% bullish,of 16 ratings,N/A
XIV,$26.0398,1441041368099,"8,441,165",75% bearish,of 4 ratings,N/A
TVIZ,$20.38,1441041368126,"1,100",100% bearish,of 1 rating,N/A
ZIV,$38.91,1441041368152,"48,840",Not yet rated,NULL,N/A
DJCO,$192.01,1441041368179,100,Not yet rated,NULL,N/A
DAKT,$8.682,1441041368354,"58,171",50% bullish,of 2 ratings,$12
DAIO,$2.52,1441041368397,112,Not yet rated,NULL,N/A
DARA,$0.89,1441041368437,"36,464",83% bullish,of 6 ratings,$1.50
DRAM,$1.3,1441041368601,"13,784",78% bullish,of 9 ratings,N/A
DWCH,$5.2,1441041368671,"11,290",75% bullish,of 4 ratings,$8.25
PLAY,$34.3,1441041368700,"95,824",100% bullish,of 5 ratings,$42
DTLK,$5.899,1441041368835,"17,772",100% bearish,of 1 rating,$9
DTEA,$13.68,1441041368864,"36,143",100% bearish,of 2 ratings,$24
DBVT,$40.19,1441041368895,"76,402",100% bearish,of 1 rating,$53
DWSN,$4.5456,1441041368922,"4,821",67% bullish,of 3 ratings,N/A
DHRM,$1.55,1441041368995,"4,100",Not yet rated,NULL,N/A
TRAK,$62.78,1441041369056,"69,225",50% bullish,of 2 ratings,$62.50
TACO,$13.08,1441041369263,"61,872",75% bullish,of 4 ratings,$20
TACOW,$3.9125,1441041369294,"6,700",100% bullish,of 1 rating,N/A
DCTH,$0.445,1441041369361,"39,182",78% bullish,of 9 ratings,N/A
DFRG,$14.98,1441041369393,"34,318",100% bearish,of 1 rating,$20
DGAS,$20.3,1441041369439,501,67% bearish,of 3 ratings,N/A
DELT,NULL,1441041369465,0,Not yet rated,NULL,N/A
DELTW,NULL,1441041369670,0,Not yet rated,NULL,N/A
DENN,$11.35,1441041369731,"94,778",100% bullish,of 3 ratings,$15
XRAY,$52.69,1441041369861,"71,028",100% bullish,of 1 rating,$58
DSCI,$5.9,1441041369888,"9,950",50% bullish,of 2 ratings,$16
DERM,$25.45,1441041369914,"34,370",100% bearish,of 1 rating,$33.50
DEPO,$27.62,1441041369943,"255,702",60% bullish,of 5 ratings,$29
DXLG,$5.84,1441041370050,"72,925",100% bearish,of 1 rating,$8
DEST,$11.49,1441041370110,"20,623",50% bullish,of 2 ratings,N/A
DSWL,$1.7,1441041370183,"6,900",100% bullish,of 1 rating,N/A
DXCM,$94.25,1441041370315,"166,521",57% bullish,of 7 ratings,$98
DXM,$0.2687,1441041370367,"65,710",50% bullish,of 2 ratings,N/A
DHXM,NULL,1441041370447,0,Not yet rated,NULL,N/A
DHIL,$192.5101,1441041370580,976,Not yet rated,NULL,N/A
DMND,$29.97,1441041370649,"83,994",75% bullish,of 12 ratings,$32
DCIX,$1.65,1441041370711,"8,407",50% bullish,of 4 ratings,$3.50
FANG,$68.97,1441041370736,"478,268",50% bullish,of 2 ratings,$86.50
DRNA,$10.9,1441041370798,"39,230",67% bearish,of 3 ratings,$25
DGII,$10.22,1441041370905,"26,946",100% bearish,of 1 rating,$11
DRAD,$3.77,1441041371010,"12,172",100% bullish,of 1 rating,$5.25
APPS,$2.55,1441041371143,"43,166",100% bearish,of 1 rating,$10.25
DMRC,$39.03,1441041371174,"22,899",100% bearish,of 1 rating,$44
DGLY,$8.405,1441041371200,"35,080",50% bullish,of 6 ratings,$20
DCOM,$17.07,1441041371225,"16,022",100% bearish,of 2 ratings,$16
DIOD,$19.82,1441041371280,"31,904",75% bearish,of 4 ratings,$24
DPRX,$13.965,1441041371425,"2,100",100% bullish,of 2 ratings,$27.75
DISCK,$25.455,1441041371528,"247,747",100% bearish,of 1 rating,$32
DISCA,$26.78,1441041371681,"449,960",67% bullish,of 3 ratings,$34
DSCO,$0.4003,1441041371714,"270,092",83% bullish,of 6 ratings,$2.75
DVCR,$10.65,1441041371735,"3,607",100% bullish,of 1 rating,N/A
DISCB,NULL,1441041371767,0,100% bearish,of 1 rating,$35
DISH,$59.565,1441041371788,"250,890",69% bullish,of 13 ratings,$73
BAGR,$2.76,1441041371819,"5,050",100% bearish,of 1 rating,$6
DLHC,$2.42,1441041372057,502,100% bearish,of 1 rating,N/A
DNBF,$25.61,1441041372165,"1,600",Not yet rated,NULL,$27.50
DLTR,$76.52,1441041372221,"1,241,720",82% bullish,of 11 ratings,$88
DGICA,$14.18,1441041372271,"1,874",100% bearish,of 1 rating,$17
DMLP,$14.91,1441041372319,"10,972",100% bearish,of 1 rating,N/A
DGICB,NULL,1441041372346,0,100% bearish,of 1 rating,N/A
DORM,$50.135,1441041372596,"22,937",100% bearish,of 1 rating,$56
HILL,$9.68,1441041372627,"490,559",60% bearish,of 5 ratings,$9.75
DRWI,$0.21,1441041372659,"70,478",60% bullish,of 5 ratings,$.45
DRWIW,NULL,1441041372728,0,Not yet rated,NULL,N/A
DSKX,$3.28,1441041372753,"45,590",100% bullish,of 1 rating,N/A
DRYS,$0.4578,1441041372785,"2,176,530",77% bullish,of 31 ratings,$.60
DSPG,$8.785,1441041372947,"40,185",100% bearish,of 1 rating,$13.50
DWA,$20.15,1441041372972,"104,013",63% bullish,of 8 ratings,$26
CADT,NULL,1441041373104,0,Not yet rated,NULL,N/A
CADTU,NULL,1441041373277,0,Not yet rated,NULL,N/A
CADTR,NULL,1441041373303,0,Not yet rated,NULL,N/A
CADTW,NULL,1441041373505,0,Not yet rated,NULL,N/A
DRRX,$2.07,1441041373533,"25,606",50% bullish,of 6 ratings,$3
DNKN,$50.85,1441041373558,"171,141",67% bullish,of 15 ratings,$56.50
DTSI,$26.79,1441041373579,"11,750",100% bearish,of 2 ratings,$39.50
DYAX,$22.96,1441041373615,"191,270",89% bullish,of 9 ratings,$30
DXPE,$29.78,1441041373664,"80,212",50% bullish,of 2 ratings,N/A
BOOM,$11.17,1441041373743,"30,654",67% bullish,of 3 ratings,$12
DYSL,$1.4985,1441041373792,"2,170",100% bullish,of 2 ratings,N/A
DYNT,$3.05,1441041373938,200,75% bullish,of 4 ratings,N/A
ETFC,$26.515,1441041373972,"640,228",57% bullish,of 14 ratings,$32.50
DVAX,$29.35,1441041374008,"84,638",70% bullish,of 10 ratings,$40
ELNK,$8.45,1441041374428,"134,677",60% bullish,of 5 ratings,$9.50
EGRX,$78.873,1441041374458,"81,575",67% bullish,of 3 ratings,$97
EBMT,$11.61,1441041374488,404,Not yet rated,NULL,$13.50
EGLE,$6.79,1441041374523,"13,488",60% bullish,of 5 ratings,N/A
EGBN,$41.77,1441041374555,"12,699",Not yet rated,NULL,$48
EROC,$1.62,1441041374585,"252,887",50% bullish,of 2 ratings,$3
EACQU,$10.1,1441041374720,"2,004",Not yet rated,NULL,N/A
EWBC,$40.23,1441041374780,"179,464",100% bearish,of 1 rating,$50
EML,$16.489,1441041374859,302,Not yet rated,NULL,N/A
EBIX,$28.22,1441041374957,"45,641",69% bullish,of 13 ratings,$40
EVBS,$6.66,1441041375054,"2,204",Not yet rated,NULL,$7
ELON,$0.5899,1441041375083,"36,023",50% bullish,of 2 ratings,N/A
EBAY,$27.17,1441041375108,"3,134,760",81% bullish,of 117 ratings,$34
ECTE,$1.43,1441041375377,"5,284",75% bullish,of 4 ratings,N/A
ECHO,$23.22,1441041375408,"41,535",67% bearish,of 3 ratings,$34.50
SATS,$44.82,1441041375435,"28,040",50% bullish,of 2 ratings,$60
ECACU,$10.1,1441041375571,50,Not yet rated,NULL,N/A
EDUC,$6.0735,1441041375602,"17,751",100% bearish,of 1 rating,N/A
ESES,$3.2,1441041375629,400,100% bearish,of 1 rating,$7
EEI,$11.1684,1441041375658,200,67% bearish,of 3 ratings,N/A
EDAP,$3.62,1441041375701,"34,346",60% bullish,of 5 ratings,$4.50
EDGW,NULL,1441041375797,0,100% bearish,of 1 rating,N/A
EFUT,NULL,1441041375901,0,Not yet rated,NULL,N/A
EGAN,$3.6699,1441041376039,"5,491",50% bullish,of 2 ratings,$6.25
EGLT,$11.59,1441041376123,"93,923",50% bullish,of 2 ratings,$21
LOCO,$13.25,1441041376198,"391,214",77% bullish,of 13 ratings,$19.50
EHTH,$14.95,1441041376254,"24,638",50% bullish,of 4 ratings,$16.50
EMITF,$1.234,1441041376301,"21,060",75% bullish,of 4 ratings,N/A
ESLT,$76.05,1441041376343,"3,845",67% bullish,of 3 ratings,N/A
ERI,$9.5,1441041376398,"37,964",100% bearish,of 1 rating,$10
ESIO,$4.64,1441041376532,"29,696",50% bullish,of 2 ratings,$10
ELRC,$10.51,1441041376557,"6,774",100% bearish,of 1 rating,N/A
EA,$66.72,1441041376700,"768,255",77% bullish,of 35 ratings,$80
ELSE,$3.89,1441041376734,51,60% bullish,of 5 ratings,N/A
EFII,$43.96,1441041376761,"16,615",80% bullish,of 5 ratings,$55
ELEC,NULL,1441041376831,0,Not yet rated,NULL,N/A
ELECU,NULL,1441041376890,0,Not yet rated,NULL,N/A
ELECW,NULL,1441041376970,0,Not yet rated,NULL,N/A
RDEN,$11.0017,1441041377155,"12,322",100% bearish,of 4 ratings,$15
CAPX,NULL,1441041377188,0,Not yet rated,NULL,N/A
EBIO,$3.56,1441041377214,"67,637",100% bearish,of 2 ratings,$8.35
ELTK,$1.22,1441041377298,"36,654",67% bearish,of 3 ratings,N/A
LONG,$16.95,1441041377359,"1,600",67% bullish,of 3 ratings,$15.75
ESBK,$19.78,1441041377387,130,Not yet rated,NULL,N/A
EMCF,NULL,1441041377517,0,100% bearish,of 1 rating,N/A
EMCI,$22.95,1441041377552,"4,391",Not yet rated,NULL,N/A
EMMS,$1.17,1441041377742,"11,024",83% bullish,of 6 ratings,N/A
EMKR,$7.08,1441041377841,"43,176",75% bullish,of 4 ratings,$8.50
NYNY,$4.26,1441041377867,"11,433",50% bullish,of 2 ratings,N/A
EMMSP,$3,1441041377950,200,100% bearish,of 1 rating,N/A
ERS,$2.8299,1441041378046,600,Not yet rated,NULL,N/A
ENTA,$40.03,1441041378106,"52,455",50% bullish,of 2 ratings,$42
WIRE,$32.38,1441041378133,"20,226",100% bearish,of 1 rating,$37
ECPG,$40.22,1441041378165,"73,651",100% bullish,of 2 ratings,$52
ENDP,$78.23,1441041378261,"322,661",50% bullish,of 6 ratings,$104
ECYT,$5.3,1441041378286,"111,703",83% bullish,of 6 ratings,$12
EIGI,$15.43,1441041378440,"94,314",67% bearish,of 3 ratings,$22.50
ELGX,$12.98,1441041378569,"51,039",75% bullish,of 4 ratings,$17
ERII,$2.67,1441041378604,"59,387",80% bullish,of 5 ratings,$2.50
WATT,$7.4,1441041378666,"80,522",50% bullish,of 2 ratings,$13
EXXI,$1.96,1441041378870,"901,026",86% bullish,of 7 ratings,$3.50
ENOC,$9.36,1441041378915,"57,973",75% bullish,of 4 ratings,$18
EFOI,$22.28,1441041379010,"751,491",50% bullish,of 2 ratings,$24.50
ENFC,$17.79,1441041379088,700,Not yet rated,NULL,N/A
ENG,$1.0399,1441041379121,"10,180",100% bullish,of 3 ratings,N/A
ENPH,$4.8678,1441041379149,"331,084",75% bullish,of 4 ratings,$11
ENTL,$22.61,1441041379219,"4,616",Not yet rated,NULL,$28
ESGR,$146.04,1441041379279,585,100% bearish,of 1 rating,$185
ENTG,$13.765,1441041379379,"240,054",100% bearish,of 1 rating,$18
ETRM,$0.2601,1441041379519,"489,705",69% bearish,of 35 ratings,$1.625
EFSC,$23.74,1441041379600,"4,062",Not yet rated,NULL,$27
EBTC,$21,1441041379625,100,Not yet rated,NULL,N/A
EGT,$2.128,1441041379760,816,100% bullish,of 1 rating,N/A
ENZY,$9.952,1441041379806,"5,724",67% bullish,of 3 ratings,$9.50
ENZN,$1.01,1441041379888,"218,567",100% bullish,of 9 ratings,N/A
ENVI,$1.86,1441041379936,"20,158",67% bullish,of 3 ratings,N/A
EPIQ,$12.95,1441041379988,"15,134",100% bearish,of 1 rating,$18
EPRS,$5,1441041380018,"24,987",82% bullish,of 11 ratings,$15
PLUS,$75.75,1441041380047,"17,365",50% bullish,of 2 ratings,$88
EPZM,$20.81,1441041380074,"143,460",60% bullish,of 5 ratings,$34
EQIX,$266.57,1441041380209,"73,676",75% bullish,of 4 ratings,$312.50
EQFN,$8.39,1441041380274,35,100% bearish,of 1 rating,N/A
EAC,$3.4627,1441041380299,"5,789",100% bearish,of 1 rating,$8
ERIC,$9.77,1441041380471,"806,482",67% bullish,of 9 ratings,$12.20
ERIE,$81.49,1441041380603,"3,369",Not yet rated,NULL,$73
ESCR,$0.12,1441041380704,"124,927",50% bullish,of 2 ratings,N/A
ESCA,$17.98,1441041380732,"2,960",100% bearish,of 1 rating,$22
ESPR,$49.75,1441041380761,"386,607",70% bearish,of 10 ratings,$122.50
ESMC,$1.39,1441041380786,"4,266",Not yet rated,NULL,N/A
ESCRP,$1.5,1441041380811,"3,080",100% bearish,of 1 rating,N/A
ESSA,$12.8101,1441041380866,959,100% bearish,of 1 rating,N/A
ESND,$34.835,1441041381000,"16,280",100% bearish,of 2 ratings,$40
EPIX,NULL,1441041381148,0,Not yet rated,NULL,N/A
ESSX,$0.4881,1441041381200,"34,632",50% bullish,of 2 ratings,N/A
ETSY,$14.64,1441041381221,"109,606",80% bullish,of 5 ratings,$16
CLWT,$2.5,1441041381249,300,100% bullish,of 1 rating,N/A
EEFT,$65.13,1441041381403,"69,969",100% bearish,of 1 rating,$67.50
EVEP,$8.94,1441041381540,"139,569",50% bullish,of 2 ratings,$15
EVK,$3.96,1441041381604,832,75% bearish,of 4 ratings,N/A
ESEA,$5.1,1441041381629,"1,560",100% bullish,of 1 rating,$15
EVOK,$3.8,1441041381678,"17,315",100% bearish,of 1 rating,$13.375
EVLV,$2.68,1441041381706,"60,149",60% bullish,of 5 ratings,$5.125
EVOL,$6.08,1441041381836,"2,721",75% bullish,of 4 ratings,$10
EXA,$10.85,1441041381864,"3,536",100% bearish,of 1 rating,$13
EXAS,$22.24,1441041381994,"169,674",78% bullish,of 9 ratings,$31
EXEL,$6.12,1441041382022,"2,329,055",81% bullish,of 16 ratings,$6
EXAC,$19.15,1441041382153,"11,179",100% bearish,of 1 rating,$22.50
EXFO,$3.02,1441041382216,"5,755",67% bearish,of 3 ratings,$3.95
EXLS,$36.25,1441041382318,"8,720",50% bullish,of 2 ratings,$41
EXPE,$115.61,1441041382373,"177,525",64% bullish,of 11 ratings,$130
EXPD,$49.39,1441041382400,"277,190",80% bullish,of 5 ratings,$52
ESRX,$83.81,1441041382561,"733,145",67% bearish,of 6 ratings,$101
EXLP,$21.31,1441041382637,"203,857",100% bearish,of 1 rating,$25
EXPO,$42.64,1441041382662,"16,228",100% bearish,of 1 rating,$45.50
EXTR,$3.025,1441041382687,"571,302",80% bullish,of 5 ratings,$3
EYEG,$3.63,1441041382847,"2,737",Not yet rated,NULL,N/A
EYEGW,NULL,1441041382915,0,Not yet rated,NULL,N/A
FFIV,$122.91,1441041382948,"149,616",63% bullish,of 8 ratings,$132
EZCH,$23.039,1441041382999,"44,378",75% bullish,of 8 ratings,$19.50
EZPW,$6.16,1441041383058,"77,065",50% bullish,of 4 ratings,$7
FB,$90.54,1441041383100,"9,325,852",73% bullish,of 1072 ratings,$111
FCS,$13.73,1441041383233,"110,854",67% bearish,of 3 ratings,$17
FRP,$16.58,1441041383425,"63,383",100% bearish,of 1 rating,$18
FWM,$2.28,1441041383480,"49,434",100% bearish,of 2 ratings,$3.20
DAVE,$14.93,1441041383555,"20,351",100% bearish,of 1 rating,$15.50
FALC,$1.7,1441041383628,"20,670",63% bearish,of 8 ratings,N/A
FFKT,$25.62,1441041383653,"1,967",Not yet rated,NULL,$29
FARM,$22.44,1441041383681,"12,638",100% bearish,of 1 rating,$35
FARO,$38.69,1441041383730,"21,640",50% bullish,of 2 ratings,$48
FMNB,$8.28,1441041383815,"5,571",Not yet rated,NULL,N/A
FAST,$38.79,1441041384030,"534,097",80% bullish,of 5 ratings,$45.50
FBSS,NULL,1441041384099,0,Not yet rated,NULL,N/A
FATE,$6.7995,1441041384163,"21,657",50% bullish,of 2 ratings,$11
FDML,$9.07,1441041384190,"86,545",50% bullish,of 4 ratings,$14
FBRC,$22.14,1441041384231,"2,546",100% bearish,of 1 rating,$29
FNHC,$22.03,1441041384331,"21,093",100% bearish,of 1 rating,$35
FHCO,$1.44,1441041384552,"40,114",50% bullish,of 4 ratings,N/A
FENX,$10.01,1441041384583,"18,103",100% bullish,of 1 rating,$14.25
FEIC,$76.27,1441041384606,"66,811",50% bullish,of 2 ratings,$95.50
FCSC,$5.68,1441041384635,"33,218",100% bearish,of 1 rating,$8.125
FGEN,$24.133,1441041384683,"113,399",100% bearish,of 1 rating,$39
LION,$19.3,1441041384741,"24,040",100% bullish,of 1 rating,$20
FDUS,$14.741,1441041384846,"12,666",50% bullish,of 2 ratings,$18
ONEQ,$189.4101,1441041384875,"5,551",100% bullish,of 1 rating,N/A
FRGI,$51.9,1441041385027,"48,160",50% bullish,of 2 ratings,$70
FSAM,$8.17,1441041385159,"1,007",100% bearish,of 1 rating,$10.25
FSC,$6.56,1441041385184,"290,729",60% bullish,of 5 ratings,$8
FSCFL,$24.4101,1441041385340,950,Not yet rated,NULL,N/A
FITB,$19.9,1441041385368,"1,291,338",54% bullish,of 13 ratings,$22
FSFR,$8.8401,1441041385397,"12,497",100% bearish,of 1 rating,$11.50
FITBI,$27.53,1441041385425,"6,470",Not yet rated,NULL,N/A
FNGN,$32.48,1441041385505,"129,629",67% bullish,of 3 ratings,$47
FISI,$24.71,1441041385604,"5,095",100% bullish,of 2 ratings,$24.50
FNSR,$15.63,1441041385631,"216,154",71% bullish,of 7 ratings,$24.50
FNTCU,NULL,1441041385810,0,Not yet rated,NULL,N/A
FNJN,$1.895,1441041385854,"8,878",100% bearish,of 1 rating,$5
FNTCW,$0.33,1441041386137,998,Not yet rated,NULL,N/A
FEYE,$38.6499,1441041386163,"1,071,096",87% bullish,of 15 ratings,$55.50
FBNC,$16.84,1441041386188,750,100% bullish,of 1 rating,$20
FNTC,NULL,1441041386228,0,Not yet rated,NULL,N/A
FRBA,$6.0335,1441041386327,"1,000",Not yet rated,NULL,$8
BUSE,$6.38,1441041386356,"2,102",Not yet rated,NULL,$6.875
FNLC,$18.49,1441041386384,"2,780",100% bullish,of 1 rating,N/A
FBIZ,$22.37,1441041386458,"24,675",100% bearish,of 2 ratings,$52
FCAP,NULL,1441041386664,0,Not yet rated,NULL,N/A
FCVA,$4.78,1441041386693,"5,090",Not yet rated,NULL,N/A
FCLF,$9.1999,1441041386733,500,Not yet rated,NULL,N/A
FCFS,$40.3832,1441041386760,"26,859",100% bearish,of 3 ratings,$47
FCNCA,$237.48,1441041386782,"2,794",Not yet rated,NULL,N/A
FCBC,$17.51,1441041386913,"1,678",Not yet rated,NULL,$18
FCCO,$12,1441041386973,"2,100",Not yet rated,NULL,$13.25
FFNM,$6.39,1441041387212,100,Not yet rated,NULL,N/A
FCFP,$6.7501,1441041387245,"2,100",Not yet rated,NULL,N/A
FDEF,$37.47,1441041387273,"5,945",Not yet rated,NULL,$38
FBNK,$17,1441041387299,"13,236",100% bearish,of 1 rating,$17.50
FFBCW,NULL,1441041387343,0,100% bearish,of 1 rating,N/A
FFBC,$18.26,1441041387368,"21,774",67% bearish,of 3 ratings,$20.25
THFF,$32.87,1441041387501,"1,572",Not yet rated,NULL,$35
FFIN,$30.88,1441041387569,"61,638",50% bullish,of 2 ratings,$31.75
FFNW,$12.196,1441041387825,"1,912",Not yet rated,NULL,$14
INBK,$31.8678,1441041387850,"12,889",50% bullish,of 2 ratings,$37
FFWM,$21.1201,1441041387875,"4,494",Not yet rated,NULL,$24
FIBK,$26.48,1441041387902,"42,179",Not yet rated,NULL,$32
FMBH,NULL,1441041387923,0,Not yet rated,NULL,N/A
FRME,$26,1441041387954,"17,838",Not yet rated,NULL,$26.50
FMBI,$17.55,1441041388123,"79,536",Not yet rated,NULL,$20
FSFG,$30.07,1441041388310,100,Not yet rated,NULL,N/A
FSLR,$48.48,1441041388340,"382,183",72% bullish,of 39 ratings,$65
FNFG,$9.17,1441041388370,"353,400",80% bullish,of 5 ratings,$9
FSGI,$2.4901,1441041388413,"6,691",Not yet rated,NULL,N/A
FNWB,$11.85,1441041388468,400,Not yet rated,NULL,N/A
FNBC,$34.97,1441041388544,"15,453",Not yet rated,NULL,$40
FSBK,NULL,1441041388570,0,100% bullish,of 1 rating,N/A
BICK,$19.5798,1441041388865,473,100% bullish,of 1 rating,N/A
FTCS,$36.5099,1441041388917,"1,560",100% bearish,of 1 rating,N/A
FCAN,$24.71,1441041388973,800,Not yet rated,NULL,N/A
FBZ,$9.67,1441041388994,600,Not yet rated,NULL,N/A
FEMB,NULL,1441041389047,0,Not yet rated,NULL,N/A
FV,$23.56,1441041389139,"843,984",100% bearish,of 1 rating,N/A
FCA,NULL,1441041389172,0,Not yet rated,NULL,N/A
IFV,$17.7999,1441041389243,"80,122",100% bearish,of 1 rating,N/A
FTSM,$59.8714,1441041389348,"41,611",100% bearish,of 1 rating,N/A
FEUZ,$30.9872,1441041389481,"1,225",Not yet rated,NULL,N/A
TDIV,$24.9501,1441041389506,"23,934",100% bearish,of 1 rating,N/A
MDIV,$19.221,1441041389587,"72,183",Not yet rated,NULL,N/A
FGM,$35.74,1441041389636,"2,521",Not yet rated,NULL,N/A
HYLS,$49.3249,1441041389767,"6,465",100% bearish,of 1 rating,N/A
FTGC,$22.5301,1441041389801,"29,885",Not yet rated,NULL,N/A
FTHI,$19.4299,1441041389896,"1,341",Not yet rated,NULL,N/A
FPXI,$27.56,1441041389984,800,Not yet rated,NULL,N/A
FHK,$33.13,1441041390114,"2,000",Not yet rated,NULL,N/A
YDIV,$16.4111,1441041390247,"1,992",Not yet rated,NULL,N/A
CU,$13.01,1441041390275,"7,189",100% bearish,of 1 rating,N/A
SKYY,$29.1144,1441041390314,"32,312",100% bullish,of 1 rating,N/A
FJP,$47.3223,1441041390376,"3,486",Not yet rated,NULL,N/A
FTLB,$19.81,1441041390472,1,100% bearish,of 1 rating,N/A
PLTM,$6.3999,1441041390604,"2,338",100% bearish,of 1 rating,N/A
LMBS,$50.2322,1441041390631,"1,389",Not yet rated,NULL,N/A
FMB,NULL,1441041390652,0,Not yet rated,NULL,N/A
QCLN,$15.2701,1441041390821,"2,727",Not yet rated,NULL,N/A
FONE,$35,1441041390914,500,Not yet rated,NULL,N/A
QABA,$37.548,1441041390946,"2,737",100% bearish,of 1 rating,N/A
CIBR,$17.975,1441041391015,"27,277",Not yet rated,NULL,N/A
CARZ,$34.88,1441041391041,"2,469",100% bearish,of 1 rating,N/A
RDVY,$21.16,1441041391171,"2,600",Not yet rated,NULL,N/A
GRID,NULL,1441041391196,0,100% bearish,of 1 rating,N/A
QQEW,$42.051,1441041391365,"42,485",Not yet rated,NULL,N/A
QQXT,$40.57,1441041391470,"8,836",Not yet rated,NULL,N/A
AIRR,$16.52,1441041391522,"12,465",100% bearish,of 1 rating,N/A
FTSL,$48.82,1441041391620,"10,941",100% bearish,of 1 rating,N/A
QTEC,$40.35,1441041391752,"9,699",Not yet rated,NULL,N/A
QINC,$20.151,1441041391781,257,Not yet rated,NULL,N/A
FKO,NULL,1441041391885,0,Not yet rated,NULL,N/A
FSZ,$39.23,1441041391952,"2,115",Not yet rated,NULL,N/A
FTW,NULL,1441041392021,0,Not yet rated,NULL,N/A
FDIV,$47,1441041392052,"1,797",100% bearish,of 1 rating,N/A
TUSA,$24.975,1441041392155,"3,034",Not yet rated,NULL,N/A
FUNC,$8.0538,1441041392323,"2,704",Not yet rated,NULL,N/A
FKU,$41.785,1441041392369,"2,752",Not yet rated,NULL,N/A
FSV,$31.63,1441041392506,"2,900",Not yet rated,NULL,$33.60
FMER,$17.88,1441041392538,"231,297",50% bullish,of 2 ratings,$20
SVVC,$9.3797,1441041392564,"4,828",50% bullish,of 2 ratings,$26
FISV,$86.07,1441041392602,"301,748",100% bearish,of 3 ratings,$90
FIVE,$39.05,1441041392633,"274,780",75% bearish,of 4 ratings,$44
FLML,$22.5,1441041392894,"28,306",50% bullish,of 2 ratings,$30
FIVN,$3.94,1441041392924,"36,623",100% bullish,of 1 rating,$8.50
FPRX,$19.965,1441041392945,"576,108",50% bullish,of 2 ratings,$35
FLKS,$12.15,1441041392985,"10,547",50% bullish,of 2 ratings,$27
FLXN,$24.58,1441041393085,"36,639",100% bearish,of 1 rating,$40
SKOR,$50.35,1441041393111,"3,700",Not yet rated,NULL,N/A
MBSD,$24.98,1441041393188,"1,385",Not yet rated,NULL,N/A
FLXS,$31.58,1441041393245,"5,441",100% bearish,of 2 ratings,N/A
FLEX,$10.585,1441041393450,"519,151",63% bullish,of 8 ratings,$12
FLDM,$12.32,1441041393546,"76,107",67% bearish,of 3 ratings,$15
FLIR,$28.74,1441041393578,"244,179",100% bearish,of 1 rating,$38.50
FOMX,$9.98,1441041393714,"87,419",50% bullish,of 2 ratings,$23.50
FOGO,$19.28,1441041393744,"46,706",50% bullish,of 2 ratings,$25.50
FONR,$9.53,1441041393769,"2,381",100% bullish,of 1 rating,N/A
FFIC,$19.95,1441041393798,"14,780",Not yet rated,NULL,$20.50
FES,$0.88,1441041393878,"46,977",50% bullish,of 2 ratings,$1
FORR,$31.84,1441041393980,"5,160",Not yet rated,NULL,N/A
FORTY,$32.4504,1441041394040,378,100% bearish,of 1 rating,N/A
FTNT,$42.495,1441041394139,"250,308",80% bullish,of 10 ratings,$52
FBIO,$2.825,1441041394208,"45,533",83% bullish,of 6 ratings,N/A
FORM,$6.74,1441041394237,"29,641",67% bullish,of 3 ratings,$10.50
FWRD,$45.12,1441041394283,"51,618",100% bearish,of 1 rating,$50
FORD,$1.43,1441041394382,"900,008",67% bullish,of 3 ratings,N/A
FOSL,$61.79,1441041394630,"110,242",60% bearish,of 5 ratings,$80
FWP,$27.07,1441041394699,"13,791",100% bearish,of 1 rating,$45
FXCB,$17.06,1441041394732,"1,528",Not yet rated,NULL,$19
FOXF,$15,1441041394759,"10,654",100% bearish,of 1 rating,$19
FELE,$29.33,1441041394842,"31,883",50% bullish,of 4 ratings,$33
FRED,$12.97,1441041394891,"78,559",50% bullish,of 2 ratings,$15.50
FRAN,$11.35,1441041394916,"98,211",50% bullish,of 4 ratings,$15
FMI,$24.04,1441041394972,"87,121",100% bearish,of 2 ratings,$27.50
FREE,$0.3522,1441041395215,"237,015",92% bullish,of 12 ratings,N/A
RAIL,$21.64,1441041395284,"58,724",100% bearish,of 1 rating,$24.50
FEIM,$10.89,1441041395345,453,100% bearish,of 1 rating,N/A
FRPT,$13.045,1441041395386,"63,706",67% bearish,of 3 ratings,$23.50
FTRPR,$101.2,1441041395516,"1,976",100% bearish,of 1 rating,N/A
FTR,$5.08,1441041395574,"4,002,405",78% bullish,of 27 ratings,$6.25
FSYS,$6.91,1441041395808,"4,750",67% bullish,of 3 ratings,$10
FRPH,$30.5,1441041395834,"2,206",100% bearish,of 1 rating,N/A
FTEK,$2.03,1441041395863,"10,540",75% bullish,of 4 ratings,N/A
FSBW,$23.03,1441041395895,"1,904",Not yet rated,NULL,N/A
FTD,$30.02,1441041395916,"38,878",100% bearish,of 1 rating,$40
FCEL,$0.8248,1441041395989,"318,646",88% bullish,of 41 ratings,$2.65
FULLL,NULL,1441041396126,0,Not yet rated,NULL,N/A
FULL,$3.11,1441041396152,"13,792",67% bearish,of 3 ratings,$4.25
FSNN,$2.1201,1441041396480,"1,382",67% bullish,of 3 ratings,$6
FULT,$12.07,1441041396505,"99,122",100% bearish,of 1 rating,$13
FLL,$1.5,1441041396563,"2,891",75% bullish,of 4 ratings,$3.50
WILC,$4.99,1441041396658,"3,252",100% bullish,of 2 ratings,N/A
FFHL,$1.06,1441041396693,"2,050",50% bullish,of 4 ratings,N/A
FXEN,$0.9382,1441041396719,"19,046",75% bullish,of 4 ratings,$1.10
GK,$67.4358,1441041396787,"10,076",Not yet rated,NULL,$78
FXENP,NULL,1441041396819,0,100% bearish,of 1 rating,N/A
GAIA,$6.03,1441041396925,"2,986",50% bullish,of 2 ratings,$8.50
GLPG,$60.24,1441041397053,"15,736",100% bullish,of 1 rating,$75
GALT,$2.2801,1441041397112,"107,843",80% bullish,of 5 ratings,N/A
GALTU,NULL,1441041397180,0,100% bearish,of 1 rating,N/A
GALTW,NULL,1441041397268,0,100% bullish,of 1 rating,N/A
GALE,$1.59,1441041397326,"532,203",89% bullish,of 47 ratings,$4
GLMD,$8.85,1441041397456,"9,200",67% bullish,of 3 ratings,$20.50
GLPI,$31.15,1441041397530,"57,859",100% bearish,of 1 rating,$37.50
GRMN,$37.9,1441041397556,"215,332",50% bullish,of 6 ratings,$46.50
GPIC,$10.05,1441041397577,500,100% bearish,of 1 rating,N/A
GGAC,NULL,1441041397725,0,100% bearish,of 1 rating,N/A
GGACR,$0.2643,1441041397807,"14,000",100% bullish,of 1 rating,N/A
GGACU,$10.25,1441041397865,100,Not yet rated,NULL,N/A
GARS,$14.47,1441041397964,"26,135",Not yet rated,NULL,$16
GGACW,$0.13,1441041398034,"79,760",Not yet rated,NULL,N/A
GNCMA,$17.19,1441041398096,"30,997",100% bearish,of 1 rating,$12
GFNSL,$25.6,1441041398381,800,Not yet rated,NULL,N/A
GFNCP,$91.9999,1441041398408,100,Not yet rated,NULL,N/A
GNMK,$10.2,1441041398436,"122,691",67% bullish,of 6 ratings,$14
GFN,$3.76,1441041398469,"2,014",100% bearish,of 2 ratings,$8
GENE,$2.42,1441041398498,"73,255",100% bullish,of 12 ratings,N/A
GNCA,$11.78,1441041398566,"38,472",100% bearish,of 1 rating,$20
GNTX,$15.47,1441041398594,"306,657",Not yet rated,NULL,$20
GHDX,$27.62,1441041398696,"44,569",50% bullish,of 2 ratings,$30
THRM,$46.44,1441041398917,"50,533",75% bearish,of 4 ratings,$55.50
GEOS,$17.35,1441041399025,"36,624",100% bearish,of 3 ratings,$21
GTWN,NULL,1441041399056,0,Not yet rated,NULL,N/A
GNVC,$2.5,1441041399077,"4,111",90% bullish,of 10 ratings,$8.50
GENC,$9.05,1441041399126,"3,900",100% bearish,of 1 rating,N/A
GABC,$28.8701,1441041399158,"1,162",Not yet rated,NULL,$31
GERN,$3.145,1441041399208,"682,880",88% bullish,of 16 ratings,$5.25
GEVO,$2.41,1441041399412,"86,145",75% bullish,of 12 ratings,$5
ROCK,$16.64,1441041399439,"39,711",80% bullish,of 5 ratings,$24
GIGM,$0.525,1441041399497,"27,116",100% bullish,of 2 ratings,N/A
GILT,$4.26,1441041399568,"3,962",50% bullish,of 2 ratings,N/A
GIGA,$1.4201,1441041399595,"15,538",100% bearish,of 1 rating,N/A
GIII,$70.37,1441041399650,"91,703",67% bullish,of 3 ratings,$75
GILD,$106.43,1441041399676,"2,394,516",91% bullish,of 87 ratings,$129
GBCI,$25.84,1441041399835,"89,876",50% bullish,of 2 ratings,$31
GLAD,$8.948,1441041399860,"63,432",50% bullish,of 2 ratings,$8.75
GOODN,$25.57,1441041400122,244,Not yet rated,NULL,N/A
GLADO,$25.5739,1441041400188,"1,325",Not yet rated,NULL,N/A
GOOD,$14.35,1441041400286,"37,895",Not yet rated,NULL,$19
GOODO,$24.85,1441041400313,"2,627",Not yet rated,NULL,N/A
GAINN,$25.294,1441041400339,"34,909",Not yet rated,NULL,N/A
GAIN,$7.4496,1441041400368,"72,835",100% bullish,of 2 ratings,$8.25
GOODP,$25.14,1441041400472,7,Not yet rated,NULL,N/A
GAINO,$25.35,1441041400650,"1,142",Not yet rated,NULL,N/A
GAINP,$25.9735,1441041400706,731,Not yet rated,NULL,N/A
GDEF,$10.52,1441041400805,1,Not yet rated,NULL,N/A
LAND,$9.11,1441041400830,"14,057",50% bullish,of 2 ratings,$13.75
GLBZ,$11.72,1441041400855,454,Not yet rated,NULL,N/A
ENT,$11.68,1441041400902,"34,265",100% bearish,of 1 rating,$18
GBT,$49.5,1441041400999,"45,614",100% bearish,of 1 rating,N/A
GBLI,$26.79,1441041401188,"2,785",Not yet rated,NULL,N/A
GPACU,NULL,1441041401250,0,Not yet rated,NULL,N/A
GSOL,$8.16,1441041401283,"5,403",100% bearish,of 1 rating,N/A
ACTX,$13.15,1441041401316,"74,850",100% bullish,of 1 rating,N/A
QQQC,$19.29,1441041401383,922,100% bearish,of 1 rating,N/A
SRET,$13.1984,1441041401444,532,Not yet rated,NULL,N/A
ALTY,$14.41,1441041401515,"1,500",Not yet rated,NULL,N/A
SOCL,$17.7,1441041401575,"10,064",100% bullish,of 2 ratings,N/A
YLCO,$11.805,1441041401731,"2,620",Not yet rated,NULL,N/A
GSM,$14.02,1441041401889,"140,652",50% bullish,of 2 ratings,$22
GAI,$6.01,1441041401915,"2,325",50% bullish,of 2 ratings,N/A
GBIM,$2.744,1441041402047,"31,635",50% bullish,of 2 ratings,N/A
GLRI,$1.04,1441041402073,"3,676",100% bearish,of 1 rating,$4.25
GLBS,$1.01,1441041402116,"5,894",67% bullish,of 3 ratings,N/A
GLYC,$6.977,1441041402207,"1,660",50% bullish,of 2 ratings,$14
GLUU,$4.595,1441041402240,"479,078",92% bullish,of 26 ratings,$9
GMLP,$18.7642,1441041402336,"104,435",50% bullish,of 4 ratings,$30.50
GOGO,$15.93,1441041402365,"106,007",80% bullish,of 5 ratings,$25
GLNG,$39.45,1441041402390,"225,627",83% bullish,of 6 ratings,$55.50
GDEN,$9.16,1441041402596,"4,748",50% bullish,of 2 ratings,N/A
GBDC,$16.69,1441041402625,"30,255",Not yet rated,NULL,$17.75
GOGL,$3.1835,1441041402646,"99,766",75% bullish,of 4 ratings,$5
GLDC,$4.0396,1441041402676,200,50% bullish,of 2 ratings,N/A
GTIM,$6.76,1441041402870,"9,164",Not yet rated,NULL,$11.50
GOOG,$630.795,1441041402900,"442,659",89% bullish,of 71 ratings,$825
GOOGL,$660.35,1441041402925,"377,486",88% bullish,of 1082 ratings,$749
GPIA,NULL,1441041403086,0,100% bearish,of 1 rating,N/A
GPIAW,NULL,1441041403216,0,Not yet rated,NULL,N/A
GMAN,$3.8,1441041403275,"22,643",60% bullish,of 5 ratings,$8.50
GPIAU,NULL,1441041403308,0,Not yet rated,NULL,N/A
GRVY,$3.2489,1441041403351,"3,700",50% bullish,of 2 ratings,N/A
GPRO,$47.1314,1441041403386,"1,895,243",78% bullish,of 58 ratings,$72
LOPE,$37.525,1441041403414,"38,453",100% bearish,of 2 ratings,$50
GBSNU,NULL,1441041403480,0,NULL,NULL,NULL
GBSN,$0.3,1441041403508,"4,405,372",50% bullish,of 2 ratings,$8.25
GSBC,$39.97,1441041403797,"7,123",100% bullish,of 1 rating,$44
GRBK,$11.98,1441041403900,"48,966",77% bullish,of 13 ratings,N/A
GPP,$14,1441041404000,"94,661",Not yet rated,NULL,$20.50
GLDD,$5.49,1441041404026,"40,047",100% bearish,of 4 ratings,$7.75
GPRE,$21.27,1441041404055,"165,673",67% bullish,of 6 ratings,$28.50
GNBC,$12.01,1441041404081,"3,904",100% bearish,of 1 rating,$16.50
GCBC,$28.5,1441041404156,594,100% bullish,of 1 rating,N/A
GLRE,$25.66,1441041404299,"21,112",50% bullish,of 2 ratings,$41
GRIF,NULL,1441041404537,0,100% bearish,of 1 rating,N/A
OMAB,$41.27,1441041404564,"21,476",100% bullish,of 1 rating,$44
GRPN,$4.46,1441041404593,"2,316,027",61% bullish,of 71 ratings,$6.75
GGAL,$19.35,1441041404615,"53,622",80% bullish,of 5 ratings,$40
GRFS,$30.54,1441041404646,"49,037",50% bullish,of 2 ratings,$35
GSIG,$12.94,1441041404667,"4,608",100% bearish,of 2 ratings,N/A
GSVC,$9.04,1441041404801,"19,826",50% bullish,of 2 ratings,$14.50
GSIT,$4.6501,1441041404946,"1,914",100% bearish,of 1 rating,N/A
GBNK,$15.71,1441041405079,"4,980",100% bearish,of 1 rating,$18
GFED,$14.67,1441041405106,406,Not yet rated,NULL,$17
GTXI,$0.918,1441041405159,"29,410",100% bullish,of 5 ratings,$.75
GUID,$7.16,1441041405236,"3,900",100% bearish,of 3 ratings,$10
GULTU,$0.3,1441041405361,"355,094",100% bearish,of 1 rating,N/A
GURE,$1.7,1441041405463,"2,027",88% bullish,of 8 ratings,N/A
GPOR,$35.9599,1441041405490,"530,108",75% bullish,of 4 ratings,$55
GWPH,$107.38,1441041405537,"22,695",78% bullish,of 9 ratings,$148.50
GWGH,$7.97,1441041405632,200,100% bearish,of 1 rating,$15.05
GIFI,$12.7001,1441041405660,"12,164",100% bearish,of 1 rating,$16
GYRO,$2.839,1441041405718,700,100% bearish,of 1 rating,N/A
HEES,$20.17,1441041405750,"125,870",67% bearish,of 3 ratings,$31
HLG,$9.5,1441041405852,"1,412",100% bearish,of 1 rating,N/A
HNRG,$8.08,1441041405944,"29,862",100% bearish,of 1 rating,$10
HALL,$11.5,1441041406087,"13,791",Not yet rated,NULL,N/A
HALO,$18.005,1441041406299,"268,053",67% bullish,of 3 ratings,$22.50
HBK,$13.67,1441041406324,100,50% bullish,of 2 ratings,N/A
HMPR,$1.8399,1441041406388,"2,288",100% bullish,of 1 rating,N/A
HBHCL,$24.26,1441041406419,"6,086",Not yet rated,NULL,N/A
HBHC,$27.842,1441041406450,"262,802",50% bullish,of 2 ratings,$30
HAFC,$24.15,1441041406525,"63,967",100% bullish,of 2 ratings,$28.50
HQCL,$13.19,1441041406581,"10,111",67% bullish,of 3 ratings,$14
HNSN,$0.54,1441041406610,"24,503",88% bullish,of 8 ratings,$.40
HNH,$25.31,1441041406755,"3,963",100% bullish,of 1 rating,N/A
HLIT,$5.77,1441041406780,"113,725",100% bearish,of 1 rating,$6.50
HDNG,$10.1,1441041406809,"11,232",50% bullish,of 4 ratings,N/A
HRMN,$9.9001,1441041406917,400,Not yet rated,NULL,N/A
HRMNU,$10.2,1441041407042,"2,100",Not yet rated,NULL,N/A
TINY,$2.4901,1441041407144,"5,800",50% bullish,of 2 ratings,$5.26
HCAPL,$25.5,1441041407274,"1,800",Not yet rated,NULL,N/A
HART,$1.4,1441041407304,"805,605",100% bearish,of 1 rating,N/A
HBIO,$4.35,1441041407325,"14,200",100% bearish,of 1 rating,$10
HCAP,$12.2212,1441041407357,"6,234",50% bullish,of 2 ratings,$15
HRMNW,$0.34,1441041407484,"10,000",Not yet rated,NULL,N/A
HAS,$75.58,1441041407589,"165,827",63% bullish,of 8 ratings,$84.50
HA,$23.05,1441041407614,"182,697",67% bullish,of 9 ratings,$27
HCOM,$22.03,1441041407683,900,100% bearish,of 1 rating,$28
HWKN,$38.48,1441041407757,"8,485",Not yet rated,NULL,N/A
HWBK,$14.05,1441041407887,200,100% bearish,of 1 rating,N/A
HAYN,$37.945,1441041407916,"11,941",100% bearish,of 1 rating,$59
HIIQ,$5.2,1441041408106,"19,443",50% bullish,of 2 ratings,$7
HCSG,$33.47,1441041408137,"33,397",50% bullish,of 4 ratings,$35
HDS,$33.1599,1441041408165,"317,554",100% bearish,of 2 ratings,$39.50
HQY,$29.36,1441041408194,"37,958",67% bullish,of 3 ratings,$32
HSTM,$25.06,1441041408270,"7,669",50% bullish,of 2 ratings,$33.75
HTLD,$20.26,1441041408329,"99,606",Not yet rated,NULL,$22.50
HWAY,$12.395,1441041408403,"45,005",100% bearish,of 1 rating,$15
HTLF,$35.79,1441041408535,"11,120",100% bullish,of 1 rating,$39.50
HTWR,$86.015,1441041408680,"50,476",50% bullish,of 2 ratings,$103
HELE,$85.645,1441041408721,"22,045",67% bearish,of 3 ratings,$100
HTBX,$4.93,1441041408787,"3,730",50% bullish,of 2 ratings,$15.50
HSII,$19.54,1441041408859,"44,307",100% bullish,of 3 ratings,$25
HMNY,$2.18,1441041408926,200,100% bearish,of 1 rating,N/A
HMTV,$13.57,1441041409001,"6,777",100% bearish,of 1 rating,$16
HCACU,$9.92,1441041409062,"16,912",Not yet rated,NULL,N/A
HERO,NULL,1441041409085,0,NULL,NULL,NULL
HNNA,$24.75,1441041409106,"2,198",Not yet rated,NULL,N/A
HSIC,$137.71,1441041409240,"50,411",83% bullish,of 6 ratings,$146
HTBK,$10.5401,1441041409333,"14,862",Not yet rated,NULL,$12
HFWA,$17.605,1441041409371,"3,154",100% bullish,of 1 rating,$20
HEOP,$7.7,1441041409436,"1,649",Not yet rated,NULL,$8.50
HCCI,$11.93,1441041409473,"77,366",100% bearish,of 1 rating,$16.50
MLHR,$27.37,1441041409569,"41,204",50% bullish,of 2 ratings,$33.50
HRTX,$37.79,1441041409674,"892,622",67% bullish,of 6 ratings,$41
HSKA,$34,1441041409814,"16,340",100% bearish,of 1 rating,$38
HFFC,$16,1441041409843,"31,846",Not yet rated,NULL,N/A
HPJ,$2.22,1441041409944,"14,020",75% bullish,of 4 ratings,$12.43
HIHO,$4.1859,1441041409970,"17,014",Not yet rated,NULL,N/A
HIBB,$39.31,1441041410002,"101,866",100% bearish,of 1 rating,$46.50
HIFS,$115.37,1441041410210,107,Not yet rated,NULL,N/A
HSGX,$6.02,1441041410342,"3,985",100% bearish,of 1 rating,$17
HOLI,$17.62,1441041410526,"24,561",50% bullish,of 4 ratings,$27
HMSY,$10.45,1441041410551,"338,523",67% bullish,of 3 ratings,$19.35
HIMX,$6.9927,1441041410577,"490,470",86% bullish,of 21 ratings,$8.50
HMNF,$11.7,1441041410617,200,Not yet rated,NULL,N/A
HOLX,$39.065,1441041410763,"401,526",67% bullish,of 3 ratings,$42
HBCP,$25.3,1441041410792,829,Not yet rated,NULL,$29
HFBL,NULL,1441041410846,0,Not yet rated,NULL,N/A
HOMB,$37.92,1441041410897,"34,912",Not yet rated,NULL,$42
AWAY,$29.04,1441041410980,"126,154",67% bullish,of 3 ratings,$36
HMIN,$26.89,1441041411068,"9,988",100% bearish,of 2 ratings,$35
HKTV,$4.3101,1441041411201,"2,740",100% bearish,of 1 rating,N/A
HTBI,$18.15,1441041411306,"11,251",67% bullish,of 3 ratings,$18.625
CETC,$0.7101,1441041411364,"6,556",86% bullish,of 7 ratings,N/A
HMST,$22.015,1441041411466,"19,403",100% bullish,of 2 ratings,$27
HFBC,$11.4599,1441041411535,300,Not yet rated,NULL,N/A
HZNP,$29.9025,1441041411561,"527,010",85% bullish,of 20 ratings,$40
HOFT,$23.77,1441041411590,"12,721",100% bearish,of 1 rating,N/A
HBNC,$23.52,1441041411615,"4,796",100% bullish,of 1 rating,$27
HRZN,$10.53,1441041411758,"11,036",50% bullish,of 2 ratings,$14.25
HDP,$23.62,1441041411836,"80,795",67% bearish,of 3 ratings,$30.50
HMHC,$22.63,1441041411967,"163,459",Not yet rated,NULL,$27
HWCC,$7.665,1441041411994,"32,484",100% bearish,of 1 rating,$9
ZINC,$8.1,1441041412023,"430,351",100% bearish,of 1 rating,$17
HOVNP,$4.51,1441041412048,"2,700",100% bearish,of 1 rating,N/A
HBMD,$14.46,1441041412122,300,100% bearish,of 1 rating,N/A
HSNI,$61,1441041412206,"56,060",Not yet rated,NULL,$80
HSON,$2.61,1441041412376,"2,404",100% bearish,of 1 rating,$5
HTGM,$5.64,1441041412407,"2,799",100% bearish,of 1 rating,$19.50
HUBG,$37.93,1441041412439,"57,076",100% bearish,of 1 rating,$43
HDSN,$3.1,1441041412538,"1,743",100% bullish,of 1 rating,$6.25
HBAN,$10.915,1441041412566,"1,334,460",76% bullish,of 17 ratings,$12.29
HCBK,$9.305,1441041412618,"345,938",83% bullish,of 6 ratings,$8.61
HBANP,NULL,1441041412728,0,100% bearish,of 1 rating,N/A
HURC,$30.63,1441041412786,"2,933",100% bearish,of 1 rating,N/A
HTCH,$1.47,1441041412916,"64,900",100% bearish,of 1 rating,$3.50
HURN,$73.45,1441041413047,"48,593",50% bullish,of 2 ratings,$80
HDRA,NULL,1441041413233,0,Not yet rated,NULL,N/A
HDRAU,NULL,1441041413290,0,Not yet rated,NULL,N/A
HBP,$3.15,1441041413324,"1,700",100% bullish,of 1 rating,N/A
HDRAR,$0.36,1441041413379,"10,000",Not yet rated,NULL,N/A
HYGS,$9.2301,1441041413400,"24,293",50% bullish,of 2 ratings,$13
HDRAW,$0.264,1441041413436,600,Not yet rated,NULL,N/A
IKGH,NULL,1441041413484,0,75% bullish,of 4 ratings,N/A
IACI,$69.99,1441041413530,"189,756",75% bullish,of 4 ratings,$90
IDSY,$3.8,1441041413629,"9,250",100% bearish,of 1 rating,$7
IBKC,$60.57,1441041413792,"36,912",100% bullish,of 1 rating,$70
ICAD,$4.0788,1441041413874,"19,426",100% bullish,of 2 ratings,$7.25
IEP,$73.74,1441041413921,"27,731",75% bullish,of 4 ratings,$99
ICLR,$77.61,1441041414008,"183,905",100% bearish,of 3 ratings,$85
ICFI,$34.32,1441041414050,"13,318",50% bullish,of 2 ratings,$48.50
ICON,$13.99,1441041414141,"240,175",50% bullish,of 2 ratings,$18.50
IDRA,$3.07,1441041414271,"726,752",89% bullish,of 9 ratings,$6.50
IPWR,$7.29,1441041414315,"2,270",100% bullish,of 1 rating,$15
INVE,$4.5501,1441041414340,"42,143",75% bullish,of 4 ratings,$4
ICUI,$113.595,1441041414371,"21,044",Not yet rated,NULL,$122
IROQ,$16.76,1441041414479,100,100% bullish,of 1 rating,N/A
DSKY,$11.181,1441041414552,"28,376",67% bullish,of 6 ratings,$11.50
IDXX,$72.29,1441041414611,"114,070",100% bearish,of 1 rating,$76
IRG,$4.89,1441041414703,"4,235",100% bearish,of 1 rating,$4.25
RXDX,$13.62,1441041414742,"27,380",100% bullish,of 1 rating,$20
IIVI,$16.7415,1441041414770,"48,483",100% bearish,of 1 rating,$22
KANG,$15.61,1441041414929,"152,790",50% bullish,of 2 ratings,$22.55
ILMN,$200.805,1441041415067,"292,622",80% bullish,of 5 ratings,$245
IKAN,$2.7343,1441041415092,"2,000",83% bullish,of 6 ratings,$5
ICCC,$7.26,1441041415162,"4,875",100% bullish,of 1 rating,N/A
IKNX,$12.25,1441041415188,"2,000",100% bearish,of 1 rating,N/A
ISNS,$3.95,1441041415265,"15,191",50% bullish,of 2 ratings,N/A
IMNP,$1.32,1441041415326,"14,900",50% bullish,of 2 ratings,$6
IMMR,$11.72,1441041415357,"40,217",80% bullish,of 5 ratings,$15.50
IMGN,$13.72,1441041415595,"283,144",75% bullish,of 4 ratings,$17.50
IMDZ,$15.9798,1441041415624,"16,683",100% bearish,of 1 rating,$33
IPXL,$41.94,1441041415652,"220,684",67% bullish,of 3 ratings,$46.50
IMMU,$2.16,1441041415724,"189,252",86% bullish,of 7 ratings,$2
IMMY,$7.82,1441041415807,"2,100",100% bearish,of 1 rating,$11
INCR,$40.995,1441041415890,"159,794",50% bullish,of 2 ratings,$53
SAAS,$7.645,1441041415938,"101,279",50% bullish,of 2 ratings,$15
INCY,$118.493,1441041416103,"409,725",50% bullish,of 6 ratings,$125.50
INDB,$44.835,1441041416172,"18,760",Not yet rated,NULL,$44
INFN,$22,1441041416202,"1,124,871",71% bullish,of 7 ratings,$28
IBTX,$41.22,1441041416237,"2,594",100% bullish,of 2 ratings,$47.25
IBCP,$14.05,1441041416265,"10,092",100% bullish,of 1 rating,$14.50
INFI,$9.1,1441041416334,"82,688",50% bullish,of 4 ratings,$18
IDSA,$3.5,1441041416365,354,Not yet rated,NULL,N/A
IPCC,$77.26,1441041416532,"4,752",Not yet rated,NULL,$77.50
III,$3.91,1441041416769,"30,210",57% bullish,of 7 ratings,$6
IMKTA,$49.96,1441041416798,"25,132",100% bearish,of 1 rating,N/A
IFON,$1.2663,1441041416833,"8,400",75% bullish,of 4 ratings,N/A
INWK,$7.2003,1441041416860,"13,042",50% bullish,of 2 ratings,$10
INNL,$12.75,1441041416932,400,100% bearish,of 1 rating,$16.50
IOSP,$49.29,1441041416958,"56,534",100% bearish,of 1 rating,N/A
INOD,$2.43,1441041416979,"15,105",100% bearish,of 1 rating,N/A
IPHS,$48.19,1441041417122,"16,646",100% bearish,of 1 rating,$60
ISSC,$2.78,1441041417257,900,67% bearish,of 3 ratings,N/A
ITEK,$12.13,1441041417294,"86,452",100% bearish,of 3 ratings,$20
INGN,$48.83,1441041417327,"74,103",100% bearish,of 1 rating,$50.50
INOV,$21.75,1441041417398,"67,714",100% bearish,of 1 rating,$33
INO,$7.6,1441041417460,"475,650",89% bullish,of 18 ratings,$20
NSIT,$25.575,1441041417493,"31,193",50% bullish,of 2 ratings,N/A
ISIG,$2.7,1441041417629,"18,369",100% bearish,of 1 rating,N/A
IIIN,$17.44,1441041417861,"4,400",100% bearish,of 2 ratings,N/A
PODD,$29.88,1441041417904,"85,660",67% bearish,of 3 ratings,$35
INSY,$33.115,1441041417937,"106,945",75% bullish,of 4 ratings,$48
INSM,$25.17,1441041418037,"142,544",71% bullish,of 7 ratings,$31.50
NTEC,$5.5001,1441041418067,"23,400",100% bearish,of 1 rating,N/A
IDTI,$19.32,1441041418095,"463,704",60% bullish,of 5 ratings,$25
IART,$60.87,1441041418116,"51,118",100% bearish,of 2 ratings,$71.50
IESC,$7.25,1441041418146,"9,100",100% bearish,of 1 rating,N/A
INTC,$29.13,1441041418300,"10,968,796",82% bullish,of 238 ratings,$36
ISSI,$22.01,1441041418364,"62,071",67% bullish,of 3 ratings,$19.75
IQNT,$18.54,1441041418436,"77,129",86% bullish,of 7 ratings,$20
IPCI,$2.2899,1441041418496,"24,820",67% bullish,of 6 ratings,$8
IPAR,$25.4,1441041418567,"23,814",67% bullish,of 3 ratings,$38
IBKR,$39.58,1441041418593,"174,668",100% bullish,of 1 rating,N/A
ININ,$35.61,1441041418622,"32,529",67% bearish,of 3 ratings,$57
ICLDW,NULL,1441041418866,0,100% bearish,of 1 rating,N/A
ICLD,$1.86,1441041418922,"46,734",75% bullish,of 4 ratings,N/A
IDCC,$49.57,1441041418966,"96,307",80% bullish,of 5 ratings,$63
ICPT,$192.63,1441041418993,"103,000",70% bullish,of 10 ratings,$359.50
TILE,$24.28,1441041419025,"247,738",100% bearish,of 3 ratings,$27
INAP,$8,1441041419125,"29,683",75% bullish,of 4 ratings,$11
ISCA,$31.88,1441041419155,"12,260",100% bearish,of 1 rating,N/A
IMI,$2.19,1441041419184,"12,414",67% bullish,of 3 ratings,$2.22
IBOC,$25.35,1441041419323,"13,047",100% bearish,of 1 rating,N/A
IGLD,$6.8901,1441041419479,937,50% bullish,of 2 ratings,N/A
INTX,$2.044,1441041419680,"60,279",67% bullish,of 3 ratings,N/A
PTNT,$3.02,1441041419706,200,Not yet rated,NULL,N/A
IIJI,NULL,1441041419757,0,50% bullish,of 2 ratings,$11.50
XENT,$25.43,1441041419836,"27,506",50% bullish,of 2 ratings,$36.50
ISIL,$10.6425,1441041419865,"155,626",50% bullish,of 6 ratings,$15
INPH,$0.3169,1441041419897,"16,059",50% bullish,of 2 ratings,N/A
INTL,$26.51,1441041419996,"28,874",67% bearish,of 3 ratings,N/A
INTLL,$25.9,1441041420026,"1,200",Not yet rated,NULL,N/A
IILG,$20.13,1441041420157,"13,326",100% bearish,of 1 rating,$29
IVAC,$4.85,1441041420246,"4,980",100% bearish,of 1 rating,$6.625
INTU,$85.57,1441041420272,"639,738",86% bullish,of 7 ratings,$107.50
ITCI,$26.95,1441041420301,"199,721",75% bearish,of 4 ratings,$40
IIN,NULL,1441041420406,0,100% bearish,of 1 rating,$12
ISRG,$514.08,1441041420443,"44,446",67% bullish,of 3 ratings,$600
INVT,$0.3338,1441041420643,"78,989",67% bullish,of 3 ratings,N/A
ISBC,$11.765,1441041420775,"358,060",100% bullish,of 1 rating,$13.25
ISTR,$15.76,1441041420809,102,100% bearish,of 1 rating,$18.50
SNAK,$8.67,1441041420853,"11,522",50% bullish,of 2 ratings,$14
ITIC,$71.02,1441041420978,534,100% bearish,of 2 ratings,N/A
IVTY,$14.14,1441041421006,"2,100",Not yet rated,NULL,$18
NVIV,$10.07,1441041421027,"85,036",50% bullish,of 4 ratings,$24.50
IPAS,$1.08,1441041421087,"16,029",67% bullish,of 3 ratings,N/A
DTUL,NULL,1441041421278,0,Not yet rated,NULL,N/A
DFVL,$66.6,1441041421304,3,Not yet rated,NULL,N/A
IPCM,$79.38,1441041421495,"46,824",50% bullish,of 2 ratings,$80.125
IPGP,$85.6,1441041421525,"61,583",67% bearish,of 3 ratings,$109.50
IRMD,$25.49,1441041421633,"12,191",67% bearish,of 3 ratings,$25
IRIX,$6.915,1441041421669,"29,013",100% bearish,of 1 rating,N/A
IRDMB,$279,1441041421709,100,67% bearish,of 3 ratings,N/A
IRDM,$7.4,1441041421733,"124,051",60% bullish,of 5 ratings,$11.50
IRCP,NULL,1441041421760,0,100% bullish,of 2 ratings,N/A
IRBT,$29.3,1441041421788,"47,716",67% bullish,of 6 ratings,$37
IRWD,$11.12,1441041422098,"124,253",100% bearish,of 1 rating,$13
FCHI,NULL,1441041422120,0,NULL,NULL,NULL
COMT,$34.2801,1441041422147,"1,485",100% bearish,of 1 rating,N/A
IFAS,NULL,1441041422173,0,NULL,NULL,NULL
GNMA,$50.34,1441041422275,"4,900",Not yet rated,NULL,N/A
IFEU,$38.135,1441041422407,"42,288",Not yet rated,NULL,N/A
IFNA,NULL,1441041422583,0,NULL,NULL,NULL
ACWI,$56.07,1441041422610,"521,253",Not yet rated,NULL,N/A
AAIT,NULL,1441041422634,0,NULL,NULL,NULL
ACWX,$40.836,1441041422764,"67,208",100% bearish,of 1 rating,N/A
EEMA,$50.46,1441041422796,"42,108",Not yet rated,NULL,N/A
IFGL,$28.35,1441041422821,"154,321",Not yet rated,NULL,N/A
AXJS,NULL,1441041422896,0,NULL,NULL,NULL
AAXJ,$53.505,1441041422957,"674,504",Not yet rated,NULL,N/A
EMDI,NULL,1441041422979,0,NULL,NULL,NULL
EEME,NULL,1441041423220,0,NULL,NULL,NULL
EVAL,NULL,1441041423366,0,NULL,NULL,NULL
EMEY,NULL,1441041423399,0,NULL,NULL,NULL
EGRW,NULL,1441041423426,0,NULL,NULL,NULL
EEML,$27.06,1441041423475,"2,300",Not yet rated,NULL,N/A
UAE,$18.59,1441041423557,285,Not yet rated,NULL,N/A
IEUS,$45.75,1441041423604,"4,218",100% bearish,of 1 rating,N/A
EUFN,$21.8583,1441041423630,"17,566",100% bearish,of 1 rating,N/A
QAT,$21.87,1441041423764,"3,300",Not yet rated,NULL,N/A
IBB,$347.42,1441041423810,"375,977",63% bullish,of 8 ratings,N/A
ICLN,$9.4801,1441041423955,"3,416",50% bullish,of 2 ratings,N/A
SOXX,$83.76,1441041423982,"198,594",50% bullish,of 2 ratings,N/A
EMIF,$28.61,1441041424003,"28,066",Not yet rated,NULL,N/A
INDY,$27.395,1441041424171,"23,426",50% bullish,of 2 ratings,N/A
ISHG,$79.5,1441041424203,34,100% bearish,of 1 rating,N/A
WOOD,$48.26,1441041424241,"1,535",50% bullish,of 2 ratings,N/A
ISLE,$18.5,1441041424458,"206,195",50% bullish,of 4 ratings,$16
ISIS,$50.9,1441041424543,"397,452",53% bullish,of 15 ratings,$67
IGOV,$90.59,1441041424572,"197,007",100% bearish,of 1 rating,N/A
ITRI,$30.035,1441041424617,"53,765",100% bearish,of 1 rating,$37
ITRN,$23.9,1441041424703,500,50% bullish,of 2 ratings,N/A
ISRL,$126.9501,1441041424750,100,100% bearish,of 1 rating,N/A
ITUS,$4.03,1441041424780,"1,100",Not yet rated,NULL,N/A
XXIA,$15.58,1441041424890,"196,284",71% bullish,of 7 ratings,$14.625
IXYS,$11.8898,1441041425046,"96,152",50% bullish,of 4 ratings,N/A
JJSF,$113.6799,1441041425121,"8,796",100% bearish,of 1 rating,N/A
MAYS,$59.93,1441041425251,160,Not yet rated,NULL,N/A
JBHT,$73.355,1441041425295,"272,793",50% bullish,of 4 ratings,$89.50
JASO,$8.05,1441041425383,"393,142",82% bullish,of 17 ratings,$10
JCOM,$68.985,1441041425430,"21,901",100% bullish,of 2 ratings,$77
JKHY,$68.02,1441041425651,"47,375",50% bullish,of 2 ratings,$72
JACK,$79.22,1441041425780,"90,507",83% bullish,of 6 ratings,$105
JXSB,NULL,1441041425947,0,Not yet rated,NULL,N/A
JAXB,$13.71,1441041426019,400,100% bullish,of 1 rating,N/A
JAKK,$9.8,1441041426077,"322,954",60% bearish,of 5 ratings,$11
JMBA,$14.0225,1441041426377,"24,967",75% bullish,of 4 ratings,$18
JRVR,$27.13,1441041426410,"24,468",Not yet rated,NULL,$32
ERW,NULL,1441041426475,0,Not yet rated,NULL,N/A
JAGX,$3.04,1441041426502,"10,103",Not yet rated,NULL,$10.50
JASNW,NULL,1441041426530,0,50% bullish,of 2 ratings,N/A
JD,$26.1531,1441041426561,"3,024,294",75% bullish,of 16 ratings,$36
JASN,$4.985,1441041426587,"2,675",50% bullish,of 2 ratings,$9.50
JAZZ,$171.44,1441041426665,"84,379",80% bullish,of 15 ratings,$206.50
JBLU,$22.53,1441041426848,"1,663,919",94% bullish,of 18 ratings,$27
JTPY,$2.95,1441041426878,200,100% bearish,of 1 rating,N/A
JCTCF,NULL,1441041426989,0,100% bullish,of 1 rating,N/A
DATE,$6.1,1441041427015,"17,462",75% bullish,of 4 ratings,$9
JST,$3.75,1441041427036,"4,100",75% bullish,of 4 ratings,N/A
WYIGU,NULL,1441041427375,0,100% bearish,of 1 rating,N/A
JUNO,$37.09,1441041427428,"281,835",73% bullish,of 11 ratings,$71.50
JOEZ,$0.168,1441041427462,"53,086",92% bullish,of 12 ratings,N/A
JIVE,$4.51,1441041427483,"57,082",75% bullish,of 4 ratings,$5
JBSS,$51.83,1441041427518,"5,879",67% bearish,of 3 ratings,N/A
JOUT,$24.9333,1441041427564,"5,329",100% bearish,of 1 rating,$34
JNP,$11.01,1441041427615,"22,504",100% bullish,of 3 ratings,$15
KTWO,$21.195,1441041427652,"7,332",100% bearish,of 1 rating,$28.50
KALU,$83.62,1441041427833,"18,641",67% bearish,of 3 ratings,$91
KBIO,$2.07,1441041427862,"17,965",50% bullish,of 4 ratings,N/A
KNDI,$6.81,1441041427927,"96,468",86% bullish,of 22 ratings,N/A
KMDA,$3.485,1441041428053,"2,386",50% bullish,of 2 ratings,$8
KCLI,$46.57,1441041428082,"7,307",Not yet rated,NULL,N/A
KBSF,NULL,1441041428181,0,100% bullish,of 1 rating,N/A
KELYA,$14.36,1441041428358,"21,781",67% bullish,of 6 ratings,$20
KPTI,$14.228,1441041428405,"126,665",67% bearish,of 3 ratings,$39
KCAP,$4.67,1441041428487,"41,903",75% bullish,of 4 ratings,$6
KRNY,$11.26,1441041428563,"39,642",100% bearish,of 1 rating,$12
KMPH,$19.66,1441041428591,"11,434",100% bearish,of 2 ratings,$22
KELYB,NULL,1441041428620,0,50% bullish,of 2 ratings,N/A
KFFB,$8.7999,1441041428721,750,100% bearish,of 1 rating,N/A
KERX,$6.425,1441041428818,"364,948",82% bullish,of 11 ratings,$12
KEQU,$16.7701,1441041428847,100,100% bullish,of 1 rating,N/A
