Symbol,Price,Date,Volume,Rating,RatingVoteCount,OneYearEstimate
PIH,$7.5401,1440098402492,"4,440",100% bearish,of 1 rating,N/A
FLWS,$9.54,1440098402519,"142,750",100% bullish,of 5 ratings,$15
TFSCW,NULL,1440098402549,0,100% bearish,of 1 rating,N/A
TFSCR,NULL,1440098402579,0,Not yet rated,NULL,N/A
FCCY,$11.45,1440098402601,902,100% bullish,of 1 rating,$13
TFSC,$9.73,1440098402650,400,100% bearish,of 1 rating,N/A
TFSCU,NULL,1440098402736,0,Not yet rated,NULL,N/A
FCTY,NULL,1440098402784,0,100% bullish,of 1 rating,$8.50
VNET,$19.99,1440098402915,"364,468",60% bullish,of 5 ratings,$29.50
TWOU,$34.805,1440098402948,"211,393",50% bullish,of 2 ratings,$39
SRCE,$30.08,1440098402980,"8,354",100% bullish,of 3 ratings,$33
UGLD,$9.765,1440098403002,"196,729",100% bearish,of 1 rating,N/A
JOBS,$25.54,1440098403043,"175,639",50% bullish,of 4 ratings,$36
DSLV,$58.3799,1440098403135,"9,867",100% bearish,of 1 rating,N/A
DGLD,$77.41,1440098403296,"13,042",100% bullish,of 1 rating,N/A
USLV,$15.3015,1440098403373,"284,997",86% bullish,of 7 ratings,N/A
EGHT,$8.22,1440098403612,"156,731",82% bullish,of 17 ratings,$11
SHLM,$35.555,1440098403641,"49,499",100% bearish,of 1 rating,$50
CAFD,$15.675,1440098403668,"104,195",Not yet rated,NULL,$25
AVHI,$13.9,1440098403690,"217,632",100% bearish,of 1 rating,$19
AAON,$22.38,1440098403748,"31,174",100% bearish,of 1 rating,$24
SIXD,$2.01,1440098403774,"60,095",Not yet rated,NULL,N/A
ABAX,$47.5,1440098403884,"103,615",100% bearish,of 1 rating,$60
ABGB,$3.96,1440098403951,"74,253",67% bullish,of 3 ratings,$5.50
ABY,$20.575,1440098403984,"135,478",100% bearish,of 2 ratings,$46
ABEOW,$1.71,1440098404085,"1,450",100% bullish,of 1 rating,N/A
ABMD,$102.87,1440098404112,"243,579",75% bullish,of 4 ratings,$100.50
AXAS,$1.65,1440098404141,"357,403",78% bullish,of 9 ratings,$3.50
ABEO,$5.0899,1440098404167,"170,771",67% bullish,of 3 ratings,$15.50
ACTG,$8.61,1440098404514,"135,828",67% bullish,of 3 ratings,$18.50
ACHC,$76.425,1440098404578,"380,651",50% bullish,of 2 ratings,$92
ACAD,$36.55,1440098404650,"530,452",80% bullish,of 20 ratings,$48
XLRN,$29.09,1440098404687,"50,623",50% bullish,of 2 ratings,$57
AXDX,$18.55,1440098404716,"108,770",100% bearish,of 1 rating,N/A
ACST,$0.3607,1440098404742,"38,400",100% bullish,of 2 ratings,N/A
ARAY,$5.81,1440098404780,"828,847",100% bearish,of 1 rating,$10.50
ANCX,$18.92,1440098404806,"18,497",Not yet rated,NULL,$19
VXDN,$13.65,1440098405031,"3,715",Not yet rated,NULL,N/A
VXUP,$17.96,1440098405067,"17,170",Not yet rated,NULL,N/A
ACRX,$4.13,1440098405099,"221,361",67% bearish,of 6 ratings,$5.50
AKAO,$7.18,1440098405168,"52,684",75% bullish,of 4 ratings,$15
ACET,$25,1440098405194,"47,427",75% bullish,of 4 ratings,$30
ACIW,$22.15,1440098405331,"153,972",50% bullish,of 2 ratings,$24
ACHN,$8,1440098405379,"803,870",90% bullish,of 21 ratings,$16
ACNB,$20.15,1440098405470,472,Not yet rated,NULL,N/A
ACOR,$29.4,1440098405528,"183,686",67% bearish,of 3 ratings,$38.50
ATVI,$28.09,1440098405557,"2,731,374",68% bullish,of 84 ratings,$31.50
ACPW,$1.85,1440098405631,"8,835",100% bullish,of 4 ratings,$3.50
ACTA,$13.26,1440098405716,"72,427",67% bearish,of 3 ratings,$25
ACUR,$0.64,1440098405780,"2,104",100% bullish,of 5 ratings,$1
ACTS,$1.3508,1440098405869,"37,185",100% bearish,of 1 rating,N/A
ACXM,$20.46,1440098406004,"144,647",67% bullish,of 3 ratings,N/A
ADMS,$20.04,1440098406030,"45,764",100% bearish,of 2 ratings,$36
ADUS,$29.37,1440098406170,"60,099",100% bearish,of 1 rating,$31
ADMP,$3.5501,1440098406203,"5,537",50% bullish,of 2 ratings,$10
ADAP,$15.07,1440098406235,"43,964",67% bullish,of 3 ratings,$22
AEY,$2.3858,1440098406309,"3,624",100% bearish,of 2 ratings,N/A
ADEP,$7.0176,1440098406338,"23,697",50% bullish,of 2 ratings,$10.75
ADBE,$83.04,1440098406368,"1,031,723",65% bullish,of 17 ratings,$90
ADTN,$15.76,1440098406395,"215,862",67% bullish,of 3 ratings,$17.125
ADMA,$9.3501,1440098406579,"2,351",Not yet rated,NULL,$19
ADRO,$20.25,1440098406709,"139,531",80% bullish,of 5 ratings,$45.50
AEIS,$25.36,1440098406735,"105,354",50% bullish,of 2 ratings,$32.50
AMD,$1.7,1440098406787,"6,445,284",83% bullish,of 102 ratings,$2
ADXS,$14.24,1440098406878,"497,645",64% bullish,of 14 ratings,$27
MULT,NULL,1440098406907,0,100% bearish,of 1 rating,N/A
ADXSW,$9.89,1440098407009,"2,992",100% bullish,of 1 rating,N/A
AEGR,$17.855,1440098407175,"182,540",50% bullish,of 6 ratings,$26
AEHR,$2.14,1440098407205,"2,294",50% bullish,of 2 ratings,N/A
AEGN,$18.59,1440098407233,"126,232",100% bearish,of 1 rating,$21
AMTX,$3.52,1440098407276,"10,899",50% bullish,of 2 ratings,$26.11
YPRO,$23.17,1440098407340,"1,727",100% bearish,of 1 rating,N/A
AERI,$15.76,1440098407366,"209,767",75% bullish,of 4 ratings,$31.50
AEPI,$57.28,1440098407406,"7,536",100% bearish,of 1 rating,N/A
AVAV,$24.645,1440098407503,"86,752",50% bullish,of 4 ratings,$31
AEZS,$0.1083,1440098407636,"5,733,648",90% bullish,of 21 ratings,$1.50
AEMD,$6.62,1440098407768,"23,918",Not yet rated,NULL,$27.50
AFFX,$9.31,1440098407800,"124,162",80% bullish,of 5 ratings,$12
AFMD,$10.34,1440098407826,"134,110",50% bullish,of 4 ratings,$15
AGRX,$8.25,1440098407965,"26,954",100% bearish,of 1 rating,$17.50
AGEN,$7.25,1440098407993,"455,772",85% bullish,of 13 ratings,$14
AGYS,$9.59,1440098408020,"16,554",100% bearish,of 1 rating,N/A
AGIO,$85.856,1440098408060,"243,496",88% bullish,of 8 ratings,$114
AIMT,$22.41,1440098408086,"107,497",Not yet rated,NULL,N/A
AIRM,$37.505,1440098408259,"97,953",80% bearish,of 5 ratings,$53
AGFS,$9.57,1440098408319,"155,260",100% bearish,of 1 rating,N/A
AGFSW,$1.75,1440098408346,"12,145",100% bearish,of 2 ratings,N/A
AIRT,$22.5,1440098408382,"2,119",100% bullish,of 1 rating,N/A
AMCN,$5.02,1440098408481,"346,137",83% bullish,of 6 ratings,N/A
ATSG,$9.3,1440098408507,"61,701",67% bullish,of 3 ratings,$13
AIXG,$6.05,1440098408654,"13,472",67% bearish,of 3 ratings,$6
AKBA,$6.4149,1440098408716,"192,674",100% bearish,of 1 rating,$18
AKER,$2.8001,1440098408843,"4,727",Not yet rated,NULL,N/A
ALSK,$2.135,1440098408883,"40,750",78% bullish,of 18 ratings,$2
AKRX,$41.82,1440098408910,"357,836",78% bullish,of 9 ratings,$56
ALRM,$16.7693,1440098408932,"126,998",100% bearish,of 1 rating,$22
AKAM,$70.16,1440098408967,"838,562",63% bullish,of 8 ratings,$77
ABDC,$12.8701,1440098409070,"7,086",Not yet rated,NULL,$15
AMRI,$19.78,1440098409101,"164,527",75% bearish,of 4 ratings,$24
ADHD,$8.58,1440098409206,"131,541",50% bullish,of 4 ratings,$18
ALDR,$36.745,1440098409260,"198,163",67% bearish,of 3 ratings,$62
ALXN,$180.05,1440098409288,"447,996",88% bullish,of 8 ratings,$223
ALDX,$7.52,1440098409350,"8,970",100% bearish,of 1 rating,$14.50
ALXA,$1.0501,1440098409483,"16,420",83% bullish,of 6 ratings,$2.125
ALCO,$42.46,1440098409639,"2,720",50% bullish,of 2 ratings,N/A
ALGN,$58.24,1440098409671,"229,113",100% bearish,of 2 ratings,$73
ALKS,$63.87,1440098409777,"321,119",67% bullish,of 3 ratings,$75
ALIM,$3.35,1440098409810,"31,559",80% bullish,of 5 ratings,$10
ALGT,$219.6725,1440098409837,"64,623",100% bearish,of 1 rating,$235
ALLB,$23.59,1440098409863,200,Not yet rated,NULL,N/A
AFOP,$17.84,1440098409913,"96,099",75% bullish,of 8 ratings,$21
AIQ,$14.71,1440098410074,"5,625",67% bullish,of 3 ratings,N/A
ARLP,$24.8593,1440098410204,"103,989",67% bearish,of 3 ratings,$32
AHPI,$1.44,1440098410232,"1,018",50% bullish,of 2 ratings,N/A
AHGP,$37.13,1440098410258,"36,277",67% bullish,of 3 ratings,N/A
AMOT,$16.39,1440098410363,"32,761",100% bearish,of 1 rating,N/A
ALQA,$4.5071,1440098410431,"39,147",75% bullish,of 4 ratings,$8.50
ALLT,$5.06,1440098410492,"40,728",75% bullish,of 4 ratings,$6.25
MDRX,$13.86,1440098410682,"922,826",60% bullish,of 5 ratings,$16
ALNY,$103.99,1440098410712,"379,309",67% bullish,of 3 ratings,$148.50
AOSL,$7.19,1440098410737,"55,308",67% bullish,of 3 ratings,$9
SMCP,NULL,1440098410758,0,Not yet rated,NULL,N/A
AFAM,$47.381,1440098410799,"44,456",50% bullish,of 2 ratings,$44
ATEC,$0.58,1440098410923,"44,967",100% bullish,of 1 rating,$2
ALTR,$48.835,1440098411056,"882,641",80% bearish,of 5 ratings,$54
ASPS,$29.33,1440098411103,"49,704",67% bullish,of 3 ratings,$46.50
AIMC,$25.745,1440098411187,"17,141",100% bearish,of 1 rating,$28.50
AMAG,$62.55,1440098411346,"122,652",100% bullish,of 2 ratings,$77.50
AMRN,$2.03,1440098411413,"1,320,161",85% bullish,of 39 ratings,$8
AMBCW,$7.4,1440098411472,"2,510",100% bearish,of 1 rating,N/A
AMZN,$517.37,1440098411502,"1,696,768",81% bullish,of 263 ratings,$646
AYA,$21.931,1440098411571,"20,941",100% bearish,of 1 rating,$40
AMBA,$97.1232,1440098411601,"1,406,222",83% bullish,of 12 ratings,$102.50
AMBC,$15.76,1440098411630,"102,435",100% bearish,of 1 rating,$16.50
AMRK,NULL,1440098411657,0,50% bullish,of 2 ratings,$14
AMDA,$0.4837,1440098411822,"958,219",90% bullish,of 10 ratings,$1
EPAX,$2.6716,1440098411852,"29,734",100% bearish,of 1 rating,N/A
AMCX,$70.07,1440098411890,"505,420",67% bullish,of 3 ratings,$85.50
DOX,$59.1,1440098411954,"120,578",100% bullish,of 2 ratings,$60
AMED,$40.72,1440098412275,"218,651",100% bearish,of 1 rating,$42
ATAX,$5.25,1440098412298,"80,377",100% bullish,of 1 rating,$6.50
UHAL,$371.13,1440098412338,"7,604",100% bullish,of 2 ratings,$393.50
AAL,$42.05,1440098412366,"3,935,409",93% bullish,of 87 ratings,$57
AGNC,$20.045,1440098412396,"2,613,268",75% bullish,of 28 ratings,$22
ASBI,$22.65,1440098412418,600,Not yet rated,NULL,N/A
AMOV,$18.2486,1440098412453,"5,926",100% bearish,of 1 rating,N/A
AGNCB,$24.26,1440098412475,"44,636",Not yet rated,NULL,N/A
AGNCP,$25.3701,1440098412688,"26,772",Not yet rated,NULL,N/A
MTGEP,NULL,1440098412829,0,Not yet rated,NULL,N/A
MTGE,$15.96,1440098412855,"102,035",75% bullish,of 4 ratings,$19.50
ACSF,$12.64,1440098412887,"11,712",100% bearish,of 1 rating,$15
ACAS,$14.13,1440098413030,"692,376",60% bullish,of 5 ratings,$16.75
AETI,NULL,1440098413109,0,67% bearish,of 3 ratings,N/A
ANCI,$1.61,1440098413139,"4,200",100% bearish,of 1 rating,N/A
AMIC,NULL,1440098413190,0,Not yet rated,NULL,N/A
ANAT,$102.46,1440098413241,"6,352",100% bullish,of 1 rating,N/A
AMNB,$22.77,1440098413268,"4,724",Not yet rated,NULL,$25.50
ARII,$38.71,1440098413334,"125,772",67% bearish,of 3 ratings,$45
APEI,$21.62,1440098413494,"34,095",100% bearish,of 1 rating,$25.50
AMRB,$9.9925,1440098413562,"1,717",Not yet rated,NULL,$11
AMSC,$3.63,1440098413589,"38,841",50% bullish,of 4 ratings,N/A
AMSWA,$9.03,1440098413611,"17,928",100% bearish,of 2 ratings,$10.75
ASEI,$39.4,1440098413643,"45,268",100% bearish,of 1 rating,$52.50
AMWD,$60.89,1440098413802,"154,782",50% bullish,of 2 ratings,$58
ABCB,$27.86,1440098414023,"48,003",Not yet rated,NULL,$31
ASRV,$3.28,1440098414052,"1,725",100% bullish,of 2 ratings,N/A
CRMT,$42.33,1440098414074,"17,690",100% bearish,of 1 rating,$49
ASRVP,$27.97,1440098414110,350,Not yet rated,NULL,N/A
ATLO,$23.93,1440098414136,"3,263",Not yet rated,NULL,N/A
AMSF,$50.6,1440098414210,"34,410",Not yet rated,NULL,$57.50
FOLD,$15.25,1440098414385,"406,721",56% bullish,of 9 ratings,$21
AMGN,$162.46,1440098414413,"1,174,298",89% bullish,of 19 ratings,$185
AMPH,$14.01,1440098414480,"105,201",50% bullish,of 2 ratings,$20
AMSG,$81.67,1440098414617,"149,154",100% bearish,of 1 rating,$85.50
AMKR,$4.23,1440098414647,"547,373",100% bearish,of 2 ratings,$5
AMSGP,NULL,1440098414669,0,Not yet rated,NULL,N/A
ASYS,$5.3,1440098414698,"41,449",67% bullish,of 3 ratings,$12
AMRS,$1.6216,1440098415036,"67,571",70% bullish,of 10 ratings,N/A
ADI,$53.96,1440098415092,"2,651,986",67% bullish,of 3 ratings,$69
ALOG,$84.46,1440098415120,"41,800",100% bearish,of 2 ratings,$100.50
ANAC,$130.71,1440098415151,"271,928",80% bullish,of 5 ratings,$180.50
ANAD,$0.3714,1440098415174,"149,351",100% bullish,of 2 ratings,$.50
ABCW,$39.98,1440098415213,"8,307",67% bullish,of 3 ratings,N/A
AFSI,$63.63,1440098415235,"391,752",60% bullish,of 5 ratings,$72
ANCB,NULL,1440098415313,0,Not yet rated,NULL,$23
AMCF,$0.26,1440098415495,"1,684",100% bullish,of 7 ratings,N/A
ANGI,$4.405,1440098415635,"327,614",64% bullish,of 11 ratings,$5.50
ANIP,$51.3,1440098415663,"132,427",89% bullish,of 19 ratings,$66
ANGO,$14.67,1440098415686,"21,826",67% bullish,of 3 ratings,$19
ANIK,$34.99,1440098415740,"45,304",60% bullish,of 5 ratings,$51.25
ANSS,$93.78,1440098415903,"161,349",100% bearish,of 1 rating,$100
ATRS,$1.81,1440098415933,"224,205",92% bullish,of 12 ratings,$4.50
ABAC,$0.7899,1440098416036,"8,510",100% bearish,of 1 rating,N/A
ANTH,$8.02,1440098416069,"577,614",80% bullish,of 10 ratings,$13
ATNY,$2.35,1440098416122,"3,800",50% bullish,of 2 ratings,$3.75
APIC,$6.84,1440098416169,"170,012",100% bearish,of 1 rating,$19
APOG,$51.88,1440098416302,"71,568",100% bullish,of 1 rating,$62
AINV,$6.49,1440098416376,"915,482",50% bullish,of 4 ratings,$8
APOL,$11.19,1440098416402,"558,853",87% bearish,of 68 ratings,$14
AAPL,$112.955,1440098416550,"30,933,462",86% bullish,of 2335 ratings,$150
APPF,$17.224,1440098416688,"24,149",50% bullish,of 2 ratings,$22
ARCI,$1.25,1440098416741,200,Not yet rated,NULL,N/A
AMAT,$16,1440098416772,"5,204,698",82% bullish,of 11 ratings,$23
APDNW,$1.2201,1440098416803,"4,745",Not yet rated,NULL,N/A
AMCC,$5.25,1440098416833,"260,664",80% bullish,of 5 ratings,$8
APDN,$3.22,1440098416870,"31,756",Not yet rated,NULL,$9
AGTC,$15.05,1440098416936,"96,099",50% bullish,of 2 ratings,$33
APRI,$1.33,1440098417251,"388,852",83% bullish,of 6 ratings,$4.86
APTO,$4.93,1440098417300,"6,170",Not yet rated,NULL,$17
AAOI,$20.4,1440098417326,"194,599",50% bullish,of 4 ratings,$26
AREX,$2.35,1440098417353,"311,126",100% bearish,of 1 rating,$3
AQMS,$5.09,1440098417383,"7,682",Not yet rated,NULL,N/A
AQXP,$15.95,1440098417487,"330,340",50% bullish,of 2 ratings,$2
AUMAU,NULL,1440098417516,0,Not yet rated,NULL,N/A
AUMA,NULL,1440098417618,0,Not yet rated,NULL,N/A
PETX,$16.99,1440098417773,"162,338",100% bearish,of 2 ratings,$26
ARCW,$3.56,1440098417801,"14,420",100% bearish,of 2 ratings,$10.50
ABUS,$7.3563,1440098417861,"266,387",86% bullish,of 14 ratings,$23
AUMAW,NULL,1440098417943,0,Not yet rated,NULL,N/A
ARDM,$7.17,1440098418000,"4,854",100% bullish,of 1 rating,$26
ABIO,$0.9197,1440098418027,"130,060",50% bullish,of 2 ratings,$3.75
RKDA,$5.72,1440098418077,"4,968",100% bearish,of 2 ratings,$10
ACAT,$27.72,1440098418477,"75,121",100% bearish,of 3 ratings,$33
ARDX,$17.64,1440098418550,"50,942",50% bullish,of 2 ratings,$24.50
ARNA,$2.85,1440098418581,"1,230,749",90% bullish,of 77 ratings,$5.50
AGII,$58.3625,1440098418603,"76,035",Not yet rated,NULL,$59.50
AGIIL,$25.54,1440098418647,"2,917",Not yet rated,NULL,N/A
ACGL,$72.38,1440098418678,"103,049",50% bullish,of 2 ratings,$72
ARCB,$30.61,1440098418783,"98,236",50% bullish,of 2 ratings,$39.50
ARGS,$5.1999,1440098418809,"95,856",50% bullish,of 2 ratings,$19.50
ARIS,$3.28,1440098419030,"3,125",Not yet rated,NULL,$4.50
ARMH,$41.47,1440098419093,"848,567",54% bearish,of 13 ratings,$61
ARIA,$6.8,1440098419124,"1,462,763",87% bullish,of 46 ratings,$9
ARCC,$15.75,1440098419146,"516,441",67% bearish,of 3 ratings,$17.875
ARKR,NULL,1440098419227,0,50% bullish,of 2 ratings,N/A
ARTX,$1.4716,1440098419334,"133,001",88% bullish,of 16 ratings,$4.50
ARWA,NULL,1440098419360,0,Not yet rated,NULL,N/A
ARWAW,NULL,1440098419631,0,Not yet rated,NULL,N/A
ARWAR,NULL,1440098419657,0,Not yet rated,NULL,N/A
ARQL,$1.655,1440098419718,"125,868",75% bullish,of 4 ratings,$5
ARRS,$27.11,1440098419787,"464,681",50% bullish,of 2 ratings,$38
ARWAU,NULL,1440098419849,0,100% bullish,of 1 rating,N/A
ARRY,$5.375,1440098419919,"446,519",100% bullish,of 7 ratings,$10
AROW,$27.12,1440098420053,"6,703",Not yet rated,NULL,N/A
DWAT,$10.2556,1440098420103,800,100% bearish,of 1 rating,N/A
ARWR,$5.575,1440098420194,"456,986",75% bullish,of 4 ratings,$10.50
ARTNA,$22.535,1440098420270,"19,192",100% bearish,of 1 rating,$29
ASBB,$23.72,1440098420298,305,Not yet rated,NULL,N/A
ARTW,$4.5099,1440098420450,300,75% bearish,of 4 ratings,N/A
ASNA,$11.445,1440098420493,"1,245,011",50% bullish,of 2 ratings,$18
ASND,$17.72,1440098420585,"27,964",100% bullish,of 1 rating,$30
ASCMA,$27.975,1440098420715,"49,617",100% bearish,of 1 rating,$45
ASTI,$0.1201,1440098420741,"1,359,070",83% bullish,of 6 ratings,$3
APWC,$2,1440098420797,600,100% bearish,of 1 rating,N/A
ASMI,$35.92,1440098420871,600,50% bullish,of 2 ratings,N/A
ASML,$87.45,1440098420969,"692,540",67% bullish,of 3 ratings,$127
AZPN,$38.54,1440098421003,"403,673",50% bullish,of 2 ratings,$42
ASFI,$8.98,1440098421100,"9,065",100% bullish,of 1 rating,N/A
ASMB,$12.83,1440098421126,"42,216",67% bullish,of 3 ratings,N/A
ALOT,$13.8,1440098421268,"4,174",100% bearish,of 1 rating,N/A
ASTE,$36.41,1440098421294,"23,207",100% bearish,of 1 rating,$48
ATRO,$53.76,1440098421439,"72,850",100% bearish,of 2 ratings,$80
ASUR,$5.65,1440098421533,"7,678",100% bearish,of 1 rating,$8
ATHN,$136.39,1440098421748,"68,558",67% bearish,of 3 ratings,$153
AFCB,NULL,1440098421777,0,Not yet rated,NULL,N/A
ASTC,$2.2992,1440098421913,"21,658",100% bullish,of 5 ratings,N/A
ATHX,$1.16,1440098421948,"148,741",89% bullish,of 9 ratings,$5
AAPC,$10.2,1440098421975,170,Not yet rated,NULL,N/A
ATAI,$2.927,1440098422104,"17,951",100% bearish,of 1 rating,N/A
ATRA,$42.817,1440098422130,"68,802",50% bullish,of 2 ratings,$68
ACFC,$6.195,1440098422200,"50,923",Not yet rated,NULL,$6.50
ATNI,$73.4,1440098422300,"28,115",100% bearish,of 1 rating,$69.50
ATLC,$3.95,1440098422351,592,67% bullish,of 3 ratings,N/A
AAME,$3.6399,1440098422430,835,Not yet rated,NULL,N/A
AAWW,$42.005,1440098422506,"256,725",50% bullish,of 2 ratings,$65
ATML,$7.195,1440098422614,"2,872,787",78% bullish,of 9 ratings,$9.50
ATRC,$26.6356,1440098422674,"38,173",100% bullish,of 1 rating,$30
AFH,$16.9101,1440098422700,"10,827",Not yet rated,NULL,$21.50
ATOS,$0.91,1440098422756,"102,614",100% bullish,of 7 ratings,$7
ATRM,$2.87,1440098422849,690,50% bullish,of 2 ratings,N/A
ATRI,$394.45,1440098422887,701,Not yet rated,NULL,N/A
LIFE,$14.53,1440098423060,"17,394",86% bullish,of 7 ratings,$43
AUBN,$27.21,1440098423130,100,Not yet rated,NULL,N/A
AUDC,$3.21,1440098423192,"54,177",80% bullish,of 5 ratings,$5
ATTU,$14.17,1440098423270,"38,618",100% bearish,of 1 rating,$20.50
EARS,$5.01,1440098423329,"35,045",100% bearish,of 2 ratings,$11.50
AUPH,$3.29,1440098423359,"4,250",100% bearish,of 1 rating,$8
ADAT,$0.11,1440098423462,"50,455",100% bullish,of 2 ratings,N/A
ABTL,$18.31,1440098423534,"62,364",100% bullish,of 4 ratings,$20.25
ADP,$83.075,1440098423726,"952,588",100% bearish,of 1 rating,$88
ADSK,$53.205,1440098423769,"954,656",83% bullish,of 6 ratings,$69.50
AVGO,$116.08,1440098423795,"1,490,026",88% bullish,of 8 ratings,$160
AVNU,$12.4501,1440098423870,"5,220",Not yet rated,NULL,$14
AVID,$7.89,1440098423929,"137,110",100% bearish,of 1 rating,$20
AVEO,$1.4,1440098423957,"692,252",75% bullish,of 8 ratings,$3
AAVL,$10.42,1440098423979,"272,706",100% bearish,of 1 rating,$20
AVNW,$1.1144,1440098424013,"31,810",50% bullish,of 2 ratings,$2.20
CAR,$44.28,1440098424268,"843,765",80% bullish,of 5 ratings,$60
AVGR,$15.0099,1440098424294,"18,421",100% bearish,of 1 rating,$20
AWRE,$3.185,1440098424321,"10,094",67% bullish,of 3 ratings,N/A
AXPW,$1.1,1440098424507,"35,814",83% bullish,of 6 ratings,N/A
ACLS,$3.345,1440098424539,"615,951",67% bullish,of 6 ratings,$4.75
AXGN,$3.89,1440098424566,"18,904",Not yet rated,NULL,$5
AXPWW,NULL,1440098424636,0,Not yet rated,NULL,N/A
AXTI,$2.14,1440098424870,"17,630",50% bullish,of 2 ratings,$2.75
BOSC,$2.25,1440098424957,"2,414",50% bullish,of 2 ratings,N/A
RILY,$10,1440098424999,614,Not yet rated,NULL,N/A
BIDU,$158.577,1440098425031,"2,296,014",81% bullish,of 88 ratings,$215
BCOM,$19.98,1440098425096,187,100% bearish,of 1 rating,N/A
BEAV,$49.6322,1440098425160,"352,359",67% bearish,of 3 ratings,$59
BWINB,$22.95,1440098425306,"2,849",Not yet rated,NULL,N/A
BWINA,NULL,1440098425335,0,Not yet rated,NULL,N/A
BCPC,$58.965,1440098425403,"60,860",100% bearish,of 1 rating,$75
BANF,$61.2195,1440098425503,"1,533",Not yet rated,NULL,$68
BLDP,$1.33,1440098425549,"203,140",91% bullish,of 22 ratings,$2.50
BANFP,NULL,1440098425575,0,Not yet rated,NULL,N/A
BKMU,$7.17,1440098425813,"36,872",Not yet rated,NULL,$8
BOCH,$5.775,1440098425845,"14,990",Not yet rated,NULL,$6.50
BMRC,$48.5,1440098425897,"3,981",Not yet rated,NULL,$52
BOTJ,NULL,1440098425945,0,Not yet rated,NULL,N/A
BKSC,$15.83,1440098426076,800,Not yet rated,NULL,N/A
BFIN,$12.04,1440098426104,"6,034",Not yet rated,NULL,$13
OZRK,$41.47,1440098426134,"110,897",67% bullish,of 3 ratings,$49.50
BWFG,$18.25,1440098426288,"1,627",100% bearish,of 1 rating,N/A
BANR,$45.52,1440098426428,"28,181",100% bullish,of 3 ratings,$50
TAPR,$29.9,1440098426457,"1,170",100% bearish,of 1 rating,N/A
BZUN,$6.03,1440098426484,"469,673",50% bullish,of 2 ratings,$13.85
BHAC,NULL,1440098426615,0,Not yet rated,NULL,N/A
BHACU,$10.19,1440098426644,200,Not yet rated,NULL,N/A
BHACR,NULL,1440098426665,0,Not yet rated,NULL,N/A
BBSI,$34.02,1440098426799,"70,970",67% bearish,of 3 ratings,$62.50
BHACW,NULL,1440098426824,0,Not yet rated,NULL,N/A
BYBK,$5.05,1440098426962,100,100% bearish,of 1 rating,N/A
BYLK,$12.97,1440098427013,"6,004",Not yet rated,NULL,$14
BV,$5.15,1440098427055,"187,677",67% bullish,of 6 ratings,$9
BSET,$30.2,1440098427082,"38,070",100% bearish,of 1 rating,$35
BBCN,$15.14,1440098427217,"114,596",100% bearish,of 1 rating,$16
BDCV,$4.9765,1440098427379,"10,655",100% bearish,of 1 rating,$10.19
BSF,$8.87,1440098427426,"9,228",Not yet rated,NULL,N/A
BBGI,$4.8499,1440098427453,100,100% bearish,of 1 rating,N/A
BECN,$36.14,1440098427486,"136,114",50% bullish,of 2 ratings,$40
BCBP,$11.595,1440098427517,"16,956",Not yet rated,NULL,N/A
BEBE,$1.82,1440098427588,"61,955",75% bullish,of 4 ratings,$3.075
BBBY,$63.05,1440098427616,"895,377",71% bullish,of 7 ratings,$75
BLCM,$17.57,1440098427860,"96,153",50% bullish,of 4 ratings,$40
BELFA,$16.8,1440098427893,600,100% bearish,of 1 rating,N/A
BELFB,$19.06,1440098427914,"14,944",100% bearish,of 1 rating,N/A
BLPH,$5.54,1440098427964,"28,324",100% bearish,of 1 rating,$12.50
BNCL,$12.83,1440098428046,"166,931",100% bullish,of 3 ratings,$12.50
BNFT,$37.57,1440098428072,"40,146",67% bullish,of 3 ratings,$46
BGMD,$0.85,1440098428291,"206,070",100% bullish,of 10 ratings,N/A
BNTC,$8.21,1440098428322,"85,858",100% bullish,of 1 rating,N/A
BGCP,$9.1935,1440098428422,"358,174",88% bullish,of 8 ratings,$14
BGFV,$11.08,1440098428448,"58,181",57% bullish,of 7 ratings,$12
BIND,$4.59,1440098428480,"35,327",67% bullish,of 3 ratings,$13.50
ORPN,$5.36,1440098428502,"4,950",100% bullish,of 1 rating,$28.50
BASI,$1.33,1440098428635,"17,619",Not yet rated,NULL,N/A
BCDA,NULL,1440098428661,0,Not yet rated,NULL,N/A
BIOC,$2.03,1440098428696,"503,261",83% bullish,of 6 ratings,$3.85
BCRX,$11.64,1440098428794,"551,822",63% bullish,of 8 ratings,$18
BIOD,$0.6501,1440098428838,"102,215",80% bullish,of 5 ratings,$4
BDSI,$6.335,1440098428971,"463,315",88% bullish,of 8 ratings,$17
BIIB,$310.5,1440098428996,"610,863",88% bullish,of 16 ratings,$400
BMRN,$130.7418,1440098429208,"403,655",80% bullish,of 5 ratings,$160
BIOL,$1.5,1440098429236,"45,884",Not yet rated,NULL,N/A
BLRX,$1.4616,1440098429285,"133,224",100% bullish,of 12 ratings,$5
BLFS,$2.11,1440098429311,"12,289",100% bearish,of 1 rating,$4.75
BVXVW,$0.7051,1440098429369,"3,000",100% bearish,of 1 rating,N/A
BVXV,$4,1440098429473,"9,450",Not yet rated,NULL,N/A
BIOS,$1.72,1440098429515,"704,858",71% bullish,of 7 ratings,$4
BPTH,$1.15,1440098429615,"13,334",100% bullish,of 2 ratings,$5
BRLI,NULL,1440098429710,0,83% bullish,of 6 ratings,N/A
BBC,$30.8,1440098429740,"23,757",Not yet rated,NULL,N/A
BBP,$32.8187,1440098429844,"37,675",Not yet rated,NULL,N/A
BSTC,$50.175,1440098429943,"51,465",100% bearish,of 1 rating,$76
BDMS,NULL,1440098430183,0,100% bearish,of 1 rating,N/A
BOTA,$2.2448,1440098430210,"54,181",88% bullish,of 8 ratings,N/A
BEAT,$12.99,1440098430234,"256,017",67% bearish,of 3 ratings,$15
TECH,$103.73,1440098430265,"54,871",100% bullish,of 1 rating,$117
BSPM,$0.7091,1440098430297,"10,400",50% bullish,of 2 ratings,N/A
BITI,$18.57,1440098430362,"28,625",100% bullish,of 1 rating,$28
BBOX,$15.4,1440098430427,"20,944",100% bearish,of 1 rating,N/A
BJRI,$45.93,1440098430456,"84,974",50% bullish,of 2 ratings,$55
HAWK,$43.78,1440098430698,"230,005",90% bullish,of 10 ratings,$49
BBRY,$7.33,1440098430724,"2,987,034",61% bullish,of 330 ratings,$9
BKCC,$9.2899,1440098430941,"83,438",100% bullish,of 2 ratings,$10
BLKB,$59.18,1440098431011,"65,902",100% bearish,of 2 ratings,$66
ADRD,$22.7699,1440098431039,"2,863",100% bearish,of 1 rating,N/A
ADRA,$27.77,1440098431070,908,Not yet rated,NULL,N/A
BDE,$7.53,1440098431099,"73,798",50% bullish,of 2 ratings,$9
ADRE,$30.262,1440098431177,"7,282",Not yet rated,NULL,N/A
ADRU,$22.5308,1440098431232,208,100% bearish,of 1 rating,N/A
BLMN,$20.93,1440098431262,"526,398",83% bullish,of 6 ratings,$27.50
BCOR,$13.49,1440098431369,"122,220",57% bullish,of 7 ratings,$15
BUFF,$27.08,1440098431505,"143,380",83% bullish,of 12 ratings,$31.50
BLBD,$12.23,1440098431533,"5,889",Not yet rated,NULL,N/A
BBLU,$0.8999,1440098431555,"68,574",100% bullish,of 2 ratings,$4.43
BHBK,$14.21,1440098431611,"34,382",100% bullish,of 1 rating,$14.50
NILE,$34.6,1440098431703,"35,096",50% bullish,of 2 ratings,$34
BLUE,$122.41,1440098431994,"426,826",71% bullish,of 7 ratings,$217.50
BKEP,$6.8,1440098432054,"28,836",100% bearish,of 1 rating,$8.50
BKEPP,$7.75,1440098432086,"9,900",100% bearish,of 1 rating,N/A
BNCN,$21.5,1440098432113,"26,797",Not yet rated,NULL,$23
BPMC,$25.93,1440098432136,"56,044",50% bullish,of 2 ratings,$47.50
BOBE,$44.93,1440098432169,"45,951",75% bullish,of 4 ratings,$57
WIFI,$8.2,1440098432192,"217,977",50% bullish,of 2 ratings,$13.50
BOFI,$129.38,1440098432418,"107,541",100% bullish,of 6 ratings,$144
BOJA,$21.05,1440098432475,"156,626",100% bullish,of 1 rating,$30
BONA,$11.97,1440098432548,"134,191",75% bullish,of 4 ratings,$8.50
BNSO,$1.42,1440098432580,"3,202",100% bearish,of 1 rating,N/A
BAMM,$3.2,1440098432607,"5,658",60% bullish,of 5 ratings,N/A
BOKF,$63,1440098432634,"71,815",100% bearish,of 1 rating,$71
BPFH,$12.28,1440098432689,"217,797",100% bearish,of 1 rating,$14
BPFHP,NULL,1440098433032,0,100% bearish,of 1 rating,N/A
EPAY,$26.14,1440098433066,"56,679",100% bearish,of 2 ratings,$30
BBEP,$2.2361,1440098433103,"1,437,550",69% bullish,of 13 ratings,$5.625
BPFHW,$5.55,1440098433164,100,100% bearish,of 1 rating,N/A
BCLI,$3,1440098433193,"50,124",80% bullish,of 5 ratings,$12
BDGE,$27.288,1440098433221,"8,780",Not yet rated,NULL,$31.75
BDBD,$8.43,1440098433243,"402,899",60% bullish,of 5 ratings,$10
BBRG,$12.98,1440098433275,"40,104",67% bullish,of 3 ratings,$14.50
BBEPP,$13.5,1440098433531,"28,851",100% bearish,of 1 rating,N/A
BLIN,$1.33,1440098433657,"19,477",50% bullish,of 2 ratings,$2.20
BCOV,$5.25,1440098433684,"68,961",67% bullish,of 3 ratings,$10.20
BRCM,$49.78,1440098433759,"2,592,432",75% bullish,of 12 ratings,$56
BRID,NULL,1440098433819,0,100% bearish,of 1 rating,N/A
BYFC,$1.49,1440098433845,"13,810",50% bullish,of 2 ratings,N/A
BSFT,$31.72,1440098433872,"67,427",57% bullish,of 7 ratings,$40.50
BVSN,$5.8,1440098433901,"5,708",60% bearish,of 5 ratings,N/A
BWEN,$3.3301,1440098434069,"33,536",100% bullish,of 3 ratings,$8
BRCD,$9.74,1440098434151,"3,748,173",92% bullish,of 13 ratings,$12.50
BRKL,$10.9,1440098434238,"84,815",100% bearish,of 1 rating,$10.75
BMTC,$29.6093,1440098434307,"15,104",Not yet rated,NULL,$34
BLMT,$20.84,1440098434385,"4,592",Not yet rated,NULL,N/A
BRKS,$10.46,1440098434413,"69,659",67% bullish,of 3 ratings,$15.25
BRKR,$19.575,1440098434487,"374,853",100% bearish,of 2 ratings,$22
BSQR,$6.48,1440098434647,"80,480",67% bullish,of 3 ratings,N/A
BWLD,$193.9,1440098434673,"161,823",82% bullish,of 11 ratings,$205
BLDR,$14.9575,1440098434866,"727,530",50% bullish,of 2 ratings,$22
BUR,$1.99,1440098434895,816,100% bearish,of 1 rating,$8
CHRW,$69.26,1440098434926,"712,185",Not yet rated,NULL,$72
CFFI,NULL,1440098434956,0,100% bearish,of 1 rating,N/A
CCMP,$44.51,1440098434985,"41,594",50% bullish,of 2 ratings,$59
CA,$28.38,1440098435062,"898,277",50% bullish,of 4 ratings,$33
CDZI,$7.45,1440098435197,"13,423",100% bearish,of 1 rating,N/A
CDNS,$20.54,1440098435224,"804,876",75% bullish,of 4 ratings,$22.50
CACQ,$7.11,1440098435356,"19,405",100% bearish,of 1 rating,$12.25
CZR,$6.8899,1440098435486,"476,794",60% bearish,of 5 ratings,$10.50
CSTE,$43.425,1440098435628,"574,727",100% bearish,of 1 rating,$65
CLMS,$11.66,1440098435657,"17,643",Not yet rated,NULL,$10.50
CLBS,$1.338,1440098435685,"98,792",79% bullish,of 14 ratings,$4
PRSS,$4.41,1440098435713,"4,465",80% bullish,of 5 ratings,$4.50
CHI,$10.9598,1440098435743,"116,361",100% bearish,of 1 rating,N/A
CHY,$11.7748,1440098435766,"208,235",Not yet rated,NULL,N/A
CFGE,NULL,1440098435902,0,Not yet rated,NULL,N/A
CCD,$20.4,1440098435936,"53,059",Not yet rated,NULL,N/A
CGO,$12.42,1440098436037,"21,671",100% bearish,of 1 rating,N/A
CHW,$7.8332,1440098436122,"180,133",100% bearish,of 1 rating,N/A
CAMP,$15.91,1440098436170,"158,382",88% bullish,of 8 ratings,$25
CSQ,$10.18,1440098436196,"292,868",Not yet rated,NULL,N/A
CVGW,$54.505,1440098436399,"74,251",50% bullish,of 2 ratings,$58.50
CALA,$5.04,1440098436429,"227,714",100% bullish,of 3 ratings,$19.50
CALM,$50.15,1440098436457,"212,614",80% bullish,of 5 ratings,$65
CFNB,$13.43,1440098436483,888,100% bearish,of 1 rating,N/A
CALD,$15.8,1440098436734,"101,349",100% bearish,of 1 rating,$20.50
CAMBU,NULL,1440098436768,0,100% bearish,of 1 rating,N/A
CAMB,$9.95,1440098436808,400,Not yet rated,NULL,N/A
CAMBW,NULL,1440098436836,0,Not yet rated,NULL,N/A
ABCD,$4.643,1440098436857,"70,555",83% bullish,of 6 ratings,N/A
CLMT,$25.8111,1440098436892,"94,149",75% bullish,of 8 ratings,$31
CAC,$39.94,1440098437082,"2,896",Not yet rated,NULL,N/A
CAMT,$2.8,1440098437114,"21,864",73% bullish,of 11 ratings,$4
CSIQ,$18.8099,1440098437216,"2,553,935",86% bullish,of 28 ratings,$45
CBNJ,$10.85,1440098437315,"1,708",100% bullish,of 1 rating,N/A
CGIX,$9.8,1440098437361,"20,309",67% bullish,of 3 ratings,$14.375
CPHC,$10.53,1440098437419,196,100% bearish,of 1 rating,N/A
CPLA,$49.19,1440098437445,"46,549",50% bullish,of 2 ratings,$65
CBF,$30.07,1440098437613,"49,739",Not yet rated,NULL,$32
CSWC,$48.35,1440098437644,"7,299",Not yet rated,NULL,N/A
CPLP,$6.9001,1440098437666,"445,495",71% bullish,of 7 ratings,$11
CCBG,$15.0101,1440098437688,"5,437",Not yet rated,NULL,$17.25
CFFN,$12.03,1440098437838,"175,175",Not yet rated,NULL,$12.75
CAPR,$3.99,1440098437972,"17,245",Not yet rated,NULL,$12
CAPNW,$0.76,1440098438005,"3,300",Not yet rated,NULL,N/A
CPTA,$14.4201,1440098438066,"47,017",Not yet rated,NULL,$18.50
CPST,$0.3844,1440098438099,"473,651",95% bullish,of 22 ratings,$1
CAPN,$2.2664,1440098438126,"145,344",100% bullish,of 1 rating,$10.85
CARA,$21.155,1440098438209,"167,413",50% bullish,of 4 ratings,$25
CBYL,$6.71,1440098438415,"19,708",100% bearish,of 1 rating,$20
CFNL,$22.6801,1440098438489,"49,198",Not yet rated,NULL,$24
CARB,$11.29,1440098438522,"53,071",75% bullish,of 4 ratings,$12
CRDC,$0.4,1440098438544,"22,938",100% bullish,of 1 rating,$1.25
CSII,$23.99,1440098438587,"160,275",100% bearish,of 2 ratings,$42.125
CRME,$9.495,1440098438615,"18,882",89% bullish,of 9 ratings,$11.25
CECO,$3.6399,1440098438676,"130,187",67% bearish,of 3 ratings,$6
CATM,$35.2,1440098438706,"221,395",100% bearish,of 1 rating,$44
CDNA,$6.3228,1440098438930,"3,400",100% bearish,of 1 rating,$9
CTRE,$12,1440098438956,"236,926",50% bullish,of 2 ratings,N/A
CKEC,$21.975,1440098439122,"141,412",50% bullish,of 2 ratings,$35.915
CLBH,$12.75,1440098439220,"3,657",Not yet rated,NULL,$16.50
CRZO,$32.755,1440098439252,"350,629",67% bearish,of 3 ratings,$57
CRTN,$2.71,1440098439307,100,100% bearish,of 1 rating,N/A
CART,$5.45,1440098439338,"2,256",100% bearish,of 1 rating,N/A
CARO,$15.45,1440098439397,"8,833",100% bearish,of 1 rating,$19
TAST,$12.365,1440098439436,"106,083",Not yet rated,NULL,$14.25
CARV,$6.04,1440098439530,317,50% bullish,of 2 ratings,N/A
CSCD,$13.95,1440098439593,"77,119",100% bullish,of 2 ratings,$17
CASM,$1.1088,1440098439620,"36,460",100% bullish,of 1 rating,$3.50
CWST,$6.285,1440098439751,"84,144",50% bullish,of 2 ratings,$7
CACB,$5.49,1440098439819,"39,046",Not yet rated,NULL,$5.50
CASI,$1.49,1440098439903,"7,980",100% bullish,of 1 rating,$3.50
CASY,$106.81,1440098439959,"113,946",50% bullish,of 2 ratings,$99.50
CASS,$49.47,1440098440053,"8,789",100% bearish,of 1 rating,N/A
CATB,$11.89,1440098440117,"10,826",100% bearish,of 1 rating,$28
CPRX,$3.53,1440098440143,"570,873",71% bullish,of 7 ratings,$7
CATY,$30.61,1440098440275,"162,754",100% bearish,of 1 rating,$33.50
CBFV,$20.58,1440098440340,"3,673",Not yet rated,NULL,N/A
CATYW,NULL,1440098440403,0,100% bearish,of 1 rating,N/A
CVCO,$73,1440098440431,"12,831",100% bearish,of 1 rating,N/A
CAVM,$67.76,1440098440468,"197,302",67% bearish,of 3 ratings,$72
CNLMR,NULL,1440098440601,0,Not yet rated,NULL,N/A
CNLM,$9.98,1440098440628,200,Not yet rated,NULL,N/A
CNLMU,$10.4,1440098440769,100,100% bullish,of 1 rating,N/A
CNLMW,NULL,1440098440790,0,Not yet rated,NULL,N/A
CDK,$48.54,1440098440869,"253,174",67% bearish,of 3 ratings,$50
CBOE,$63.385,1440098440922,"178,428",Not yet rated,NULL,$60
CECE,$9.79,1440098441019,"69,806",50% bullish,of 2 ratings,$16
CDW,$38.86,1440098441045,"310,887",75% bullish,of 4 ratings,$44
CELG,$125.88,1440098441188,"1,964,446",92% bullish,of 13 ratings,$155.50
CPXX,$2.1716,1440098441255,"52,115",100% bullish,of 2 ratings,$7
CELGZ,$1.7563,1440098441322,"45,389",80% bullish,of 5 ratings,N/A
CLDX,$13.8,1440098441357,"1,109,129",89% bullish,of 9 ratings,$36
CLDN,$1.0716,1440098441383,"144,884",71% bullish,of 7 ratings,$3
CLRBW,NULL,1440098441419,0,Not yet rated,NULL,N/A
CLRB,$3.01,1440098441450,"1,800",100% bearish,of 1 rating,N/A
CLLS,$30.88,1440098441487,"72,739",75% bullish,of 4 ratings,$51.50
CLTX,$3.6,1440098441813,"8,999,415",100% bullish,of 2 ratings,N/A
CETX,$2.5167,1440098441949,"8,752",Not yet rated,NULL,$5.60
CYAD,$53.29,1440098441979,"1,418",100% bullish,of 1 rating,$87.50
CLSN,$2.0001,1440098442003,"70,824",80% bullish,of 10 ratings,$7.50
CBMG,$21.265,1440098442025,"67,133",50% bullish,of 2 ratings,N/A
CEMP,$35.5799,1440098442059,"542,921",71% bullish,of 7 ratings,$52
CETV,$2.01,1440098442203,"40,615",67% bullish,of 3 ratings,$2.80
CSFL,$14.04,1440098442234,"68,651",Not yet rated,NULL,$15
CFBK,$1.372,1440098442401,100,Not yet rated,NULL,N/A
CENX,$5.26,1440098442439,"1,198,530",67% bullish,of 6 ratings,$9
CENTA,$12.665,1440098442467,"54,108",Not yet rated,NULL,N/A
CENT,$12.01,1440098442535,"21,551",Not yet rated,NULL,$10
CVCY,NULL,1440098442561,0,Not yet rated,NULL,$12
CNBKA,$41.1,1440098442625,34,100% bullish,of 1 rating,N/A
CNTY,$6.1858,1440098442762,"8,134",80% bullish,of 5 ratings,$7.75
CPHD,$47.79,1440098442869,"166,612",50% bullish,of 2 ratings,$66.50
CRNT,$1.42,1440098442904,"81,349",50% bullish,of 2 ratings,$2
CERN,$63.49,1440098442943,"558,862",67% bullish,of 3 ratings,$79
CERE,$1.2011,1440098443007,"287,843",88% bullish,of 8 ratings,N/A
CERS,$4.86,1440098443038,"230,373",75% bullish,of 4 ratings,$7
CERU,$3.36,1440098443059,"11,575",75% bullish,of 4 ratings,$15
KOOL,$0.6865,1440098443091,"5,497",100% bullish,of 5 ratings,$7
CEVA,$18.63,1440098443300,"33,117",100% bearish,of 1 rating,$25
CYOU,$19.98,1440098443351,"229,470",50% bullish,of 6 ratings,$24
HOTRW,$0.156,1440098443401,"6,099",Not yet rated,NULL,N/A
CTHR,$1.27,1440098443482,"107,518",50% bullish,of 2 ratings,$2.50
HOTR,$1.31,1440098443512,"181,316",100% bullish,of 2 ratings,$5
GTLS,$22.72,1440098443541,"149,328",50% bullish,of 4 ratings,$40
CHTR,$183.65,1440098443612,"568,288",100% bearish,of 2 ratings,$196
CHFN,$12.55,1440098443743,"7,222",Not yet rated,NULL,$14
CHKP,$80,1440098443770,"503,612",50% bullish,of 4 ratings,$92
CEMI,$4.43,1440098443907,"9,918",50% bullish,of 2 ratings,$7.50
CHFC,$31.99,1440098443938,"32,403",100% bearish,of 1 rating,$36
CHEK,$3.08,1440098443960,38,Not yet rated,NULL,$7.75
CHEKW,NULL,1440098443990,0,Not yet rated,NULL,N/A
CHMG,$26.6,1440098444131,"3,212",Not yet rated,NULL,$30
CCXI,$6.9636,1440098444188,"34,901",67% bullish,of 3 ratings,$14
CHKE,$26.21,1440098444263,"5,854",100% bearish,of 1 rating,$32.50
CHMA,$25.67,1440098444293,"57,246",Not yet rated,NULL,$40
CHEV,$14.66,1440098444352,700,Not yet rated,NULL,N/A
CBNK,$16.52,1440098444391,100,100% bearish,of 1 rating,N/A
PLCE,$60.04,1440098444479,"158,993",100% bearish,of 1 rating,$71
CMRX,$48.38,1440098444581,"83,715",50% bullish,of 2 ratings,$57
CAAS,$6.699,1440098444765,"15,299",93% bullish,of 14 ratings,$11.50
CALI,$0.914,1440098444804,"4,792",67% bullish,of 3 ratings,N/A
CBPO,$100.15,1440098444838,"236,436",75% bullish,of 8 ratings,$140.50
CBAK,$2.02,1440098444871,"36,661",67% bullish,of 9 ratings,N/A
CCCL,$0.9195,1440098444934,"4,162",100% bullish,of 6 ratings,N/A
CADC,NULL,1440098444964,0,78% bullish,of 9 ratings,N/A
CCCR,$0.8,1440098444999,"11,457",67% bearish,of 3 ratings,N/A
JRJC,$4.18,1440098445165,"34,885",82% bullish,of 11 ratings,N/A
CHOP,$1.2,1440098445264,"6,800",50% bullish,of 2 ratings,N/A
HGSH,$1.88,1440098445291,557,67% bullish,of 3 ratings,N/A
CHLN,$1.925,1440098445321,"18,160",67% bullish,of 3 ratings,N/A
CJJD,$2.0196,1440098445420,"11,863",100% bullish,of 1 rating,N/A
HTHT,$25.79,1440098445453,"30,798",50% bullish,of 2 ratings,$28
CNIT,$1.58,1440098445518,"110,714",67% bullish,of 6 ratings,N/A
CHNR,NULL,1440098445547,0,100% bearish,of 1 rating,N/A
CREG,$0.7516,1440098445676,"11,926",100% bullish,of 3 ratings,N/A
CPGI,$6.7065,1440098445703,140,Not yet rated,NULL,N/A
CSUN,$1.4395,1440098445836,"12,219",80% bullish,of 5 ratings,N/A
CNTF,$0.8499,1440098445866,"53,265",Not yet rated,NULL,N/A
CXDC,$6.2,1440098445924,"25,802",67% bullish,of 3 ratings,N/A
CCIH,$8.365,1440098445971,"104,730",67% bullish,of 6 ratings,$12.65
CNYD,NULL,1440098446022,0,67% bullish,of 3 ratings,N/A
CNET,$0.8342,1440098446155,"41,847",50% bullish,of 2 ratings,N/A
IMOS,$15.35,1440098446299,"117,677",60% bullish,of 5 ratings,$21.50
CHSCN,$27.23,1440098446349,"4,240",Not yet rated,NULL,N/A
CHSCO,$28.4,1440098446380,"2,700",Not yet rated,NULL,N/A
CHSCL,$27.08,1440098446402,"22,665",Not yet rated,NULL,N/A
CHSCM,$26.0818,1440098446435,"31,462",Not yet rated,NULL,N/A
CHSCP,$30.3045,1440098446480,"4,276",Not yet rated,NULL,N/A
CHDN,$133.1501,1440098446576,"39,320",Not yet rated,NULL,$165
CHUY,$31.77,1440098446683,"113,843",50% bullish,of 2 ratings,$34
CDTX,$14.195,1440098446758,"19,468",Not yet rated,NULL,$22
CIFC,$7.16,1440098446815,"1,712",Not yet rated,NULL,N/A
CMPR,$67.755,1440098446888,"205,237",50% bullish,of 2 ratings,$72.50
CMCT,$15.03,1440098446964,300,100% bearish,of 1 rating,N/A
CINF,$55.82,1440098447046,"159,303",50% bullish,of 4 ratings,$50.50
CIDM,$0.65,1440098447125,"52,607",50% bullish,of 2 ratings,$2.10
CTAS,$86.84,1440098447215,"190,444",100% bearish,of 1 rating,$91
CTRN,$28.52,1440098447378,"130,895",100% bearish,of 1 rating,$30.50
CSCO,$27.16,1440098447404,"13,813,612",84% bullish,of 208 ratings,$32
CZWI,NULL,1440098447437,0,Not yet rated,NULL,N/A
CRUS,$28.03,1440098447459,"690,419",75% bullish,of 12 ratings,$44.50
CPHR,$6.4,1440098447490,"7,153",100% bearish,of 1 rating,$16
CZNC,$19.9,1440098447622,"13,204",Not yet rated,NULL,N/A
CIZN,NULL,1440098447762,0,Not yet rated,NULL,N/A
CZFC,$12.75,1440098447789,700,Not yet rated,NULL,N/A
CTXS,$76.06,1440098447817,"387,055",86% bullish,of 7 ratings,$80
CHCO,$47.73,1440098447868,"29,713",Not yet rated,NULL,$46
CIVBP,NULL,1440098448001,0,Not yet rated,NULL,N/A
CIVB,$10.3,1440098448027,"3,700",Not yet rated,NULL,$11
CLNE,$4.13,1440098448256,"575,906",80% bullish,of 15 ratings,$9
CLFD,$17.31,1440098448355,"45,667",67% bullish,of 3 ratings,$18
CLRO,$11.98,1440098448431,"5,327",50% bullish,of 2 ratings,$14.25
CLNT,$1.89,1440098448457,"9,192",75% bullish,of 8 ratings,N/A
CBLI,$4.2,1440098448521,"37,654",60% bullish,of 5 ratings,N/A
CLIR,$5.095,1440098448626,"21,151",100% bullish,of 3 ratings,N/A
CLVS,$74.18,1440098448656,"256,230",60% bullish,of 5 ratings,$101.50
CSBK,$13.71,1440098448685,"30,335",Not yet rated,NULL,N/A
CMFN,$11.8865,1440098448789,"11,217",100% bearish,of 1 rating,$15.50
CDTI,$1.56,1440098448881,"84,290",75% bullish,of 4 ratings,$3.20
CISG,$8.39,1440098448950,"85,767",100% bullish,of 5 ratings,$10
CME,$96.275,1440098448979,"652,196",67% bullish,of 3 ratings,$102
CCNE,$17.21,1440098449143,"4,464",50% bullish,of 2 ratings,$21.50
CNV,$4.68,1440098449196,"47,868",50% bullish,of 2 ratings,$7.15
COBZ,$12.95,1440098449249,"54,200",100% bullish,of 1 rating,$14
CWAY,$11.44,1440098449397,"5,600",Not yet rated,NULL,N/A
COKE,$159.27,1440098449475,"19,276",79% bullish,of 19 ratings,N/A
CDRB,$11.845,1440098449504,"2,496",67% bullish,of 3 ratings,N/A
CDXS,$3.99,1440098449567,"32,305",64% bullish,of 11 ratings,$6
CVLY,NULL,1440098449667,0,Not yet rated,NULL,N/A
JVA,$4.68,1440098449709,"12,709",83% bullish,of 6 ratings,$7
CCOI,$28.76,1440098449738,"154,367",50% bullish,of 4 ratings,$35
CGNX,$36.4,1440098449767,"314,378",50% bullish,of 2 ratings,$47
CGNT,$1.63,1440098449897,"12,721",100% bullish,of 2 ratings,$2
CTSH,$65.94,1440098449923,"1,577,152",90% bullish,of 10 ratings,$74.50
COHR,$57.69,1440098450091,"39,811",50% bullish,of 2 ratings,$72
CHRS,$29.07,1440098450121,"55,518",67% bearish,of 3 ratings,$37
COHU,$9.7,1440098450220,"43,202",100% bearish,of 1 rating,$14.25
CLRX,$0.51,1440098450303,"21,677",50% bullish,of 2 ratings,N/A
CLCT,$19.08,1440098450379,"5,171",100% bearish,of 1 rating,N/A
COLL,$15.51,1440098450411,"36,994",100% bearish,of 1 rating,$26
CIGI,$46.27,1440098450443,"5,800",100% bearish,of 1 rating,$52
COLB,$31.9,1440098450510,"115,934",Not yet rated,NULL,$36
CLCD,$7.648,1440098450580,"7,360",100% bearish,of 1 rating,$20.50
CBAN,$9.03,1440098450642,805,Not yet rated,NULL,N/A
COLM,$64.34,1440098450714,"50,389",100% bearish,of 1 rating,$71
CBMX,$1.1316,1440098450887,"6,980",83% bullish,of 6 ratings,$3.15
CMCO,$19.91,1440098450909,"167,853",60% bullish,of 5 ratings,$28
CBSH,$45.93,1440098450991,"149,452",50% bullish,of 2 ratings,$46
CMCSK,$59.155,1440098451042,"1,944,999",Not yet rated,NULL,$84
CMCSA,$58.46,1440098451123,"8,049,323",66% bullish,of 35 ratings,$69.50
CBSHP,$25.25,1440098451150,"28,342",100% bearish,of 1 rating,N/A
CUBN,NULL,1440098451225,0,Not yet rated,NULL,N/A
CVGI,$4.6,1440098451283,"46,992",50% bullish,of 2 ratings,$6
CSAL,$21.77,1440098451367,"289,295",75% bullish,of 4 ratings,$30
COMM,$30.67,1440098451429,"514,603",67% bearish,of 3 ratings,$35
JCS,$9.15,1440098451455,"6,300",67% bullish,of 3 ratings,N/A
CYHHZ,$0.0113,1440098451596,"22,290",100% bullish,of 1 rating,N/A
ESXB,$5.1,1440098451628,"34,902",Not yet rated,NULL,N/A
CTBI,$34.7999,1440098451733,"14,080",Not yet rated,NULL,$36
CWBC,$6.752,1440098451758,200,Not yet rated,NULL,N/A
CIZ,$34.08,1440098451962,"5,210",100% bearish,of 1 rating,N/A
CVLT,$36.87,1440098451988,"141,078",75% bullish,of 4 ratings,$44.50
COB,$10.55,1440098452011,"4,198",100% bullish,of 1 rating,$11.75
CID,$34.7,1440098452048,"10,500",Not yet rated,NULL,N/A
CIL,$34.44,1440098452145,"1,400",Not yet rated,NULL,N/A
CSA,NULL,1440098452170,0,Not yet rated,NULL,N/A
CDC,$36.13,1440098452229,"4,193",Not yet rated,NULL,N/A
CSF,$37.49,1440098452325,"78,497",100% bearish,of 1 rating,N/A
CFO,$36.732,1440098452393,"11,731",100% bearish,of 1 rating,N/A
CDL,$35.08,1440098452454,900,Not yet rated,NULL,N/A
CFA,$36.77,1440098452483,300,100% bearish,of 1 rating,N/A
CSB,$34.01,1440098452504,"2,380",Not yet rated,NULL,N/A
CGEN,$5.17,1440098452803,"145,887",50% bullish,of 2 ratings,$11
CPSI,$45.29,1440098452836,"19,051",100% bearish,of 1 rating,$45.50
SCOR,$59.84,1440098452884,"295,787",100% bearish,of 1 rating,$66
CMTL,$26.63,1440098452970,"17,921",100% bearish,of 2 ratings,$37
CTG,$6.69,1440098453004,"10,918",100% bearish,of 1 rating,$8.50
CNSI,$18.75,1440098453026,"22,420",100% bearish,of 2 ratings,$29
CHCI,$0.61,1440098453059,"12,555",50% bullish,of 2 ratings,N/A
CNAT,$4.19,1440098453102,"35,785",83% bullish,of 6 ratings,$13
CNCE,$15.4173,1440098453294,"130,242",75% bullish,of 4 ratings,$22
CXRX,$75.52,1440098453326,"8,865",Not yet rated,NULL,$90
CDOR,$1.4511,1440098453420,"3,612",100% bullish,of 1 rating,N/A
CCUR,$5.1255,1440098453455,"9,926",75% bullish,of 4 ratings,N/A
CDORO,NULL,1440098453482,0,100% bearish,of 1 rating,N/A
CDORP,$7.1195,1440098453514,"2,036",100% bearish,of 1 rating,N/A
CNFR,$10.35,1440098453775,"18,810",Not yet rated,NULL,N/A
CFMS,$21.985,1440098453802,"82,310",Not yet rated,NULL,$27
CNMD,$55.79,1440098453934,"20,575",Not yet rated,NULL,$59
CTWS,$34.52,1440098453961,"9,406",100% bearish,of 1 rating,$44
CNOB,$19.965,1440098453992,"50,466",100% bullish,of 1 rating,$23.50
CNXR,$6.33,1440098454015,"24,050",100% bearish,of 1 rating,$12
CWCO,$11.1599,1440098454189,"36,488",67% bullish,of 3 ratings,$14.50
CNSL,$19.95,1440098454240,"69,104",100% bearish,of 1 rating,$23
CONN,$31.195,1440098454270,"174,784",67% bullish,of 3 ratings,$48.50
CTCT,$23.82,1440098454292,"153,349",67% bullish,of 3 ratings,$37
CPSS,$5.59,1440098454531,"32,404",100% bullish,of 1 rating,$10
CFRX,$5.02,1440098454561,"22,925",Not yet rated,NULL,$14
CTRV,$4.09,1440098454592,"27,430",Not yet rated,NULL,$6.40
CFRXZ,$0.51,1440098454665,400,Not yet rated,NULL,N/A
CPRT,$35.5,1440098454722,"117,157",67% bearish,of 3 ratings,$40
CTRL,$7.7448,1440098454750,"112,298",50% bullish,of 2 ratings,$11
CFRXW,NULL,1440098454772,0,100% bearish,of 1 rating,N/A
CRBP,$2.097,1440098454903,"1,434,284",100% bullish,of 2 ratings,$6.25
BVA,NULL,1440098455074,0,50% bullish,of 2 ratings,N/A
CSOD,$37.335,1440098455133,"260,390",50% bullish,of 2 ratings,$42
CORE,$62.11,1440098455160,"49,121",100% bearish,of 1 rating,$72
CORI,$11.01,1440098455206,"28,737",100% bearish,of 1 rating,$18
CRVL,$32.7599,1440098455233,"4,283",100% bearish,of 1 rating,N/A
CORT,$4.81,1440098455261,"122,754",67% bullish,of 3 ratings,$12
COSI,$1.13,1440098455418,"199,273",100% bullish,of 1 rating,N/A
CSGP,$188.945,1440098455448,"49,147",50% bullish,of 2 ratings,$235
COST,$144.1,1440098455474,"683,843",83% bullish,of 24 ratings,$154.50
ICBK,NULL,1440098455645,0,Not yet rated,NULL,$21
CVTI,$23.8,1440098455721,"69,111",67% bearish,of 3 ratings,$39
CPAH,$0.4673,1440098455752,"1,750",50% bullish,of 2 ratings,N/A
COWN,$5.2175,1440098455850,"365,862",75% bullish,of 4 ratings,$7
COVS,$2.655,1440098455880,"100,253",67% bullish,of 3 ratings,N/A
COWNL,$27.21,1440098455933,"4,300",Not yet rated,NULL,N/A
CPSH,$2.3,1440098456089,"4,400",Not yet rated,NULL,N/A
CBRL,$147.35,1440098456127,"98,147",50% bullish,of 2 ratings,$155
CRAI,$22.43,1440098456178,"11,962",Not yet rated,NULL,$36
BREW,$7.7104,1440098456276,"30,566",67% bullish,of 6 ratings,$15
CACC,$193.24,1440098456308,"66,415",50% bullish,of 2 ratings,$158.50
CRAY,$21.19,1440098456449,"121,026",83% bullish,of 6 ratings,$38.50
GLDI,$11.1099,1440098456475,"98,064",100% bearish,of 1 rating,N/A
CRESY,$11.011,1440098456628,"83,436",100% bearish,of 1 rating,$19
SLVO,$10.61,1440098456689,"5,217",100% bearish,of 1 rating,N/A
CREE,$25.46,1440098456716,"686,344",65% bullish,of 17 ratings,$28.50
CRTO,$44.25,1440098456746,"497,683",67% bullish,of 6 ratings,$64
CROX,$14.491,1440098456856,"441,984",63% bullish,of 8 ratings,$16.50
CCRN,$14.8699,1440098456942,"122,702",100% bearish,of 1 rating,$14.25
CRDS,$1.02,1440098457013,"56,998",50% bullish,of 4 ratings,$4.50
CRWS,$8.08,1440098457145,665,Not yet rated,NULL,$10
CRWN,$4.63,1440098457178,"81,509",75% bullish,of 4 ratings,N/A
CSGS,$31.6,1440098457230,"51,068",Not yet rated,NULL,$40
CYRX,$3.09,1440098457281,"9,438",Not yet rated,NULL,$9
CYRXW,$0.93,1440098457306,"14,000",Not yet rated,NULL,N/A
CCLP,$14.5,1440098457436,"26,728",67% bearish,of 3 ratings,$21
CSPI,$6.17,1440098457465,855,67% bullish,of 3 ratings,N/A
CTIC,$1.62,1440098457597,"1,038,289",84% bullish,of 76 ratings,$5.75
CTCM,$1.73,1440098457678,"162,255",80% bearish,of 5 ratings,$3.90
CTIB,$3.54,1440098457706,"2,475",100% bearish,of 1 rating,N/A
CTRP,$63.99,1440098457835,"1,952,718",75% bullish,of 8 ratings,$92
CUNB,$22.1,1440098457861,"6,390",Not yet rated,NULL,$24.50
CUI,$5.2,1440098457925,"51,569",50% bullish,of 2 ratings,$10
CPIX,$5.89,1440098457951,"7,989",Not yet rated,NULL,N/A
CMLS,$1.14,1440098458114,"656,895",50% bullish,of 4 ratings,$6
CUTR,$14.42,1440098458145,"15,619",67% bearish,of 3 ratings,$18
CVBF,$16.74,1440098458177,"291,332",Not yet rated,NULL,$18
CRIS,$2.56,1440098458199,"149,524",100% bullish,of 8 ratings,$6
CVV,$11.845,1440098458236,"32,184",100% bullish,of 5 ratings,N/A
CYAN,$7.223,1440098458331,"12,091",100% bearish,of 1 rating,N/A
CYBR,$55.4,1440098458363,"1,537,137",86% bullish,of 7 ratings,$66
CYBE,$5.85,1440098458586,"9,896",100% bearish,of 1 rating,N/A
CYCC,$0.571,1440098458644,"36,112",73% bullish,of 11 ratings,N/A
CYBX,$65.35,1440098458751,"836,760",50% bullish,of 4 ratings,$70
CYNA,$16.2,1440098458853,"17,957",100% bullish,of 1 rating,$31.50
CYNO,$32.81,1440098458893,"91,363",67% bearish,of 3 ratings,$45.50
CYCCP,NULL,1440098458923,0,100% bearish,of 1 rating,N/A
CBAY,$2.65,1440098458945,"41,521",100% bullish,of 1 rating,$4
CY,$9.435,1440098458981,"3,287,653",80% bullish,of 10 ratings,$15.50
CYRN,$1.67,1440098459024,"64,197",67% bullish,of 3 ratings,$4
CONE,$33.67,1440098459167,"200,046",67% bearish,of 3 ratings,$35
CYTK,$6.4,1440098459194,"132,680",71% bullish,of 14 ratings,$13.50
CYTX,$0.3905,1440098459270,"521,393",83% bullish,of 12 ratings,$5.50
CYTR,$2.225,1440098459329,"229,397",67% bullish,of 6 ratings,$10
CTSO,$7.21,1440098459362,"46,538",Not yet rated,NULL,$15.625
DAEG,$0.3301,1440098459462,"16,273",100% bearish,of 1 rating,N/A
TVIZ,$13.88,1440098459639,400,100% bearish,of 1 rating,N/A
TVIX,$6.81,1440098459698,"9,145,544",81% bullish,of 16 ratings,N/A
ZIV,$47.9674,1440098459724,"71,734",Not yet rated,NULL,N/A
XIV,$43.21,1440098459786,"12,276,467",75% bearish,of 4 ratings,N/A
DAKT,$11.694,1440098459920,"128,875",50% bullish,of 2 ratings,$14
DJCO,$205.8,1440098459948,200,Not yet rated,NULL,N/A
DAIO,$2.57,1440098459970,"21,280",Not yet rated,NULL,N/A
DARA,$0.89,1440098460002,"19,422",83% bullish,of 6 ratings,$1.50
DTLK,$5.4,1440098460137,"53,706",100% bearish,of 1 rating,$9
DRAM,$1.4686,1440098460200,"4,478",78% bullish,of 9 ratings,N/A
DWCH,$5.04,1440098460269,"33,121",75% bullish,of 4 ratings,$8.25
PLAY,$34.88,1440098460328,"142,917",100% bullish,of 5 ratings,$42
DWSN,$4.3,1440098460357,"6,530",67% bullish,of 3 ratings,$6
DTEA,$12.65,1440098460399,"73,676",100% bearish,of 2 ratings,$24
DBVT,$40.58,1440098460489,"44,153",100% bearish,of 1 rating,$53
DFRG,$14.71,1440098460704,"51,589",100% bearish,of 1 rating,$20
DHRM,$1.8599,1440098460849,"7,573",Not yet rated,NULL,N/A
TACOW,$4.38,1440098460914,"7,033",100% bullish,of 1 rating,N/A
TACO,$13.16,1440098460936,"68,359",100% bullish,of 3 ratings,$20
DELT,$2.762,1440098460985,"7,118",Not yet rated,NULL,N/A
TRAK,$63.03,1440098461014,"802,179",50% bullish,of 2 ratings,$62.50
DGAS,$20.25,1440098461040,"9,258",67% bearish,of 3 ratings,N/A
DCTH,$0.525,1440098461086,"192,259",78% bullish,of 9 ratings,N/A
DELTW,NULL,1440098461373,0,Not yet rated,NULL,N/A
DEPO,$29.76,1440098461441,"438,386",60% bullish,of 5 ratings,$29
XRAY,$55.62,1440098461471,"144,769",100% bullish,of 1 rating,$58
DENN,$12.11,1440098461520,"234,281",100% bullish,of 3 ratings,$15
DSCI,$6.39,1440098461679,"25,346",50% bullish,of 2 ratings,$16
DXLG,$4.62,1440098461709,"17,468",100% bearish,of 1 rating,$8
DEST,$11.95,1440098461737,"25,995",50% bullish,of 2 ratings,N/A
DERM,$24.02,1440098461779,"57,882",100% bearish,of 1 rating,$33.50
DSWL,NULL,1440098461805,0,100% bullish,of 1 rating,N/A
DXM,$0.313,1440098461964,"115,036",50% bullish,of 2 ratings,N/A
DHXM,NULL,1440098461992,0,Not yet rated,NULL,N/A
DXCM,$91.215,1440098462026,"474,454",57% bullish,of 7 ratings,$98
DHIL,$193.76,1440098462157,"1,170",Not yet rated,NULL,N/A
FANG,$70.63,1440098462293,"377,958",50% bullish,of 2 ratings,$86
DCIX,$1.76,1440098462321,"28,487",50% bullish,of 4 ratings,$3.50
DMND,$30.8425,1440098462347,"144,285",75% bullish,of 12 ratings,$32
DRNA,$10.105,1440098462489,"83,381",67% bearish,of 3 ratings,$25
DGII,$10.07,1440098462535,"35,116",100% bearish,of 1 rating,$10
DRAD,$3.9616,1440098462619,"11,655",100% bullish,of 1 rating,$5.25
DMRC,$35.21,1440098462649,"52,971",100% bearish,of 1 rating,$44
DGLY,$7.172,1440098462750,"103,409",50% bullish,of 6 ratings,$20
DCOM,$16.95,1440098462816,"48,705",100% bearish,of 2 ratings,$16.50
APPS,$2.27,1440098462844,"66,812",100% bearish,of 1 rating,$10.25
DIOD,$19.37,1440098462918,"87,863",75% bearish,of 4 ratings,$24
DPRX,$11.82,1440098462975,"80,518",100% bullish,of 2 ratings,$27.75
DISCA,$27.275,1440098463001,"3,584,737",67% bullish,of 3 ratings,$34
DISCB,$30.53,1440098463137,50,100% bearish,of 1 rating,$35
DISCK,$26.18,1440098463185,"3,751,689",100% bearish,of 1 rating,$32
DSCO,$0.4302,1440098463237,"140,893",83% bullish,of 6 ratings,$2.75
DISH,$63.22,1440098463330,"876,041",69% bullish,of 13 ratings,$73
DVCR,$11.49,1440098463398,"6,849",100% bullish,of 1 rating,N/A
DLHC,$2.58,1440098463637,"1,404",100% bearish,of 1 rating,N/A
DNBF,$26.71,1440098463675,"1,238",Not yet rated,NULL,$27.50
BAGR,$3.09,1440098463697,"8,157",100% bearish,of 1 rating,$6
DGICA,$14.48,1440098463773,"3,490",100% bearish,of 1 rating,$17
DLTR,$80.58,1440098463809,"862,431",82% bullish,of 11 ratings,$88
DMLP,$14.01,1440098463842,"155,563",100% bearish,of 1 rating,N/A
DORM,$50.44,1440098463870,"79,364",100% bearish,of 1 rating,$56
DGICB,NULL,1440098463900,0,100% bearish,of 1 rating,N/A
HILL,$9.675,1440098464143,"5,041,325",60% bearish,of 5 ratings,$9
DRWI,$0.27,1440098464218,"395,713",60% bullish,of 5 ratings,$.45
DRWIW,$0.068,1440098464244,200,Not yet rated,NULL,N/A
DWA,$18.05,1440098464289,"316,435",63% bullish,of 8 ratings,$26
DSKX,$3.19,1440098464317,"105,219",100% bullish,of 1 rating,N/A
DRYS,$0.345,1440098464387,"2,293,747",77% bullish,of 31 ratings,$.60
CADT,NULL,1440098464485,0,Not yet rated,NULL,N/A
CADTR,NULL,1440098464553,0,Not yet rated,NULL,N/A
DSPG,$8.72,1440098464590,"37,164",100% bearish,of 1 rating,$13.50
CADTU,NULL,1440098464685,0,Not yet rated,NULL,N/A
DTSI,$26.755,1440098464714,"41,572",100% bearish,of 2 ratings,$39.50
CADTW,NULL,1440098464746,0,Not yet rated,NULL,N/A
DNKN,$50.1,1440098464876,"975,669",67% bullish,of 15 ratings,$56.50
DRRX,$2.0116,1440098464903,"146,159",50% bullish,of 6 ratings,$3
DXPE,$28.6,1440098464925,"79,166",50% bullish,of 2 ratings,N/A
BOOM,$10.19,1440098465174,"36,559",67% bullish,of 3 ratings,$12
DYAX,$22.39,1440098465199,"191,998",89% bullish,of 9 ratings,$30
EGBN,$43.34,1440098465354,"33,165",Not yet rated,NULL,$48
DYSL,$1.6499,1440098465383,"382,562",100% bullish,of 2 ratings,N/A
EBMT,$11.46,1440098465405,"1,300",Not yet rated,NULL,$13.50
ETFC,$26.58,1440098465444,"1,157,712",57% bullish,of 14 ratings,$33
DYNT,$2.95,1440098465466,"5,642",75% bullish,of 4 ratings,N/A
DVAX,$27.7,1440098465540,"174,598",70% bullish,of 10 ratings,$40
EGRX,$66.265,1440098465608,"178,909",67% bullish,of 3 ratings,$97
EGLE,$6.48,1440098465678,"10,056",60% bullish,of 5 ratings,N/A
EWBC,$42.55,1440098465842,"867,793",100% bearish,of 1 rating,$50
ELNK,$8.62,1440098465920,"359,553",60% bullish,of 5 ratings,$9.50
EROC,$1.17,1440098465953,"352,412",50% bullish,of 2 ratings,$3
EACQU,$10.2,1440098466027,944,Not yet rated,NULL,N/A
EBAY,$26.5327,1440098466053,"6,588,302",81% bullish,of 117 ratings,$48
EML,$16.7515,1440098466103,"13,550",Not yet rated,NULL,N/A
EVBS,$6.485,1440098466183,"1,736",Not yet rated,NULL,$7
EBIX,$29.3072,1440098466361,"176,749",69% bullish,of 13 ratings,$40
ECHO,$25.4675,1440098466393,"296,469",67% bearish,of 3 ratings,$35.50
ECTE,$1.53,1440098466424,"10,600",75% bullish,of 4 ratings,N/A
SATS,$45.24,1440098466521,"59,581",50% bullish,of 2 ratings,$60
ELON,$0.5563,1440098466551,"46,012",50% bullish,of 2 ratings,N/A
EEI,$11.242,1440098466584,"1,100",67% bearish,of 3 ratings,N/A
ECACU,$10.09,1440098466686,"13,500",Not yet rated,NULL,N/A
ESES,$3.37,1440098466824,"9,062",100% bearish,of 1 rating,$7
EDUC,$4.7,1440098466925,"5,966",100% bearish,of 1 rating,N/A
EDAP,$3.4799,1440098466962,"29,821",60% bullish,of 5 ratings,$4.50
EFUT,$4.27,1440098467011,"1,235",Not yet rated,NULL,N/A
EDGW,$7.1001,1440098467037,"11,700",100% bearish,of 1 rating,N/A
EGAN,$3.49,1440098467071,"308,400",50% bullish,of 2 ratings,$6.25
EGLT,$11.265,1440098467093,"105,928",50% bullish,of 2 ratings,$21
LOCO,$12.5,1440098467237,"1,355,728",69% bullish,of 13 ratings,$20
EHTH,$14.09,1440098467263,"56,929",50% bullish,of 4 ratings,$16.50
ESLT,$80.99,1440098467407,"4,656",100% bullish,of 2 ratings,N/A
EMITF,$1.285,1440098467432,"13,934",75% bullish,of 4 ratings,N/A
ERI,$9.43,1440098467462,"60,675",100% bearish,of 1 rating,$10
EFII,$44.3,1440098467725,"62,666",80% bullish,of 5 ratings,$55
ELRC,$10.25,1440098467758,"11,435",100% bearish,of 1 rating,N/A
ESIO,$4.61,1440098467791,"49,705",50% bullish,of 2 ratings,$10
EA,$67.9,1440098467812,"2,147,670",77% bullish,of 35 ratings,$80
ELECU,NULL,1440098467857,0,Not yet rated,NULL,N/A
ELEC,NULL,1440098467886,0,Not yet rated,NULL,N/A
ELSE,$4.07,1440098467985,486,60% bullish,of 5 ratings,N/A
ELECW,NULL,1440098468013,0,Not yet rated,NULL,N/A
EBIO,$3.19,1440098468148,"499,459",100% bearish,of 2 ratings,$8.35
RDEN,$10.53,1440098468176,"75,904",100% bearish,of 4 ratings,$15
CAPX,NULL,1440098468355,0,Not yet rated,NULL,N/A
ESBK,$19.35,1440098468417,"2,900",Not yet rated,NULL,N/A
LONG,$17.065,1440098468444,"24,048",67% bullish,of 3 ratings,$15.75
ELTK,$1.13,1440098468502,"28,648",67% bearish,of 3 ratings,N/A
EMCF,NULL,1440098468596,0,100% bearish,of 1 rating,N/A
EMCI,$23.67,1440098468623,"9,750",Not yet rated,NULL,N/A
EMKR,$6.99,1440098468648,"52,053",75% bullish,of 4 ratings,$8.50
EMMS,$1.28,1440098468838,"23,100",67% bullish,of 6 ratings,N/A
NYNY,$4.04,1440098468914,"34,843",50% bullish,of 2 ratings,N/A
ENTA,$40.01,1440098468945,"80,821",50% bullish,of 2 ratings,$42
EMMSP,NULL,1440098468974,0,100% bearish,of 1 rating,N/A
ERS,$2.879,1440098469053,"1,529",Not yet rated,NULL,N/A
WIRE,$32.74,1440098469109,"26,527",100% bearish,of 1 rating,$37
ECPG,$39.11,1440098469137,"79,941",100% bullish,of 2 ratings,$52
ENDP,$81.33,1440098469474,"860,332",50% bullish,of 6 ratings,$104
EIGI,$15.46,1440098469543,"335,285",67% bearish,of 3 ratings,$20
ELGX,$13.06,1440098469626,"362,756",75% bullish,of 4 ratings,$17
ECYT,$5.055,1440098469697,"181,539",83% bullish,of 6 ratings,$12
EXXI,$1.53,1440098469726,"821,839",86% bullish,of 7 ratings,$3.50
EFOI,$17.1814,1440098469748,"505,267",50% bullish,of 2 ratings,$20.50
WATT,$6.99,1440098469879,"52,331",50% bullish,of 2 ratings,$13
ENOC,$8.04,1440098469907,"122,379",75% bullish,of 4 ratings,$18
ERII,$2.835,1440098470055,"40,173",80% bullish,of 5 ratings,$2.50
ENG,$1.05,1440098470087,"22,856",100% bullish,of 3 ratings,N/A
ENFC,$18.1337,1440098470156,"2,684",Not yet rated,NULL,N/A
ESGR,$152.055,1440098470187,"21,686",100% bearish,of 1 rating,$185
ENPH,$4.48,1440098470233,"333,851",75% bullish,of 4 ratings,$11
ENTL,$21.5,1440098470321,"60,759",Not yet rated,NULL,$28
ENTG,$13.85,1440098470350,"130,645",100% bearish,of 1 rating,$18
ETRM,$0.2413,1440098470515,"303,735",69% bearish,of 35 ratings,$1.625
EPRS,$4.8016,1440098471031,"71,671",82% bullish,of 11 ratings,$15
EBTC,$20.45,1440098471078,"2,035",Not yet rated,NULL,N/A
EGT,$2.15,1440098471109,"6,725",100% bullish,of 1 rating,N/A
ENVI,$1.7701,1440098471135,"5,814",67% bullish,of 3 ratings,N/A
ENZN,$1.08,1440098471157,"247,665",100% bullish,of 9 ratings,N/A
EPIQ,$13.85,1440098471180,"41,057",100% bearish,of 1 rating,$18
ENZY,$8.9799,1440098471221,"9,576",67% bullish,of 3 ratings,$9.50
EFSC,$24.625,1440098471244,"15,012",Not yet rated,NULL,$27
EPZM,$16.245,1440098471439,"107,048",60% bullish,of 5 ratings,$34
PLUS,$79.94,1440098471515,"147,837",50% bullish,of 2 ratings,$88
EQFN,$8.3,1440098471540,"2,527",Not yet rated,NULL,N/A
EQIX,$280.45,1440098471567,"151,155",67% bullish,of 3 ratings,$312.50
EAC,$3.7,1440098471594,"19,230",100% bearish,of 1 rating,$8
ERIC,$9.84,1440098471800,"822,030",63% bullish,of 8 ratings,$13.30
ERIE,$86.97,1440098471834,"9,001",Not yet rated,NULL,$73
ESCRP,NULL,1440098471938,0,100% bearish,of 1 rating,N/A
ESCA,$18.38,1440098471960,"5,629",100% bearish,of 1 rating,$22
ESPR,$53.48,1440098471998,"1,193,378",67% bearish,of 9 ratings,$123
ESMC,$1.3,1440098472020,101,Not yet rated,NULL,N/A
ESCR,$0.18,1440098472097,"53,341",50% bullish,of 2 ratings,N/A
ESSA,$12.9487,1440098472157,"4,479",100% bearish,of 1 rating,N/A
ESND,$35.71,1440098472302,"36,327",50% bullish,of 2 ratings,$40
EPIX,NULL,1440098472333,0,Not yet rated,NULL,N/A
ESSX,$0.518,1440098472437,"38,880",50% bullish,of 2 ratings,N/A
ETSY,$14.33,1440098472519,"455,460",80% bullish,of 5 ratings,$16
CLWT,NULL,1440098472651,0,100% bearish,of 1 rating,N/A
ESEA,$6.12,1440098472683,"2,047",100% bullish,of 1 rating,$15
EEFT,$67.2701,1440098472705,"106,322",100% bearish,of 1 rating,$67.50
EVEP,$7.664,1440098472738,"196,751",50% bullish,of 2 ratings,$15
EVK,$3.86,1440098472780,"1,312",75% bearish,of 4 ratings,N/A
EVLV,$2.17,1440098472869,"74,371",60% bullish,of 5 ratings,$6.50
EXA,$10.75,1440098472968,"6,222",100% bearish,of 1 rating,$13
EVOK,$4.2136,1440098473005,"153,621",100% bearish,of 1 rating,$13.75
EVOL,$6.0894,1440098473104,"16,477",75% bullish,of 4 ratings,$10
EXAS,$21.55,1440098473133,"360,167",78% bullish,of 9 ratings,$31
EXAC,$18.78,1440098473213,"14,273",100% bearish,of 1 rating,$22.50
EXEL,$5.4199,1440098473263,"2,050,095",81% bullish,of 16 ratings,$6
EXFO,$2.84,1440098473403,"3,000",67% bearish,of 3 ratings,$3.95
EXLS,$37.48,1440098473530,"57,167",100% bullish,of 1 rating,$41
EXPD,$49.49,1440098473559,"1,057,118",80% bullish,of 5 ratings,$50.50
EXPE,$118.89,1440098473688,"416,082",64% bullish,of 11 ratings,$130
EXPO,$43.03,1440098473720,"25,097",100% bearish,of 1 rating,$45.50
ESRX,$88.36,1440098473824,"1,452,563",67% bearish,of 6 ratings,$101
EXTR,$2.87,1440098473897,"514,854",80% bullish,of 5 ratings,$3
EXLP,$19.14,1440098473924,"53,058",100% bearish,of 1 rating,$27
EYEG,$4.18,1440098473946,"21,185",Not yet rated,NULL,N/A
EZCH,$21.28,1440098474079,"54,038",75% bullish,of 8 ratings,$19.50
EYEGW,NULL,1440098474211,0,Not yet rated,NULL,N/A
FB,$91.1665,1440098474367,"20,575,403",73% bullish,of 1065 ratings,$111
EZPW,$6.0575,1440098474421,"87,667",50% bullish,of 4 ratings,$7.50
FRP,$16.65,1440098474453,"29,350",100% bearish,of 1 rating,$18
FFIV,$126.77,1440098474475,"517,043",63% bullish,of 8 ratings,$132
FCS,$13.4,1440098474553,"509,496",67% bearish,of 3 ratings,$17
FWM,$2.3,1440098474605,"81,161",100% bearish,of 2 ratings,$3.20
DAVE,$14.04,1440098474692,"17,187",100% bearish,of 1 rating,$15.50
FARM,$22.35,1440098474793,"7,614",100% bearish,of 1 rating,$35
FFKT,$26.97,1440098474831,"6,305",Not yet rated,NULL,$29
FALC,$1.62,1440098474859,"25,153",63% bearish,of 8 ratings,N/A
FARO,$39.06,1440098474989,"58,185",50% bullish,of 2 ratings,$48
FMNB,$8.1,1440098475024,"5,162",Not yet rated,NULL,N/A
FATE,$5.8365,1440098475086,"127,100",50% bullish,of 2 ratings,$11
FAST,$39.555,1440098475119,"779,563",80% bullish,of 5 ratings,$46
FBSS,$15.451,1440098475294,163,Not yet rated,NULL,N/A
FBRC,$22.9,1440098475426,"6,369",100% bearish,of 1 rating,$29
FDML,$9.11,1440098475456,"121,188",50% bullish,of 4 ratings,$14
FEIC,$79.62,1440098475486,"182,462",50% bullish,of 2 ratings,$95.50
FNHC,$22.3199,1440098475590,"39,666",100% bearish,of 1 rating,$35
FHCO,$1.4,1440098475737,"15,560",50% bullish,of 4 ratings,N/A
FGEN,$24.1,1440098475772,"125,410",100% bearish,of 1 rating,$39
FCSC,$5.66,1440098475824,"125,936",100% bearish,of 1 rating,$8.125
ONEQ,$192.9699,1440098475953,"14,332",100% bullish,of 1 rating,N/A
FENX,$9.745,1440098475981,"55,636",100% bullish,of 1 rating,$14.25
LION,$19.4228,1440098476051,"42,680",100% bullish,of 1 rating,$20
FDUS,$14.909,1440098476154,"15,088",100% bullish,of 1 rating,$18
FRGI,$53.51,1440098476398,"72,251",50% bullish,of 2 ratings,$70
FSC,$6.59,1440098476433,"587,027",75% bullish,of 4 ratings,$8
FSCFL,$24.83,1440098476457,"8,205",Not yet rated,NULL,N/A
FSAM,$8.885,1440098476494,"2,532",100% bearish,of 1 rating,$11
FITB,$20.51,1440098476527,"2,651,499",54% bullish,of 13 ratings,$22
FSFR,$9.1,1440098476594,"67,560",100% bearish,of 1 rating,$11.50
FNGN,$33.78,1440098476623,"242,582",67% bullish,of 3 ratings,$47
FITBI,$27.75,1440098476653,"30,148",Not yet rated,NULL,N/A
FNJN,$1.6816,1440098476899,"6,922",100% bearish,of 1 rating,$5
FNTC,$9.82,1440098476994,100,Not yet rated,NULL,N/A
FNSR,$15.685,1440098477060,"709,278",71% bullish,of 7 ratings,$24.50
FISI,$24.75,1440098477086,"37,217",100% bullish,of 2 ratings,$24.50
FEYE,$40.19,1440098477122,"2,941,491",87% bullish,of 15 ratings,$55.50
FNTCU,NULL,1440098477158,0,Not yet rated,NULL,N/A
FBNC,$16.79,1440098477257,"15,757",100% bullish,of 1 rating,$20
FNTCW,NULL,1440098477283,0,Not yet rated,NULL,N/A
FNLC,$18.8,1440098477470,"2,710",100% bullish,of 1 rating,N/A
FRBA,$6.0499,1440098477571,500,Not yet rated,NULL,$8
FBIZ,$43.79,1440098477624,"8,033",100% bearish,of 2 ratings,$52
FCFS,$38.4,1440098477758,"52,114",100% bearish,of 2 ratings,$48
FCVA,$4.78,1440098477786,"1,580",Not yet rated,NULL,N/A
BUSE,$6.38,1440098477807,"36,362",Not yet rated,NULL,$6.875
FCAP,$26.89,1440098477829,300,Not yet rated,NULL,N/A
FCNCA,$241,1440098477993,"1,338",Not yet rated,NULL,N/A
FCBC,$17.71,1440098478243,"8,172",Not yet rated,NULL,$18
FCCO,$11.9,1440098478271,836,Not yet rated,NULL,$13.25
FCLF,NULL,1440098478299,0,Not yet rated,NULL,N/A
FBNK,$16.55,1440098478434,"8,246",100% bearish,of 1 rating,$17.50
FCFP,$6.824,1440098478481,"1,500",Not yet rated,NULL,N/A
FFNM,$6.42,1440098478584,500,Not yet rated,NULL,N/A
FFBCW,NULL,1440098478688,0,100% bearish,of 1 rating,N/A
FDEF,$37.82,1440098478716,"21,761",Not yet rated,NULL,$38
THFF,$33.15,1440098478848,"4,715",Not yet rated,NULL,$35
FFIN,$31.218,1440098478879,"94,947",50% bullish,of 2 ratings,$31.75
FFBC,$18.92,1440098478905,"65,185",67% bearish,of 3 ratings,$20.25
FFNW,$12.48,1440098478941,"39,335",Not yet rated,NULL,$14
FFWM,$21.4999,1440098478979,"9,841",Not yet rated,NULL,$24
FIBK,$27.3,1440098479123,"33,248",Not yet rated,NULL,$32
INBK,$32.34,1440098479149,"9,728",50% bullish,of 2 ratings,$37
FRME,$25.34,1440098479430,"87,589",Not yet rated,NULL,$26.50
FMBH,NULL,1440098479695,0,Not yet rated,NULL,N/A
FMBI,$17.97,1440098479791,"109,317",Not yet rated,NULL,$20
FNBC,$34.74,1440098479824,"42,406",Not yet rated,NULL,$41.50
FSGI,$2.49,1440098479919,"3,057",Not yet rated,NULL,N/A
FNWB,$12.07,1440098479952,"6,570",Not yet rated,NULL,N/A
FSFG,$31.12,1440098479979,100,Not yet rated,NULL,N/A
FNFG,$9.395,1440098480017,"1,052,614",80% bullish,of 5 ratings,$9
FSLR,$48.02,1440098480150,"862,940",74% bullish,of 39 ratings,$65
BICK,$19.93,1440098480237,400,100% bullish,of 1 rating,N/A
FSBK,$7.85,1440098480291,"4,757",100% bullish,of 1 rating,N/A
FTCS,$37.8124,1440098480379,"33,314",Not yet rated,NULL,N/A
FBZ,NULL,1440098480417,0,Not yet rated,NULL,N/A
FCAN,$24.64,1440098480444,"3,010",Not yet rated,NULL,N/A
FCA,$20.8905,1440098480470,"3,750",Not yet rated,NULL,N/A
FV,$23.962,1440098480517,"1,229,263",Not yet rated,NULL,N/A
IFV,$18.082,1440098480858,"1,355,763",100% bearish,of 1 rating,N/A
FTSM,$59.93,1440098480932,"10,884",100% bearish,of 1 rating,N/A
MDIV,$19.6401,1440098480984,"122,563",Not yet rated,NULL,N/A
TDIV,$25.18,1440098481014,"121,450",100% bearish,of 1 rating,N/A
FEMB,$42.01,1440098481043,100,Not yet rated,NULL,N/A
FEUZ,$31.4408,1440098481089,897,Not yet rated,NULL,N/A
FTHI,$20.24,1440098481145,"5,292",Not yet rated,NULL,N/A
FGM,$35.647,1440098481357,"25,834",Not yet rated,NULL,N/A
FTGC,$22.5899,1440098481410,"66,784",Not yet rated,NULL,N/A
HYLS,$49.7358,1440098481461,"25,444",100% bearish,of 1 rating,N/A
FHK,$33.914,1440098481560,"68,438",Not yet rated,NULL,N/A
SKYY,$29.6302,1440098481591,"42,233",100% bullish,of 1 rating,N/A
YDIV,$16.81,1440098481616,"5,437",Not yet rated,NULL,N/A
FPXI,$28.25,1440098481643,"1,025",Not yet rated,NULL,N/A
CU,$12.9659,1440098481665,"6,860",100% bearish,of 1 rating,N/A
PLTM,$6.6987,1440098481973,"4,632",100% bearish,of 1 rating,N/A
FTLB,NULL,1440098482035,0,100% bearish,of 1 rating,N/A
CIBR,$18.6412,1440098482066,"93,288",Not yet rated,NULL,N/A
FJP,$48.05,1440098482135,"69,349",Not yet rated,NULL,N/A
FMB,$51.14,1440098482161,"4,628",Not yet rated,NULL,N/A
LMBS,$50.4744,1440098482239,"9,504",Not yet rated,NULL,N/A
QABA,$38.29,1440098482314,"22,368",100% bearish,of 1 rating,N/A
FONE,$35.26,1440098482373,"1,849",Not yet rated,NULL,N/A
GRID,$32.32,1440098482414,200,100% bearish,of 1 rating,N/A
QCLN,$15.1602,1440098482557,"17,611",Not yet rated,NULL,N/A
CARZ,$35.41,1440098482589,"2,255",100% bearish,of 1 rating,N/A
RDVY,$22.0599,1440098482613,"1,646",Not yet rated,NULL,N/A
QQEW,$42.7505,1440098482638,"102,273",Not yet rated,NULL,N/A
QQXT,$41.717,1440098482851,"6,714",Not yet rated,NULL,N/A
QTEC,$40.68,1440098483122,"53,984",Not yet rated,NULL,N/A
FTSL,$48.9696,1440098483149,"30,264",100% bearish,of 1 rating,N/A
AIRR,$16.43,1440098483176,"5,209",100% bearish,of 1 rating,N/A
FKO,NULL,1440098483206,0,Not yet rated,NULL,N/A
QINC,$21.1796,1440098483227,108,Not yet rated,NULL,N/A
FDIV,$48.09,1440098483261,323,100% bearish,of 1 rating,N/A
FSZ,$39.8348,1440098483365,"20,995",Not yet rated,NULL,N/A
FTW,NULL,1440098483417,0,Not yet rated,NULL,N/A
FKU,$42.84,1440098483519,"20,954",Not yet rated,NULL,N/A
FMER,$17.93,1440098483591,"447,739",50% bullish,of 2 ratings,$20
FUNC,$8.26,1440098483623,"4,500",Not yet rated,NULL,N/A
SVVC,$10.55,1440098483726,"12,077",100% bullish,of 1 rating,$26
TUSA,$25.5,1440098483753,186,Not yet rated,NULL,N/A
FISV,$88.75,1440098483910,"407,010",100% bearish,of 3 ratings,$90
FIVE,$36.23,1440098484060,"131,111",75% bearish,of 4 ratings,$44
FSV,$32.1,1440098484131,"5,045",Not yet rated,NULL,$33.60
FIVN,$4.105,1440098484161,"260,500",100% bullish,of 1 rating,$8.50
FPRX,$18.19,1440098484194,"170,565",50% bullish,of 2 ratings,$35
FLML,$21.19,1440098484217,"112,614",50% bullish,of 2 ratings,$30
FLKS,$13.97,1440098484254,"44,997",50% bullish,of 2 ratings,$27
FLXN,$24.26,1440098484293,"62,165",100% bearish,of 1 rating,$40
SKOR,$50.5,1440098484351,200,Not yet rated,NULL,N/A
MBSD,$24.932,1440098484479,805,Not yet rated,NULL,N/A
FLEX,$10.79,1440098484613,"1,246,253",63% bullish,of 8 ratings,$12
FLXS,$32.3,1440098484650,"31,581",100% bearish,of 2 ratings,N/A
FLIR,$29.72,1440098484672,"371,413",100% bearish,of 1 rating,$38.50
FLDM,$12.6,1440098484702,"344,582",67% bearish,of 3 ratings,$21.50
FFIC,$20.41,1440098484757,"12,874",Not yet rated,NULL,$21
FOMX,$9.8,1440098485049,"268,259",50% bullish,of 2 ratings,$23.50
FES,$0.9484,1440098485078,300,50% bullish,of 2 ratings,$1
FONR,$9.81,1440098485105,"20,166",100% bullish,of 1 rating,N/A
FORM,$6.1,1440098485137,"82,970",67% bullish,of 3 ratings,$10.50
FOGO,$18.82,1440098485166,"89,604",50% bullish,of 2 ratings,$25.50
FORR,$32.53,1440098485237,"15,170",Not yet rated,NULL,N/A
FBIO,$2.76,1440098485301,"83,192",83% bullish,of 6 ratings,N/A
FORTY,$31.81,1440098485381,200,Not yet rated,NULL,N/A
FTNT,$44.77,1440098485590,"1,043,765",80% bullish,of 10 ratings,$52
FWRD,$47.53,1440098485619,"190,322",100% bearish,of 1 rating,$50
FORD,$1.05,1440098485659,"174,625",50% bullish,of 2 ratings,N/A
FOSL,$60.9,1440098485718,"473,053",50% bullish,of 4 ratings,$70
FWP,$25.49,1440098485802,"7,926",100% bearish,of 1 rating,$45
FMI,$20.07,1440098485832,"90,401",100% bearish,of 2 ratings,$27.50
FXCB,$17.27,1440098485935,"3,384",Not yet rated,NULL,$19
FOXF,$15.4,1440098486019,"21,385",100% bearish,of 1 rating,$19
FRAN,$10.22,1440098486085,"300,807",50% bullish,of 4 ratings,$15
FELE,$29.38,1440098486234,"129,142",50% bullish,of 4 ratings,$33
RAIL,$20.4,1440098486366,"45,613",100% bearish,of 1 rating,$24.50
FREE,$0.508,1440098486393,"2,199,155",92% bullish,of 12 ratings,N/A
FRED,$14.35,1440098486415,"64,607",50% bullish,of 2 ratings,$16.50
FRPT,$13.28,1440098486593,"172,281",67% bearish,of 3 ratings,$23.50
FEIM,$11.11,1440098486667,"4,099",100% bearish,of 1 rating,N/A
FRPH,$31.02,1440098486732,447,100% bearish,of 1 rating,N/A
FTR,$5.27,1440098486759,"10,470,713",78% bullish,of 27 ratings,$6.25
FTRPR,$103.51,1440098486810,"107,248",100% bearish,of 1 rating,N/A
FSYS,$6.5,1440098486836,"33,203",67% bullish,of 3 ratings,$10
FSBW,$23.2,1440098486894,101,Not yet rated,NULL,N/A
FTEK,$2.28,1440098487026,"23,225",75% bullish,of 4 ratings,N/A
FCEL,$0.7785,1440098487168,"626,137",88% bullish,of 40 ratings,$2.65
FULL,$3.1801,1440098487196,"11,035",67% bearish,of 3 ratings,$4.25
FULLL,$25.37,1440098487223,"2,900",Not yet rated,NULL,N/A
FTD,$30.04,1440098487249,"32,013",100% bearish,of 1 rating,$40
FLL,$1.55,1440098487397,"124,002",75% bullish,of 4 ratings,$2.825
FFHL,NULL,1440098487605,0,50% bullish,of 4 ratings,N/A
FSNN,$2.55,1440098487634,"2,200",67% bullish,of 3 ratings,$6
FXEN,$0.971,1440098487661,"49,970",75% bullish,of 4 ratings,$1.10
FXENP,$16.25,1440098487717,600,100% bearish,of 1 rating,N/A
FULT,$12.57,1440098487795,"361,590",100% bearish,of 1 rating,$13
GAIA,$5.8848,1440098487824,"11,565",50% bullish,of 2 ratings,$8.50
GK,$71,1440098487853,"16,318",Not yet rated,NULL,$78
WILC,$5.1499,1440098487879,"5,470",100% bullish,of 2 ratings,N/A
GLPG,$63.8664,1440098488025,"6,422",100% bullish,of 1 rating,$75
GALTU,NULL,1440098488199,0,100% bearish,of 1 rating,N/A
GALT,$1.9901,1440098488225,"65,311",80% bullish,of 5 ratings,N/A
GALTW,$0.65,1440098488251,300,100% bullish,of 1 rating,N/A
GALE,$1.35,1440098488277,"748,188",89% bullish,of 47 ratings,$4
GLMD,$8.5366,1440098488515,"2,071",67% bullish,of 3 ratings,$20.50
GLPI,$32.53,1440098488572,"210,656",100% bearish,of 1 rating,$37.50
GPIC,$10.38,1440098488658,400,100% bearish,of 1 rating,N/A
GRMN,$39.22,1440098488719,"348,961",50% bullish,of 6 ratings,$48
GGACW,$0.12,1440098488758,500,Not yet rated,NULL,N/A
GGAC,NULL,1440098488787,0,100% bearish,of 1 rating,N/A
GGACR,NULL,1440098488853,0,100% bullish,of 1 rating,N/A
GGACU,NULL,1440098488880,0,Not yet rated,NULL,N/A
GARS,$14.8,1440098489043,"11,699",Not yet rated,NULL,$16
GENC,$9.5001,1440098489260,600,100% bearish,of 1 rating,N/A
GFN,$3.7916,1440098489294,"17,881",100% bearish,of 2 ratings,$8
GENE,$2.56,1440098489323,"161,697",100% bullish,of 12 ratings,N/A
GNCMA,$16.92,1440098489350,"45,736",100% bearish,of 1 rating,$12
GNMK,$9.15,1440098489381,"102,948",67% bullish,of 6 ratings,$14
GFNCP,NULL,1440098489409,0,Not yet rated,NULL,N/A
GHDX,$25.23,1440098489482,"71,611",50% bullish,of 2 ratings,$30
GFNSL,$25.52,1440098489537,"3,000",Not yet rated,NULL,N/A
GNCA,$12.25,1440098489673,"105,780",100% bearish,of 1 rating,$20
GNTX,$15.385,1440098489832,"839,596",Not yet rated,NULL,$20
THRM,$44.985,1440098489859,"133,887",75% bearish,of 4 ratings,$55.50
GNVC,$2.41,1440098489925,"4,010",90% bullish,of 10 ratings,$8.50
GTWN,$18.57,1440098489951,1,Not yet rated,NULL,N/A
GABC,$29.52,1440098490097,"9,024",Not yet rated,NULL,$31.50
GEOS,$15,1440098490124,"86,261",100% bearish,of 3 ratings,$25.50
GERN,$3.03,1440098490175,"550,608",88% bullish,of 16 ratings,$5.25
GEVO,$2.29,1440098490205,"229,628",75% bullish,of 12 ratings,$5
GIGM,$0.6211,1440098490304,"24,492",100% bullish,of 2 ratings,N/A
ROCK,$18.03,1440098490344,"25,668",80% bullish,of 5 ratings,$24
GIGA,$1.53,1440098490447,"87,111",100% bearish,of 1 rating,N/A
GIII,$67.7416,1440098490477,"57,273",67% bullish,of 3 ratings,$75
GILD,$113.39,1440098490515,"3,527,858",91% bullish,of 86 ratings,$129
GILT,$4.48,1440098490578,"10,906",50% bullish,of 2 ratings,N/A
GBCI,$26.5,1440098490620,"142,782",50% bullish,of 2 ratings,$31
GLAD,$8.335,1440098490818,"44,526",50% bullish,of 2 ratings,$8.75
GLADO,$25.49,1440098490972,"1,666",Not yet rated,NULL,N/A
GOOD,$15.61,1440098491000,"15,506",Not yet rated,NULL,$19
GOODN,$25.6499,1440098491030,400,Not yet rated,NULL,N/A
GOODP,NULL,1440098491136,0,Not yet rated,NULL,N/A
GOODO,NULL,1440098491191,0,Not yet rated,NULL,N/A
GAIN,$7.63,1440098491219,"126,104",100% bullish,of 2 ratings,$8.25
GAINP,$26.065,1440098491350,"1,222",Not yet rated,NULL,N/A
GAINO,$25.7499,1440098491380,200,Not yet rated,NULL,N/A
GAINN,$25.36,1440098491402,"61,511",Not yet rated,NULL,N/A
LAND,$9.52,1440098491441,"11,391",50% bullish,of 2 ratings,$13.75
GLBZ,NULL,1440098491538,0,Not yet rated,NULL,N/A
GDEF,NULL,1440098491682,0,Not yet rated,NULL,N/A
GBT,$44.565,1440098491742,"81,837",100% bearish,of 1 rating,N/A
ENT,$11.48,1440098491768,"273,795",100% bearish,of 1 rating,$18
GBLI,$26.37,1440098491817,"7,300",Not yet rated,NULL,N/A
QQQC,$20.1959,1440098492019,"8,373",100% bearish,of 1 rating,N/A
GPACU,NULL,1440098492051,0,Not yet rated,NULL,N/A
GSOL,$8.39,1440098492180,"6,147",100% bearish,of 1 rating,N/A
SRET,$13.85,1440098492282,"1,301",Not yet rated,NULL,N/A
ACTX,$13.78,1440098492313,"1,051",100% bullish,of 1 rating,N/A
ALTY,NULL,1440098492339,0,Not yet rated,NULL,N/A
YLCO,$12.0001,1440098492374,400,Not yet rated,NULL,N/A
SOCL,$17.77,1440098492400,"44,171",100% bullish,of 2 ratings,N/A
GAI,$5.4001,1440098492445,"1,762",50% bullish,of 2 ratings,N/A
GSM,$13.48,1440098492548,"226,421",50% bullish,of 2 ratings,$24.50
GBIM,$2.237,1440098492593,"10,293",50% bullish,of 2 ratings,N/A
GLBS,$1.0701,1440098492775,"7,000",67% bullish,of 3 ratings,N/A
GLYC,$7.21,1440098492950,"1,812",50% bullish,of 2 ratings,$14
GLUU,$4.52,1440098493037,"1,906,990",92% bullish,of 26 ratings,$9
GLDC,$4.0544,1440098493069,400,50% bullish,of 2 ratings,N/A
GLRI,$1.15,1440098493092,"3,689",100% bearish,of 1 rating,$6
GOGO,$15.75,1440098493114,"424,884",80% bullish,of 5 ratings,$25
GLNG,$36.99,1440098493150,"358,700",83% bullish,of 6 ratings,$58
GMLP,$19.455,1440098493172,"127,515",50% bullish,of 4 ratings,$32.50
GDEN,$8.79,1440098493314,"6,595",50% bullish,of 2 ratings,N/A
GOGL,$3.2094,1440098493451,"199,136",75% bullish,of 4 ratings,$5
GBDC,$16.515,1440098493487,"40,260",Not yet rated,NULL,$17.75
GOOGL,$682.32,1440098493584,"849,273",88% bullish,of 1079 ratings,$749
GOOG,$649.52,1440098493607,"859,869",89% bullish,of 65 ratings,$825
GTIM,$6.1401,1440098493685,"70,497",Not yet rated,NULL,$11.50
GPRO,$50.865,1440098493781,"4,742,528",78% bullish,of 58 ratings,$72
GMAN,$4.41,1440098493872,"38,224",60% bullish,of 5 ratings,$8
GPIAU,NULL,1440098493938,0,Not yet rated,NULL,N/A
GPIAW,NULL,1440098494013,0,Not yet rated,NULL,N/A
GRVY,$3.67,1440098494044,519,50% bullish,of 2 ratings,N/A
LOPE,$36.985,1440098494118,"134,205",100% bearish,of 2 ratings,$50
GPIA,NULL,1440098494178,0,Not yet rated,NULL,N/A
GBSN,$2.0431,1440098494250,"79,178",100% bearish,of 1 rating,$8.25
GBSNU,$17.25,1440098494276,"3,550",Not yet rated,NULL,N/A
GLDD,$5.43,1440098494466,"110,688",100% bearish,of 4 ratings,$7.75
GSBC,$40.621,1440098494549,"13,536",100% bullish,of 1 rating,$44
GNBC,$12.41,1440098494741,"13,379",100% bearish,of 1 rating,$17
GRBK,$13.49,1440098494768,"104,265",77% bullish,of 13 ratings,N/A
GCBC,NULL,1440098494902,0,100% bullish,of 1 rating,N/A
GPRE,$19.82,1440098494924,"389,524",67% bullish,of 6 ratings,$28.50
GPP,$14.805,1440098494960,"38,903",Not yet rated,NULL,$20.50
GLRE,$25.75,1440098495006,"101,336",100% bullish,of 1 rating,$41
GRIF,NULL,1440098495069,0,100% bearish,of 1 rating,N/A
GRFS,$31.04,1440098495150,"52,750",50% bullish,of 2 ratings,$35
GRPN,$4.055,1440098495217,"4,246,463",61% bullish,of 71 ratings,$6.75
OMAB,$40.36,1440098495279,"18,561",100% bullish,of 1 rating,$44
GGAL,$18.99,1440098495353,"154,447",80% bullish,of 5 ratings,$40
GSIG,$13.15,1440098495382,"14,360",100% bearish,of 2 ratings,N/A
GSVC,$9.27,1440098495546,"36,522",50% bullish,of 2 ratings,$14.50
GSIT,$4.84,1440098495621,"6,732",100% bearish,of 1 rating,N/A
GTXI,$0.92,1440098495648,"56,441",100% bullish,of 5 ratings,$.75
GBNK,$15.79,1440098495726,"17,180",100% bearish,of 1 rating,$18
GFED,$14.8443,1440098495874,"1,000",Not yet rated,NULL,$17
GULTU,$0.3,1440098495955,"3,468,153",100% bearish,of 1 rating,N/A
GIFI,$12.22,1440098495987,"28,180",100% bearish,of 1 rating,$16
GUID,$7.834,1440098496014,"66,833",100% bearish,of 3 ratings,$10
GWPH,$103.9149,1440098496150,"251,910",78% bullish,of 9 ratings,$148.50
GURE,$1.722,1440098496212,"49,752",88% bullish,of 8 ratings,N/A
GPOR,$33.8,1440098496239,"528,801",75% bullish,of 4 ratings,$55
GYRO,$2.91,1440098496267,"14,026",100% bearish,of 1 rating,N/A
GWGH,$7.55,1440098496294,200,100% bearish,of 1 rating,$15.05
HEES,$16.41,1440098496499,"164,620",67% bearish,of 3 ratings,$31
HLG,$9.3,1440098496605,"2,100",100% bearish,of 1 rating,N/A
HNRG,$7.25,1440098496643,"117,438",100% bearish,of 1 rating,$10
HBK,$13.77,1440098496735,"1,050",50% bullish,of 2 ratings,N/A
HMPR,$1.9,1440098496761,"192,605",100% bullish,of 1 rating,N/A
HALL,$11.61,1440098496792,"3,958",Not yet rated,NULL,N/A
HALO,$17.59,1440098496814,"648,064",67% bullish,of 3 ratings,$22.50
HBHC,$27.25,1440098496946,"144,001",50% bullish,of 2 ratings,$30
HBHCL,$24.545,1440098497010,"15,453",Not yet rated,NULL,N/A
HNSN,$0.5101,1440098497103,"28,163",88% bullish,of 8 ratings,$.40
HAFC,$24.77,1440098497193,"36,193",100% bullish,of 2 ratings,$28.50
HQCL,$9.68,1440098497222,"14,590",67% bullish,of 3 ratings,N/A
HNH,$28.48,1440098497272,"8,469",100% bullish,of 1 rating,N/A
HDNG,$10.2299,1440098497365,"5,039",50% bullish,of 4 ratings,N/A
HLIT,$5.66,1440098497400,"99,645",100% bearish,of 1 rating,$6.50
HRMN,NULL,1440098497547,0,Not yet rated,NULL,N/A
HRMNU,NULL,1440098497610,0,Not yet rated,NULL,N/A
TINY,$2.4416,1440098497645,"23,049",50% bullish,of 2 ratings,$5.26
HRMNW,NULL,1440098497692,0,Not yet rated,NULL,N/A
HCAP,$12.114,1440098497819,"4,439",50% bullish,of 2 ratings,$15
HART,$0.64,1440098497845,"93,778",100% bearish,of 1 rating,N/A
HCAPL,$25.51,1440098497901,"1,087",Not yet rated,NULL,N/A
HBIO,$4.33,1440098497935,"17,708",Not yet rated,NULL,$10
HAS,$78.1753,1440098498053,"304,313",63% bullish,of 8 ratings,$84.50
HA,$24.64,1440098498084,"305,180",67% bullish,of 9 ratings,$27
HCOM,$22.52,1440098498111,"2,768",100% bearish,of 1 rating,$28
HWKN,$36.32,1440098498339,"7,933",Not yet rated,NULL,N/A
HWBK,$13.49,1440098498370,328,100% bearish,of 1 rating,N/A
HAYN,$38.74,1440098498397,"33,679",100% bearish,of 1 rating,$59
HDS,$33.77,1440098498431,"643,457",100% bearish,of 2 ratings,$39.50
HIIQ,$4.54,1440098498532,"35,047",50% bullish,of 2 ratings,$7
HCSG,$33.8675,1440098498940,"64,325",50% bullish,of 4 ratings,$35
HQY,$30.85,1440098498969,"146,175",67% bullish,of 3 ratings,$31
HTBX,$5.4,1440098499001,"19,582",50% bullish,of 2 ratings,$15.50
HTLF,$36.49,1440098499037,"23,156",100% bullish,of 1 rating,$39.50
HSTM,$24.965,1440098499059,"63,938",50% bullish,of 2 ratings,$33.75
HTLD,$20.52,1440098499093,"224,541",Not yet rated,NULL,$22.50
HTWR,$85.2,1440098499122,"110,398",50% bullish,of 2 ratings,$103
HWAY,$12.405,1440098499148,"143,076",100% bearish,of 1 rating,$15
HSII,$20.28,1440098499410,"40,405",100% bullish,of 3 ratings,$25
HELE,$89.67,1440098499461,"100,192",67% bearish,of 3 ratings,$100
HMNY,$2.29,1440098499542,"1,100",100% bearish,of 1 rating,N/A
HNNA,$23,1440098499602,"7,748",Not yet rated,NULL,N/A
HMTV,$12.868,1440098499761,"1,706",100% bearish,of 1 rating,$16
HCACU,$10.02,1440098499796,200,Not yet rated,NULL,N/A
HERO,$0.066,1440098499818,"805,980",81% bullish,of 16 ratings,$.75
HSIC,$143.1,1440098499862,"125,791",83% bullish,of 6 ratings,$146
HFWA,$17.87,1440098499896,"9,010",100% bullish,of 1 rating,$20
HTBK,$10.78,1440098499921,"31,138",Not yet rated,NULL,$12
MLHR,$28.58,1440098500003,"84,268",50% bullish,of 2 ratings,$33.50
HEOP,$7.86,1440098500057,"5,252",Not yet rated,NULL,$8.50
HRTX,$33.01,1440098500106,"280,583",67% bullish,of 6 ratings,$41
HCCI,$11.72,1440098500208,"5,554",100% bearish,of 1 rating,$16.50
HFFC,$16.2,1440098500296,"2,402",Not yet rated,NULL,N/A
HSKA,$33.67,1440098500322,"22,688",100% bearish,of 1 rating,$38
HIBB,$39.32,1440098500562,"142,809",100% bearish,of 1 rating,$48.50
HIMX,$6.53,1440098500633,"1,460,712",86% bullish,of 21 ratings,$8.50
HMSY,$9.19,1440098500661,"588,353",67% bullish,of 3 ratings,$19.35
HPJ,$2.61,1440098500693,"15,045",75% bullish,of 4 ratings,$12.43
HIFS,$119.2,1440098500722,"9,660",Not yet rated,NULL,N/A
HIHO,$4.1,1440098500750,"10,915",Not yet rated,NULL,N/A
HMNF,$11.11,1440098500790,300,Not yet rated,NULL,N/A
HOLI,$17.38,1440098500893,"187,283",50% bullish,of 4 ratings,$27
HSGX,$6.0001,1440098500956,"3,400",100% bearish,of 1 rating,$17
HOLX,$41.105,1440098501061,"593,125",67% bullish,of 3 ratings,$42
HOMB,$39.63,1440098501205,"40,282",Not yet rated,NULL,$41
HFBL,$21.8,1440098501278,"13,061",Not yet rated,NULL,N/A
HBCP,$24.29,1440098501367,"1,645",Not yet rated,NULL,$29
AWAY,$30.01,1440098501398,"350,303",67% bullish,of 3 ratings,$36
HMIN,$29.28,1440098501499,"69,695",100% bearish,of 2 ratings,$35
HMST,$21.2,1440098501550,"51,441",100% bullish,of 2 ratings,$27
HKTV,$4.9101,1440098501631,"15,500",100% bearish,of 1 rating,N/A
HTBI,$18.4,1440098501657,"26,455",67% bullish,of 3 ratings,$18.625
CETC,$0.8216,1440098501702,"69,825",86% bullish,of 7 ratings,N/A
HOFT,$24.4132,1440098501803,"15,258",100% bearish,of 1 rating,N/A
HFBC,$11.5,1440098501829,"3,400",Not yet rated,NULL,N/A
HBNC,$24.49,1440098501863,"19,626",100% bullish,of 1 rating,$27
HRZN,$10.86,1440098501966,"38,461",100% bearish,of 1 rating,$14.25
HZNP,$30.1,1440098502047,"949,954",85% bullish,of 20 ratings,$40
ZINC,$7.465,1440098502197,"336,873",100% bearish,of 1 rating,$17
HMHC,$22.38,1440098502298,"206,418",Not yet rated,NULL,$27
HBMD,NULL,1440098502397,0,100% bearish,of 1 rating,N/A
HOVNP,NULL,1440098502484,0,100% bearish,of 1 rating,N/A
HDP,$25.6325,1440098502593,"196,964",67% bearish,of 3 ratings,$30.50
HTGM,$5.67,1440098502623,"9,489",100% bearish,of 1 rating,$19.50
HWCC,$7.27,1440098502657,"37,343",100% bearish,of 1 rating,$9
HSNI,$62,1440098502723,"104,219",Not yet rated,NULL,$80
HSON,$2.87,1440098502752,"8,631",100% bearish,of 1 rating,$5
HUBG,$39.89,1440098502784,"104,198",100% bearish,of 1 rating,$43
HCBK,$9.89,1440098502916,"774,548",83% bullish,of 6 ratings,$8.61
HDSN,$2.87,1440098502983,"43,824",100% bullish,of 1 rating,$6.25
HBAN,$11.35,1440098503084,"2,961,506",76% bullish,of 17 ratings,$12.50
HBANP,$1358,1440098503153,79,100% bearish,of 1 rating,N/A
HURC,$30.12,1440098503229,"9,896",100% bearish,of 1 rating,N/A
HDRA,$9.69,1440098503425,100,Not yet rated,NULL,N/A
HURN,$74.1,1440098503454,"43,407",50% bullish,of 2 ratings,$80
HBP,$3.2324,1440098503487,"3,400",100% bullish,of 1 rating,N/A
HTCH,$1.63,1440098503530,"32,330",100% bearish,of 1 rating,$3.50
HDRAR,$0.3701,1440098503561,"1,700",Not yet rated,NULL,N/A
HDRAU,$10.1,1440098503635,"5,825",Not yet rated,NULL,N/A
HDRAW,NULL,1440098503691,0,Not yet rated,NULL,N/A
HYGS,$7.41,1440098503717,"18,682",50% bullish,of 2 ratings,$13
IDSY,$3.845,1440098503856,"13,788",100% bearish,of 1 rating,$7
IKGH,$1.7501,1440098503947,"4,900",75% bullish,of 4 ratings,N/A
IACI,$71.545,1440098504081,"450,635",75% bullish,of 4 ratings,$90
IEP,$69.1788,1440098504152,"99,468",75% bullish,of 4 ratings,$99
ICAD,$3.51,1440098504181,"20,635",50% bullish,of 2 ratings,$7.25
IBKC,$61.59,1440098504208,"61,806",100% bullish,of 1 rating,$70
ICFI,$36.25,1440098504235,"49,495",50% bullish,of 2 ratings,$48.50
ICLR,$78.9,1440098504365,"179,794",100% bearish,of 3 ratings,$85
ICON,$12.79,1440098504392,"295,632",50% bullish,of 2 ratings,$18.50
ICUI,$118.17,1440098504523,"66,584",Not yet rated,NULL,$122
INVE,$4.655,1440098504581,"53,107",75% bullish,of 4 ratings,$4
IPWR,$7.33,1440098504620,"5,940",100% bullish,of 1 rating,$15
IDRA,$2.53,1440098504648,"1,247,396",89% bullish,of 9 ratings,$6.50
IDXX,$76.469,1440098504675,"250,114",100% bearish,of 1 rating,$77
IROQ,$16.5101,1440098504832,400,100% bullish,of 1 rating,N/A
DSKY,$12.1,1440098504923,"368,614",67% bullish,of 6 ratings,$11.50
RXDX,$12.32,1440098505002,"96,071",100% bullish,of 1 rating,$20
IRG,$4.81,1440098505028,"19,679",100% bearish,of 1 rating,$4.50
IIVI,$17.88,1440098505086,"109,251",100% bearish,of 1 rating,$22
KANG,$15.53,1440098505219,"291,249",50% bullish,of 2 ratings,$22.55
IKAN,$2.72,1440098505346,"33,500",83% bullish,of 6 ratings,$5
ILMN,$201.13,1440098505434,"396,309",80% bullish,of 5 ratings,$240
IKNX,NULL,1440098505495,0,100% bearish,of 1 rating,N/A
IMMR,$11.39,1440098505517,"150,059",80% bullish,of 5 ratings,$15.50
ISNS,$3.84,1440098505540,"41,265",50% bullish,of 2 ratings,N/A
IMDZ,$15.69,1440098505581,"75,781",100% bearish,of 1 rating,$33
ICCC,$8.174,1440098505608,"10,459",100% bullish,of 1 rating,N/A
IMNP,$1.4443,1440098505676,"84,704",50% bullish,of 2 ratings,$6
IPXL,$44.2,1440098505843,"299,807",67% bullish,of 3 ratings,$46.50
IMGN,$12.745,1440098505873,"420,248",75% bullish,of 4 ratings,$17.50
IMMU,$1.7499,1440098505896,"329,828",86% bullish,of 7 ratings,$2
IMMY,$7.39,1440098506186,"13,488",100% bearish,of 1 rating,$11
INCY,$108.95,1440098506215,"564,220",50% bullish,of 6 ratings,$125.50
INCR,$43.3101,1440098506247,"192,054",50% bullish,of 2 ratings,$53
INDB,$47.23,1440098506281,"33,831",Not yet rated,NULL,$44
SAAS,$7.56,1440098506310,"230,374",50% bullish,of 2 ratings,$15
IBCP,$14.23,1440098506332,"14,492",100% bullish,of 1 rating,$14.50
INFN,$22,1440098506378,"1,812,627",71% bullish,of 7 ratings,$28
IBTX,$43.37,1440098506406,"20,834",100% bullish,of 2 ratings,$47.25
INFI,$9.01,1440098506668,"387,027",50% bullish,of 4 ratings,$18
IDSA,$3.73,1440098506703,"5,227",Not yet rated,NULL,N/A
IPCC,$80.98,1440098506754,"15,004",Not yet rated,NULL,$77.50
III,$4.215,1440098506781,"72,098",57% bullish,of 7 ratings,$6
IFON,$1.22,1440098506925,"143,527",75% bullish,of 4 ratings,N/A
INNL,$12.63,1440098506955,588,100% bearish,of 1 rating,$16.50
INWK,$7.45,1440098506981,"60,170",50% bullish,of 2 ratings,$10
IMKTA,$54.05,1440098507028,"42,810",100% bearish,of 1 rating,N/A
IPHS,$49.03,1440098507128,"26,950",100% bearish,of 1 rating,$60
IOSP,$46.34,1440098507162,"54,083",100% bearish,of 1 rating,N/A
INOD,$2.518,1440098507188,"29,817",100% bearish,of 1 rating,N/A
ISSC,$2.92,1440098507303,"9,062",67% bearish,of 3 ratings,N/A
ITEK,$14.46,1440098507332,"354,758",100% bearish,of 3 ratings,$20
INGN,$49.49,1440098507353,"77,701",100% bearish,of 1 rating,$50.50
INOV,$21.09,1440098507408,"158,164",100% bearish,of 1 rating,$33
INO,$7.1685,1440098507597,"762,767",89% bullish,of 18 ratings,$20
NSIT,$26.2,1440098507641,"51,861",50% bullish,of 2 ratings,N/A
INSY,$32.72,1440098507885,"453,991",75% bullish,of 4 ratings,$48
INSM,$25.95,1440098507918,"91,990",71% bullish,of 7 ratings,$31.50
PODD,$29.3,1440098507940,"264,177",50% bullish,of 2 ratings,$35
ISIG,$2.59,1440098507975,"15,350",100% bearish,of 1 rating,N/A
IIIN,$17.72,1440098507997,"32,121",100% bearish,of 2 ratings,N/A
NTEC,$5.91,1440098508085,"12,478",Not yet rated,NULL,N/A
IART,$60.55,1440098508129,"112,807",100% bearish,of 1 rating,$71.50
ISSI,$22.32,1440098508290,"265,707",67% bullish,of 3 ratings,$19.75
IDTI,$17.7101,1440098508329,"1,666,417",60% bullish,of 5 ratings,$25
IESC,$7.2,1440098508377,"2,100",100% bearish,of 1 rating,N/A
INTC,$27.61,1440098508425,"12,801,762",82% bullish,of 238 ratings,$36
IQNT,$19.27,1440098508454,"361,380",86% bullish,of 7 ratings,$20
IPCI,$2.17,1440098508480,"26,971",67% bullish,of 6 ratings,$7.75
IPAR,$28.19,1440098508758,"26,784",67% bullish,of 3 ratings,$38
ININ,$39.64,1440098508819,"63,357",67% bearish,of 3 ratings,$57
ICLD,$1.8001,1440098508855,"200,848",75% bullish,of 4 ratings,N/A
ICPT,$200.25,1440098508877,"173,213",70% bullish,of 10 ratings,$359.50
IBKR,$40.415,1440098508908,"308,807",100% bullish,of 1 rating,N/A
ICLDW,NULL,1440098508938,0,100% bearish,of 1 rating,N/A
IDCC,$48.66,1440098508969,"94,171",80% bullish,of 5 ratings,$63
TILE,$24.7,1440098509097,"301,355",67% bearish,of 3 ratings,$27
INAP,$8.635,1440098509305,"71,091",75% bullish,of 4 ratings,$11
IMI,$1.9799,1440098509331,"1,810",67% bullish,of 3 ratings,$2.22
IBOC,$26.45,1440098509360,"82,752",100% bearish,of 1 rating,N/A
ISCA,$32.11,1440098509391,"26,587",100% bearish,of 1 rating,N/A
IGLD,$7.2246,1440098509494,"2,712",50% bullish,of 2 ratings,N/A
PTNT,$3,1440098509562,810,Not yet rated,NULL,N/A
IIJI,$9.23,1440098509597,400,50% bullish,of 2 ratings,$11.50
INTX,$2.5,1440098509729,"5,918",67% bullish,of 3 ratings,N/A
ISIL,$10.38,1440098509765,"344,631",50% bullish,of 6 ratings,$15
INPH,$0.3248,1440098509787,"12,518",50% bullish,of 2 ratings,N/A
IILG,$20.89,1440098509861,"39,720",100% bearish,of 1 rating,$30.50
XENT,$27.92,1440098509898,"112,388",50% bullish,of 2 ratings,$36.50
IVAC,$4.98,1440098509993,"11,728",Not yet rated,NULL,$6.625
INTL,$26.99,1440098510151,"33,320",67% bearish,of 3 ratings,N/A
INTLL,$25.94,1440098510181,627,Not yet rated,NULL,N/A
ITCI,$28.78,1440098510209,"264,211",75% bearish,of 4 ratings,$40
IIN,$6.42,1440098510367,510,100% bearish,of 1 rating,$12
INVT,$0.275,1440098510393,"50,135",67% bullish,of 3 ratings,N/A
ISRG,$516.01,1440098510435,"62,441",67% bullish,of 3 ratings,$600
INTU,$103.51,1440098510523,"423,763",100% bullish,of 7 ratings,$110.50
SNAK,$8.62,1440098510584,"62,883",50% bullish,of 2 ratings,$14
ISTR,$15.59,1440098510725,"1,716",100% bearish,of 1 rating,$18.50
ISBC,$11.985,1440098510757,"1,253,120",100% bullish,of 1 rating,$13.25
NVIV,$10.9,1440098510779,"200,861",50% bullish,of 4 ratings,$24.50
ITIC,NULL,1440098510809,0,100% bearish,of 2 ratings,N/A
IVTY,$12.65,1440098510858,"21,973",Not yet rated,NULL,$18
IPAS,$1.061,1440098511029,"15,268",67% bullish,of 3 ratings,N/A
DFVL,NULL,1440098511325,0,Not yet rated,NULL,N/A
IPGP,$87.185,1440098511356,"96,509",100% bearish,of 2 ratings,$109.50
DTUL,NULL,1440098511386,0,Not yet rated,NULL,N/A
IPCM,$79.12,1440098511452,"161,402",50% bullish,of 2 ratings,$80.125
IRMD,$25.33,1440098511485,"17,481",67% bearish,of 3 ratings,$25
IRDM,$6.69,1440098511530,"261,427",60% bullish,of 5 ratings,$11.50
IRIX,$7.16,1440098511562,"16,200",100% bearish,of 1 rating,N/A
IRDMB,$267.5,1440098511662,120,67% bearish,of 3 ratings,N/A
IRCP,$33.5,1440098511804,957,100% bullish,of 2 ratings,N/A
IRBT,$29.99,1440098511832,"107,679",67% bullish,of 6 ratings,$37
IRWD,$11.0401,1440098511854,"657,709",100% bearish,of 1 rating,$13
GNMA,$50.066,1440098512000,"3,218",Not yet rated,NULL,N/A
FCHI,$47.9,1440098512038,470,Not yet rated,NULL,N/A
COMT,$33.08,1440098512065,"4,200",100% bearish,of 1 rating,N/A
IFAS,$28.62,1440098512201,"1,100",Not yet rated,NULL,N/A
IFEU,$39.9424,1440098512250,"4,444",Not yet rated,NULL,N/A
IFNA,$56.045,1440098512385,"5,100",Not yet rated,NULL,N/A
ACWI,$57.39,1440098512454,"555,696",Not yet rated,NULL,N/A
ACWX,$41.59,1440098512491,"469,452",100% bearish,of 1 rating,N/A
AXJS,NULL,1440098512623,0,Not yet rated,NULL,N/A
IFGL,$29.53,1440098512654,"51,583",Not yet rated,NULL,N/A
AAIT,$30.2135,1440098512721,306,100% bullish,of 1 rating,N/A
EEMA,$50.6999,1440098512752,"15,709",Not yet rated,NULL,N/A
AAXJ,$53.85,1440098512780,"1,069,558",Not yet rated,NULL,N/A
EMDI,$44.2402,1440098512913,860,Not yet rated,NULL,N/A
EEME,$39.8999,1440098512940,"1,093",100% bearish,of 1 rating,N/A
EMEY,$24.405,1440098513072,680,Not yet rated,NULL,N/A
EGRW,$47.6799,1440098513137,"5,262",Not yet rated,NULL,N/A
EUFN,$22.42,1440098513223,"110,174",100% bearish,of 1 rating,N/A
EEML,$28.36,1440098513248,"1,220",Not yet rated,NULL,N/A
EVAL,$36.192,1440098513298,"4,344",Not yet rated,NULL,N/A
QAT,NULL,1440098513401,0,Not yet rated,NULL,N/A
IEUS,$46.2759,1440098513433,"2,277",100% bearish,of 1 rating,N/A
IBB,$354.4,1440098513534,"715,674",63% bullish,of 8 ratings,N/A
UAE,$18.16,1440098513566,"5,850",Not yet rated,NULL,N/A
EMIF,$29.22,1440098513666,"7,369",Not yet rated,NULL,N/A
SOXX,$81.02,1440098513716,"437,516",50% bullish,of 2 ratings,N/A
ICLN,$9.6879,1440098513747,"22,530",50% bullish,of 2 ratings,N/A
WOOD,$50.3,1440098513846,"10,521",50% bullish,of 2 ratings,N/A
INDY,$28.985,1440098513873,"258,079",100% bullish,of 1 rating,N/A
IGOV,$91.23,1440098513939,"12,116",100% bearish,of 1 rating,N/A
ISHG,$79.31,1440098513965,"1,975",100% bearish,of 1 rating,N/A
ISIS,$47.69,1440098514037,"607,051",53% bullish,of 15 ratings,$67
ISLE,$17.38,1440098514137,"133,913",50% bullish,of 4 ratings,$16
ISRL,$136.99,1440098514182,121,100% bearish,of 1 rating,N/A
ITRI,$32.42,1440098514314,"126,695",Not yet rated,NULL,$37
ITUS,$4.4599,1440098514375,"4,300",Not yet rated,NULL,N/A
ITRN,$24.8,1440098514456,"2,678",50% bullish,of 2 ratings,N/A
XXIA,$15.595,1440098514533,"172,678",71% bullish,of 7 ratings,$14.625
JJSF,$116.9,1440098514561,"15,428",100% bearish,of 1 rating,N/A
IXYS,$10.7,1440098514583,"145,847",50% bullish,of 4 ratings,N/A
MAYS,$59,1440098514638,100,Not yet rated,NULL,N/A
JBHT,$78.43,1440098514724,"396,330",50% bullish,of 4 ratings,$89.50
JCOM,$71.36,1440098514771,"64,061",100% bullish,of 2 ratings,$77
JASO,$7.69,1440098514853,"551,003",82% bullish,of 17 ratings,$10
JKHY,$70.4,1440098514951,"88,714",50% bullish,of 2 ratings,$72
JACK,$84.25,1440098514996,"274,713",83% bullish,of 6 ratings,$105
JXSB,NULL,1440098515123,0,Not yet rated,NULL,N/A
JAGX,$2.99,1440098515228,"5,200",Not yet rated,NULL,N/A
JAXB,$13,1440098515332,"11,111",100% bullish,of 1 rating,N/A
JAKK,$9.53,1440098515360,"422,007",60% bearish,of 5 ratings,$10.50
JMBA,$13.36,1440098515438,"65,538",75% bullish,of 4 ratings,$18
JRVR,$26.57,1440098515497,"13,111",Not yet rated,NULL,$32
ERW,NULL,1440098515540,0,Not yet rated,NULL,N/A
JASN,$4.98,1440098515590,"32,066",50% bullish,of 2 ratings,$9.50
JAZZ,$183.005,1440098515619,"184,352",80% bullish,of 15 ratings,$206.50
JASNW,$0.25,1440098515751,"5,000",50% bullish,of 2 ratings,N/A
JD,$24.97,1440098515779,"4,611,295",75% bullish,of 16 ratings,$36
JTPY,$3,1440098515932,"2,116",100% bearish,of 1 rating,N/A
JBLU,$22.9835,1440098515958,"3,082,547",94% bullish,of 16 ratings,$27
JCTCF,NULL,1440098516011,0,100% bullish,of 1 rating,N/A
DATE,$6.45,1440098516184,"131,292",75% bullish,of 4 ratings,$9
JST,$4.1599,1440098516213,"32,968",75% bullish,of 4 ratings,N/A
JIVE,$4.075,1440098516235,"420,075",75% bullish,of 4 ratings,$5
JOEZ,$0.1845,1440098516380,"139,435",92% bullish,of 12 ratings,N/A
JBSS,$48.11,1440098516410,"17,283",67% bearish,of 3 ratings,N/A
WYIGU,$10.0524,1440098516435,400,Not yet rated,NULL,N/A
JOUT,$24.84,1440098516464,"3,205",100% bearish,of 1 rating,$34
JNP,$9.85,1440098516620,"11,677",100% bullish,of 3 ratings,$15
KTWO,$21.82,1440098516670,"119,813",100% bearish,of 1 rating,$28.50
KALU,$83.3823,1440098516697,"64,647",67% bearish,of 3 ratings,$91
JUNO,$39.08,1440098516719,"716,006",73% bullish,of 11 ratings,$71.50
KMDA,$3.675,1440098516872,"8,545",50% bullish,of 2 ratings,$8
