Symbol,Price,Date,Volume,Rating,RatingVoteCount,OneYearEstimate
FLWS,$8.55,1441203002505,"47,377",80% bullish,of 5 ratings,$15
FCTY,$8,1441203002530,350,100% bullish,of 1 rating,$8.50
FCCY,NULL,1441203002673,0,100% bullish,of 1 rating,$13
VNET,$17.044,1441203002776,"35,368",60% bullish,of 5 ratings,$35
TWOU,$33.82,1441203002824,"16,889",50% bullish,of 2 ratings,$39
DSLV,$66.24,1441203003115,"7,320",100% bearish,of 1 rating,N/A
DGLD,$80.45,1441203003140,700,100% bullish,of 1 rating,N/A
SRCE,$29.39,1441203003165,"1,117",100% bullish,of 3 ratings,$33
UGLD,$9.3328,1441203003473,"41,402",100% bearish,of 1 rating,N/A
JOBS,$26,1441203003559,"9,371",50% bullish,of 4 ratings,$36
USLV,$12.7968,1441203003979,"82,779",86% bullish,of 7 ratings,N/A
SIXD,$2.7,1441203004111,"5,400",Not yet rated,NULL,N/A
CAFD,$14.9,1441203004256,"16,922",Not yet rated,NULL,$24.50
EGHT,$7.69,1441203004302,"18,901",82% bullish,of 17 ratings,$11
AVHI,$13.82,1441203004431,827,100% bearish,of 1 rating,$19
SHLM,$33.22,1441203004530,"16,890",100% bearish,of 1 rating,$47
ABAX,$47,1441203004738,"6,711",100% bearish,of 1 rating,$60
AAON,$19.98,1441203004792,"4,036",100% bearish,of 1 rating,$24
ABY,$22.26,1441203004840,"39,144",100% bearish,of 2 ratings,$46
ABGB,$5.27,1441203005110,"6,657",67% bullish,of 3 ratings,$5.50
ABEO,$4.78,1441203005143,"10,017",50% bullish,of 4 ratings,$15.50
ABMD,$94.41,1441203005596,"46,456",75% bullish,of 4 ratings,$100.50
ABEOW,NULL,1441203005657,0,100% bullish,of 1 rating,N/A
AXAS,$1.75,1441203005731,"73,084",78% bullish,of 9 ratings,$3.50
ACTG,$9.06,1441203005916,"74,240",67% bullish,of 3 ratings,$18.50
ACAD,$36.6,1441203005971,"94,336",80% bullish,of 20 ratings,$48
ACHC,$72.11,1441203006020,"27,545",50% bullish,of 2 ratings,$92
ACST,$0.3749,1441203006267,100,100% bullish,of 2 ratings,N/A
AXDX,$19.29,1441203006293,"5,042",100% bearish,of 1 rating,N/A
XLRN,$28.8,1441203006373,"9,838",50% bullish,of 2 ratings,$57
ANCX,$20.12,1441203006552,"3,581",Not yet rated,NULL,$20
ARAY,$6.62,1441203006607,"50,010",100% bearish,of 1 rating,$10.50
VXDN,$1.71,1441203007004,500,100% bearish,of 1 rating,N/A
ACRX,$4.46,1441203007136,"104,319",67% bearish,of 6 ratings,$5.50
ACIW,$21.08,1441203007268,"26,437",67% bearish,of 3 ratings,$24
VXUP,$1.6566,1441203007296,"11,272",100% bearish,of 1 rating,N/A
ACET,$21.65,1441203007326,"4,486",75% bullish,of 4 ratings,$30
ACHN,$7.09,1441203007348,"277,410",90% bullish,of 21 ratings,$16
AKAO,$6.762,1441203007379,"3,770",75% bullish,of 4 ratings,$15
ACOR,$31.78,1441203007400,"71,870",67% bearish,of 3 ratings,$38.50
ACNB,$20.32,1441203007434,10,Not yet rated,NULL,N/A
ACTS,$1.63,1441203007455,"1,232",100% bearish,of 1 rating,N/A
TFSC,NULL,1441203007585,0,100% bearish,of 1 rating,N/A
TFSCU,NULL,1441203007637,0,Not yet rated,NULL,N/A
TFSCW,NULL,1441203007662,0,100% bearish,of 1 rating,N/A
PIH,NULL,1441203007688,0,100% bearish,of 1 rating,N/A
ACPW,$1.96,1441203007716,"4,035",100% bullish,of 4 ratings,$3.25
TFSCR,NULL,1441203007742,0,Not yet rated,NULL,N/A
ACTA,$13.88,1441203007986,"9,703",67% bearish,of 3 ratings,$25
ATVI,$28.41,1441203008017,"953,315",67% bullish,of 84 ratings,$31.50
ACXM,$20.456,1441203008044,"7,922",67% bullish,of 3 ratings,N/A
ACUR,$2.845,1441203008065,508,100% bullish,of 5 ratings,$5
ADMS,$19.48,1441203008087,"4,561",100% bearish,of 2 ratings,$36
ADMP,$3.74,1441203008123,300,50% bullish,of 2 ratings,$10
ADUS,$28.87,1441203008232,828,100% bearish,of 1 rating,$31
ADMA,NULL,1441203008364,0,Not yet rated,NULL,$19
ADAP,$11,1441203008393,"6,000",67% bullish,of 3 ratings,$22
ADEP,$6.6547,1441203008414,"2,873",50% bullish,of 2 ratings,$10.75
ADTN,$15.86,1441203008436,"21,168",67% bullish,of 3 ratings,$17.125
AEY,$2.39,1441203008457,"1,020",100% bearish,of 2 ratings,N/A
ADRO,$18.54,1441203008588,"13,601",80% bullish,of 5 ratings,$45.50
ADBE,$76.696,1441203008637,"171,796",65% bullish,of 17 ratings,$90
AMD,$1.749,1441203008840,"914,775",83% bullish,of 103 ratings,$2
AEIS,$23.78,1441203008898,"6,983",50% bullish,of 2 ratings,$32.50
ADXS,$13.58,1441203009284,"83,909",64% bullish,of 14 ratings,$27
AEGN,$18,1441203009339,"9,983",100% bearish,of 2 ratings,$21
AVAV,$21,1441203009361,"192,663",50% bullish,of 4 ratings,$31
AMTX,$2.75,1441203009382,368,50% bullish,of 2 ratings,$26.11
AEGR,$17.71,1441203009421,"21,388",50% bullish,of 6 ratings,$26
AERI,$15.27,1441203009443,"59,001",75% bullish,of 4 ratings,$31.50
AEPI,$52.87,1441203009472,"1,298",100% bearish,of 1 rating,N/A
AEHR,$2.291,1441203009513,"1,700",50% bullish,of 2 ratings,N/A
AEZS,$0.087,1441203009607,"1,474,904",90% bullish,of 21 ratings,$1.50
ADXSW,$9.48,1441203009640,300,100% bullish,of 1 rating,N/A
YPRO,$22.9,1441203009673,2,100% bearish,of 1 rating,N/A
MULT,NULL,1441203009702,0,100% bearish,of 1 rating,N/A
AEMD,$7.44,1441203009770,"5,304",Not yet rated,NULL,$27.50
AFMD,$10.3,1441203009802,"8,179",50% bullish,of 4 ratings,$15
AFFX,$9.1398,1441203009904,"19,935",80% bullish,of 5 ratings,$12.50
AGEN,$6.987,1441203010005,"47,349",85% bullish,of 13 ratings,$14
AGIO,$85.81,1441203010030,"16,918",88% bullish,of 8 ratings,$114
AGRX,$8.68,1441203010056,"7,642",100% bearish,of 1 rating,$17.50
AGYS,$10.04,1441203010087,694,100% bearish,of 1 rating,N/A
AGFS,$9.55,1441203010195,"6,446",100% bearish,of 1 rating,N/A
AIMT,$21.75,1441203010268,"5,819",Not yet rated,NULL,$35.50
AIRT,$22.3,1441203010299,776,100% bullish,of 1 rating,N/A
AGFSW,NULL,1441203010331,0,100% bearish,of 2 ratings,N/A
AIRM,$36.34,1441203010352,"9,481",80% bearish,of 5 ratings,$53
AIXG,$6.38,1441203010386,"2,327",67% bearish,of 3 ratings,$5.25
ATSG,$8.73,1441203010407,"13,397",67% bullish,of 3 ratings,$13
AMCN,$4.52,1441203010440,"4,279",83% bullish,of 6 ratings,N/A
AKAM,$71.15,1441203010571,"107,702",63% bullish,of 8 ratings,$77.50
AKER,$2.63,1441203010650,"4,723",Not yet rated,NULL,N/A
AKBA,$7.5701,1441203010680,"32,959",100% bearish,of 1 rating,$18
ALRM,$16,1441203010786,"54,182",100% bearish,of 1 rating,$22
ALSK,$2.2095,1441203010820,"13,752",78% bullish,of 18 ratings,$2
AMRI,$19.66,1441203010890,"13,896",75% bearish,of 4 ratings,$24
ALDR,$40.76,1441203010918,"204,075",67% bearish,of 3 ratings,$62
ADHD,$7.93,1441203010954,"23,158",50% bullish,of 4 ratings,$18
AKRX,$38.98,1441203010980,"26,822",78% bullish,of 9 ratings,$56
ABDC,$12.82,1441203011048,"7,900",Not yet rated,NULL,$15
ALDX,$6.88,1441203011073,"1,702",100% bearish,of 1 rating,$14.50
ALXA,NULL,1441203011106,0,83% bullish,of 6 ratings,$2.125
ALXN,$173.93,1441203011134,"90,166",88% bullish,of 8 ratings,$223.50
ALGN,$53.98,1441203011269,"57,473",100% bearish,of 2 ratings,$73
ALCO,$42.02,1441203011326,308,50% bullish,of 2 ratings,N/A
ALIM,$3.05,1441203011351,"9,143",80% bullish,of 5 ratings,$10
ALKS,$61.33,1441203011409,"77,059",67% bullish,of 3 ratings,$75
ALGT,$199.1,1441203011514,"16,089",100% bearish,of 2 ratings,$235
AHPI,$1.5,1441203011697,200,50% bullish,of 2 ratings,N/A
ARLP,$25.165,1441203011729,"37,732",67% bearish,of 3 ratings,$32
AHGP,$35.2101,1441203011761,"1,588",67% bullish,of 3 ratings,N/A
AIQ,$14.05,1441203011782,"1,007",67% bullish,of 3 ratings,N/A
AMOT,$17.47,1441203011803,"2,616",100% bearish,of 1 rating,N/A
ALLB,$22.65,1441203011845,200,Not yet rated,NULL,N/A
AFOP,$18.4,1441203011871,"22,586",75% bullish,of 8 ratings,$21
ALLT,$5.13,1441203011941,"5,707",75% bullish,of 4 ratings,$6.25
ALQA,$4.6,1441203012050,"3,250",75% bullish,of 4 ratings,$8.50
MDRX,$13.46,1441203012077,"239,167",60% bullish,of 5 ratings,$16
AFAM,$44.13,1441203012099,720,50% bullish,of 2 ratings,$44
ALNY,$98,1441203012152,"62,573",67% bullish,of 3 ratings,$151.50
SMCP,NULL,1441203012298,0,Not yet rated,NULL,N/A
ALTR,$48.52,1441203012344,"232,132",80% bearish,of 5 ratings,$54
ATEC,NULL,1441203012376,0,100% bullish,of 1 rating,$2
AMRK,$10.41,1441203012404,300,50% bullish,of 2 ratings,$14
ASPS,$25.92,1441203012429,"16,346",67% bullish,of 3 ratings,$46.50
AMRN,$2.1599,1441203012456,"120,210",85% bullish,of 39 ratings,$8
AOSL,$7.75,1441203012490,"21,983",67% bullish,of 3 ratings,$9
AIMC,$23.87,1441203012593,"15,112",100% bearish,of 2 ratings,$28.50
AMAG,$63.12,1441203012624,"46,956",100% bullish,of 2 ratings,$75
AMZN,$504.8399,1441203012726,"342,470",81% bullish,of 266 ratings,$646
AMBC,$16.53,1441203012811,"61,449",100% bearish,of 1 rating,$16.50
AYA,$20.66,1441203012856,"2,052",100% bearish,of 1 rating,$40
AMBCW,$8.01,1441203012944,"2,700",100% bearish,of 1 rating,N/A
EPAX,$2.69,1441203012982,767,100% bearish,of 1 rating,N/A
AMDA,$0.4716,1441203013008,"104,021",90% bullish,of 10 ratings,$1
DOX,$56.62,1441203013082,"25,147",67% bearish,of 3 ratings,$60
AMCX,$70.482,1441203013109,"99,553",67% bullish,of 3 ratings,$87.50
AMBA,$77.654,1441203013134,"2,257,745",83% bullish,of 12 ratings,$102.50
ASBI,NULL,1441203013260,0,Not yet rated,NULL,N/A
UHAL,$369.2629,1441203013287,"1,133",100% bullish,of 2 ratings,$393.50
AMED,$39.05,1441203013312,"27,710",100% bearish,of 1 rating,$42
ATAX,$5.36,1441203013363,368,100% bullish,of 1 rating,$6.50
AMOV,$17.82,1441203013450,600,100% bearish,of 1 rating,N/A
AGNC,$19.18,1441203013490,"261,945",71% bullish,of 28 ratings,$22
AGNCB,$24.15,1441203013564,300,Not yet rated,NULL,N/A
AAL,$40.47,1441203013590,"1,562,881",93% bullish,of 88 ratings,$57
AGNCP,$25.27,1441203013636,"2,316",Not yet rated,NULL,N/A
MTGEP,$24.5,1441203013667,100,Not yet rated,NULL,N/A
ACSF,$12.35,1441203013767,"7,929",100% bearish,of 1 rating,$15
ACAS,$13.5001,1441203013902,"127,161",60% bullish,of 5 ratings,$16.75
AMIC,NULL,1441203013932,0,100% bearish,of 1 rating,N/A
AETI,$3.95,1441203013962,300,67% bearish,of 3 ratings,N/A
AMNB,$23.21,1441203013993,8,Not yet rated,NULL,$25.50
MTGE,$15.26,1441203014019,"44,663",75% bullish,of 4 ratings,$19.50
ANAT,$98.42,1441203014063,"1,618",100% bullish,of 1 rating,N/A
ANCI,$1.54,1441203014094,300,100% bearish,of 1 rating,N/A
APEI,$21.37,1441203014195,"1,767",100% bearish,of 1 rating,$25.50
ARII,$40.19,1441203014230,"18,790",67% bearish,of 3 ratings,$45
AMRB,$10.025,1441203014323,200,Not yet rated,NULL,$11
ASEI,$38.34,1441203014351,"1,552",100% bearish,of 1 rating,$52.50
AMSWA,$8.92,1441203014381,"9,998",100% bearish,of 2 ratings,$10.75
AMWD,$65.194,1441203014482,"13,543",50% bullish,of 2 ratings,$70
AMSC,$4.78,1441203014588,"9,476",50% bullish,of 4 ratings,N/A
CRMT,$35.94,1441203014626,"1,946",100% bearish,of 1 rating,$39
ABCB,$26.72,1441203014647,"3,056",Not yet rated,NULL,$31
ASRV,$3.21,1441203014679,243,100% bullish,of 2 ratings,N/A
ATLO,$22.91,1441203014713,111,Not yet rated,NULL,N/A
AMSF,$46.05,1441203014743,"1,261",Not yet rated,NULL,$57.50
ASRVP,NULL,1441203014764,0,Not yet rated,NULL,N/A
FOLD,$14.6544,1441203014810,"160,662",56% bullish,of 9 ratings,$21
AMKR,$5.09,1441203014977,"216,443",100% bearish,of 2 ratings,$5
AMPH,$13.3011,1441203015004,"8,015",50% bullish,of 2 ratings,$20
AMSG,$76.91,1441203015053,"8,333",100% bearish,of 1 rating,$85.50
ASYS,$5.4,1441203015156,"1,182",67% bullish,of 3 ratings,$12
AMGN,$149.3,1441203015182,"393,197",89% bullish,of 19 ratings,$185
AMSGP,NULL,1441203015212,0,Not yet rated,NULL,N/A
AFSI,$56.4,1441203015258,"31,477",60% bullish,of 5 ratings,$72
AMRS,$1.66,1441203015314,"23,006",70% bullish,of 10 ratings,N/A
ANAC,$131.53,1441203015341,"50,236",80% bullish,of 5 ratings,$180.50
ANAD,$0.3298,1441203015372,"3,748",100% bullish,of 2 ratings,$.50
ALOG,$80.81,1441203015479,"1,920",100% bearish,of 2 ratings,$100.50
ADI,$54.2,1441203015504,"185,914",75% bullish,of 4 ratings,$69
AMCF,NULL,1441203015555,0,NULL,NULL,NULL
ABCW,$39.615,1441203015587,203,67% bullish,of 3 ratings,N/A
ANCB,$21.69,1441203015693,200,Not yet rated,NULL,$23
ANGI,$5.11,1441203015724,"16,999",64% bullish,of 11 ratings,$5.50
ANIP,$50.26,1441203015798,"15,856",89% bullish,of 19 ratings,$66
ANGO,$14.5805,1441203015830,"2,714",67% bullish,of 3 ratings,$19
ANIK,$35.18,1441203015881,"10,924",60% bullish,of 5 ratings,$51.25
ATRS,$1.85,1441203015928,"75,823",92% bullish,of 12 ratings,$4.50
ANSS,$87.33,1441203015959,"35,904",100% bearish,of 1 rating,$100
ANTH,$6.97,1441203016014,"96,981",80% bullish,of 10 ratings,$13
APIC,$6.45,1441203016150,"14,661",100% bearish,of 1 rating,$19
ATNY,NULL,1441203016179,0,50% bullish,of 2 ratings,$3.75
APOG,$50.38,1441203016209,"14,270",50% bullish,of 2 ratings,$67
ABAC,$0.806,1441203016240,701,100% bearish,of 1 rating,N/A
APPF,$15.575,1441203016314,"1,971",50% bullish,of 2 ratings,$22
APOL,$11,1441203016349,"67,476",87% bearish,of 68 ratings,$14
AINV,$6.35,1441203016374,"100,860",50% bullish,of 4 ratings,$8
AAPL,$110.43,1441203016446,"6,557,559",86% bullish,of 2360 ratings,$150
APDN,$3.4811,1441203016579,"3,300",Not yet rated,NULL,$9
APDNW,NULL,1441203016605,0,Not yet rated,NULL,N/A
AGTC,$15.89,1441203016626,"2,218",50% bullish,of 2 ratings,$33
ARCI,$1.28,1441203016660,112,Not yet rated,NULL,N/A
AMCC,$5.72,1441203016762,"28,835",80% bullish,of 5 ratings,$8
AMAT,$15.541,1441203016793,"1,118,811",82% bullish,of 11 ratings,$23
AAOI,$19.75,1441203016814,"24,252",50% bullish,of 4 ratings,$26
AREX,$2.25,1441203016847,"44,733",50% bullish,of 2 ratings,$3
APTO,$5.27,1441203016944,310,Not yet rated,NULL,$17
APRI,$1.7399,1441203016975,"118,486",83% bullish,of 6 ratings,$4.86
AQXP,$17.18,1441203017108,"15,748",50% bullish,of 2 ratings,$2
AQMS,$4.86,1441203017137,702,Not yet rated,NULL,N/A
AUMAW,NULL,1441203017193,0,Not yet rated,NULL,N/A
AUMAU,NULL,1441203017213,0,Not yet rated,NULL,N/A
AUMA,NULL,1441203017241,0,Not yet rated,NULL,N/A
ARDM,NULL,1441203017269,0,100% bullish,of 1 rating,$26
PETX,$17.58,1441203017460,"31,683",100% bearish,of 2 ratings,$26
RKDA,$6.295,1441203017482,234,100% bearish,of 2 ratings,$10
ABIO,$0.9,1441203017513,"1,200",50% bullish,of 2 ratings,$3.75
ABUS,$6.995,1441203017534,"138,674",86% bullish,of 14 ratings,$23
ARCB,$27.97,1441203017572,"7,973",67% bearish,of 3 ratings,$39.50
ACGL,$68.17,1441203017594,"23,638",50% bullish,of 2 ratings,$72
ARCW,$3.52,1441203017668,"1,052",100% bearish,of 2 ratings,$10.50
ACAT,$25.69,1441203017694,"4,291",100% bearish,of 3 ratings,$33
ARDX,$18.2211,1441203018056,"10,780",50% bullish,of 2 ratings,$24.50
ARNA,$2.61,1441203018115,"97,117",90% bullish,of 78 ratings,$5.50
AGIIL,$25.21,1441203018306,"1,202",Not yet rated,NULL,N/A
ARCC,$15.43,1441203018355,"151,550",67% bearish,of 3 ratings,$17.75
AGII,$55.3,1441203018399,"2,519",Not yet rated,NULL,$59.50
ARIA,$7.3998,1441203018436,"2,784,320",87% bullish,of 46 ratings,$9
ARGS,$6.2,1441203018469,"6,269",50% bullish,of 2 ratings,$19.50
ARKR,$24.95,1441203018495,9,50% bullish,of 2 ratings,N/A
ARMH,$42.45,1441203018564,"185,415",54% bearish,of 13 ratings,$60
ARTX,$1.4301,1441203018669,"21,343",88% bullish,of 16 ratings,$4.50
ARWAU,NULL,1441203018696,0,100% bullish,of 1 rating,N/A
ARWAW,$0.17,1441203018722,"7,500",Not yet rated,NULL,N/A
ARWAR,NULL,1441203018746,0,Not yet rated,NULL,N/A
ARQL,$1.67,1441203018852,"8,979",75% bullish,of 4 ratings,$5
ARIS,$3.65,1441203018939,"1,174",Not yet rated,NULL,$4.50
ARWA,NULL,1441203019013,0,Not yet rated,NULL,N/A
ARRY,$5.71,1441203019045,"107,993",100% bullish,of 7 ratings,$10
AROW,$27.2,1441203019066,966,Not yet rated,NULL,N/A
DWAT,$9.73,1441203019143,"1,200",100% bearish,of 1 rating,N/A
ARWR,$5.78,1441203019195,"259,430",75% bullish,of 4 ratings,$10.50
ARRS,$25.7425,1441203019234,"48,967",50% bullish,of 2 ratings,$38
ASBB,$24.8,1441203019326,100,Not yet rated,NULL,N/A
ARTNA,$21.92,1441203019374,291,100% bearish,of 1 rating,$29
ARTW,$4.26,1441203019771,100,75% bearish,of 4 ratings,N/A
ASNA,$12.14,1441203020070,"170,773",50% bullish,of 2 ratings,$18
ASND,$19.22,1441203020203,"3,847",50% bullish,of 2 ratings,$30
ASTI,$0.2905,1441203020588,"2,926,520",83% bullish,of 6 ratings,$3
APWC,NULL,1441203020742,0,100% bearish,of 1 rating,N/A
ASCMA,$27.82,1441203020773,"3,871",100% bearish,of 1 rating,$45
ASML,$90.67,1441203020875,"393,344",50% bullish,of 4 ratings,$127
ASMI,NULL,1441203021582,0,NULL,NULL,NULL
AZPN,$37.12,1441203021632,"17,289",50% bullish,of 2 ratings,$42
ASMB,$13.76,1441203021715,"4,047",67% bullish,of 3 ratings,N/A
ASTC,$2.056,1441203021740,"1,000",100% bullish,of 5 ratings,N/A
ASTE,$38.12,1441203021765,"7,597",100% bearish,of 1 rating,$49
ASFI,$8.89,1441203021795,379,100% bullish,of 1 rating,N/A
ASUR,$5.48,1441203021896,"1,953",50% bullish,of 2 ratings,$8
ALOT,NULL,1441203021921,0,100% bearish,of 1 rating,N/A
ATRO,$49.32,1441203021951,"5,445",100% bearish,of 2 ratings,$80
ATRA,$40.33,1441203021972,"29,320",50% bullish,of 2 ratings,$68
ATAI,$2.45,1441203022062,200,100% bearish,of 1 rating,N/A
ATHN,$128.82,1441203022114,"15,706",67% bearish,of 3 ratings,$153
AFCB,NULL,1441203022142,0,Not yet rated,NULL,N/A
ATHX,$1.15,1441203022208,"9,673",89% bullish,of 9 ratings,$5
AAPC,NULL,1441203022284,0,Not yet rated,NULL,N/A
AAME,$3.6,1441203022546,1,Not yet rated,NULL,N/A
ATNI,$72.09,1441203022576,"2,263",100% bearish,of 1 rating,$69.50
ACFC,$5.45,1441203022602,"2,900",100% bearish,of 1 rating,$6.50
ATLC,$3.84,1441203022623,"1,257",67% bullish,of 3 ratings,N/A
ATML,$7.929,1441203022645,"321,080",78% bullish,of 9 ratings,$9.50
AFH,$16.155,1441203022706,"5,578",Not yet rated,NULL,$21.50
ATRC,$24.26,1441203022782,"3,977",100% bullish,of 1 rating,$30
ATOS,$0.825,1441203022812,"9,360",100% bullish,of 7 ratings,$7
ATRI,$382.94,1441203022872,300,Not yet rated,NULL,N/A
AAWW,$38.92,1441203022913,"42,977",50% bullish,of 2 ratings,$65
ATTU,$13.21,1441203022974,624,100% bearish,of 1 rating,$20.50
ATRM,$2.83,1441203023001,100,50% bullish,of 2 ratings,N/A
LIFE,$14.05,1441203023048,"2,706",86% bullish,of 7 ratings,$43
AUBN,$27,1441203023179,100,Not yet rated,NULL,N/A
AUDC,$3.33,1441203023209,"5,532",80% bullish,of 5 ratings,$5
AUPH,$3.4601,1441203023419,600,100% bearish,of 1 rating,$8
EARS,$4.55,1441203023551,"1,502",100% bearish,of 2 ratings,$11
ADSK,$45.44,1441203023684,"455,113",67% bullish,of 6 ratings,$66
ABTL,$17.7,1441203023717,"4,500",100% bullish,of 4 ratings,$20.25
ADAT,$0.29,1441203023742,"28,447",100% bullish,of 2 ratings,N/A
ADP,$75.9372,1441203023825,"154,435",100% bearish,of 1 rating,$88
AVGO,$122.32,1441203023955,"239,413",88% bullish,of 8 ratings,$165
AAVL,$10.33,1441203023982,"31,192",100% bearish,of 1 rating,$20
AVEO,$1.3799,1441203024006,"83,597",75% bullish,of 8 ratings,$3
AVNW,$1.18,1441203024047,"4,200",50% bullish,of 2 ratings,N/A
AVID,$8.29,1441203024111,"43,520",100% bearish,of 1 rating,$20
AVGR,$14.9,1441203024136,851,100% bearish,of 1 rating,$20
AVNU,$12.75,1441203024161,"15,900",Not yet rated,NULL,$14
CAR,$43.465,1441203024194,"169,865",80% bullish,of 5 ratings,$60
AWRE,$3.28,1441203024287,404,67% bullish,of 3 ratings,N/A
ACLS,$3.1682,1441203024315,"20,415",67% bullish,of 6 ratings,$4.75
AXPW,$2.18,1441203024690,"1,630,095",86% bullish,of 7 ratings,N/A
AXTI,$2.17,1441203025013,300,50% bullish,of 2 ratings,$2.75
AXPWW,NULL,1441203025044,0,Not yet rated,NULL,N/A
AXGN,$4.6499,1441203025073,"8,854",Not yet rated,NULL,$5
BEAV,$48.62,1441203025100,"33,667",67% bearish,of 3 ratings,$59
BCOM,NULL,1441203025121,0,100% bearish,of 1 rating,N/A
RILY,NULL,1441203025155,0,Not yet rated,NULL,N/A
BIDU,$145.425,1441203025182,"187,078",81% bullish,of 88 ratings,$210
BOSC,NULL,1441203025247,0,50% bullish,of 2 ratings,N/A
BCPC,$58.25,1441203025316,"3,029",100% bearish,of 1 rating,$75
BWINA,NULL,1441203025347,0,Not yet rated,NULL,N/A
BLDP,$1.345,1441203025391,"99,039",91% bullish,of 22 ratings,$2.50
BWINB,$22.5,1441203025445,342,Not yet rated,NULL,N/A
BANF,$59.39,1441203025495,"1,510",Not yet rated,NULL,$68
BANFP,NULL,1441203025543,0,Not yet rated,NULL,N/A
BOCH,$5.75,1441203025786,646,Not yet rated,NULL,$6.50
BFIN,$12.2,1441203025915,"5,512",Not yet rated,NULL,$13
BKMU,$6.93,1441203025945,"1,534",Not yet rated,NULL,$8
OZRK,$40.2901,1441203025967,"49,717",67% bullish,of 3 ratings,$49.50
BMRC,$48.175,1441203026011,507,Not yet rated,NULL,$52
BKSC,$16.97,1441203026050,"1,456",Not yet rated,NULL,N/A
BWFG,$18.09,1441203026099,"1,563",100% bearish,of 1 rating,N/A
BOTJ,NULL,1441203026125,0,Not yet rated,NULL,N/A
BANR,$43.65,1441203026146,"1,038",100% bullish,of 3 ratings,$50
BHAC,NULL,1441203026307,0,Not yet rated,NULL,N/A
TAPR,$33.53,1441203026347,755,100% bearish,of 1 rating,N/A
BZUN,$4.87,1441203026442,"11,555",50% bullish,of 2 ratings,$11.50
BHACU,NULL,1441203026472,0,Not yet rated,NULL,N/A
BHACW,NULL,1441203026498,0,Not yet rated,NULL,N/A
BHACR,NULL,1441203026526,0,Not yet rated,NULL,N/A
BBSI,$34.35,1441203026603,"3,660",67% bearish,of 3 ratings,$62.50
BV,$4.915,1441203026736,"200,920",67% bullish,of 6 ratings,$8.75
BYLK,$13.06,1441203026763,"1,000",Not yet rated,NULL,$14
BSET,$28.02,1441203026788,"1,402",100% bearish,of 1 rating,$35
BYBK,NULL,1441203026840,0,100% bearish,of 1 rating,N/A
BCBP,$11.66,1441203026949,100,Not yet rated,NULL,N/A
BDCV,$4.9,1441203026979,6,100% bearish,of 1 rating,$10.19
BECN,$35.62,1441203027084,"7,262",50% bullish,of 2 ratings,$40
BBCN,$14.08,1441203027118,"13,814",100% bearish,of 1 rating,$16
BEBE,$1.255,1441203027187,"57,362",75% bullish,of 4 ratings,$2.125
BBGI,NULL,1441203027216,0,100% bearish,of 1 rating,N/A
BSF,$8.42,1441203027238,9,Not yet rated,NULL,N/A
BBBY,$62.16,1441203027319,"184,775",71% bullish,of 7 ratings,$75
BELFA,$14.66,1441203027378,7,100% bearish,of 1 rating,N/A
BELFB,$17.71,1441203027403,978,100% bearish,of 1 rating,N/A
BLCM,$16.53,1441203027536,"3,022",50% bullish,of 4 ratings,$40
BNTC,$7.92,1441203027564,500,100% bullish,of 1 rating,N/A
BLPH,$3.8,1441203027590,"9,912",100% bearish,of 1 rating,$12.50
BNFT,$36.29,1441203027611,"17,799",67% bullish,of 3 ratings,$46
BNCL,$12.38,1441203027646,"33,406",100% bullish,of 3 ratings,$12.50
BGMD,$0.66,1441203027741,"19,580",100% bullish,of 10 ratings,N/A
BIND,$4.82,1441203027826,"2,523",75% bullish,of 4 ratings,$13.50
BGCP,$8.84,1441203027858,"49,853",88% bullish,of 8 ratings,$14
BGFV,$11.175,1441203027892,"5,995",57% bullish,of 7 ratings,$12
ORPN,$5.79,1441203027913,40,100% bullish,of 1 rating,$28.50
BIOC,$1.984,1441203027958,"7,082",83% bullish,of 6 ratings,$3.85
BASI,$1.64,1441203027986,"3,100",Not yet rated,NULL,N/A
BDSI,$6.339,1441203028174,"150,495",88% bullish,of 8 ratings,$17
BCRX,$11.39,1441203028255,"54,268",63% bullish,of 8 ratings,$18
BIOD,$0.72,1441203028286,"26,106",80% bullish,of 5 ratings,$4
BCDA,NULL,1441203028307,0,Not yet rated,NULL,N/A
BIIB,$299.12,1441203028340,"148,126",88% bullish,of 16 ratings,$400
BIOL,$1.54,1441203028392,"7,126",Not yet rated,NULL,N/A
BLFS,$2.35,1441203028439,"50,817",100% bearish,of 1 rating,$4.75
BMRN,$126.51,1441203028489,"38,077",80% bullish,of 5 ratings,$160
BLRX,$1.4899,1441203028514,"29,125",100% bullish,of 12 ratings,$5
BVXV,$4.75,1441203028572,"1,068,816",Not yet rated,NULL,N/A
BRLI,NULL,1441203028595,0,NULL,NULL,NULL
BVXVW,$0.86,1441203028650,"73,264",100% bearish,of 1 rating,N/A
BIOS,$2.415,1441203028732,"90,865",71% bullish,of 7 ratings,$4
BPTH,$1.2,1441203028757,"22,398",100% bullish,of 2 ratings,$5
BBC,$31.24,1441203028887,"1,607",Not yet rated,NULL,N/A
BSPM,NULL,1441203028911,0,50% bullish,of 2 ratings,N/A
BBP,$31.9156,1441203028938,"4,430",Not yet rated,NULL,N/A
BSTC,$48.3064,1441203028968,"3,017",100% bearish,of 1 rating,$76
BOTA,$2.16,1441203029072,"1,320",88% bullish,of 8 ratings,N/A
BEAT,$14.89,1441203029107,"78,324",67% bearish,of 3 ratings,$15
BITI,$17.0675,1441203029128,802,100% bullish,of 1 rating,$28
BBOX,$14.89,1441203029204,"3,558",100% bearish,of 1 rating,N/A
TECH,$93.3,1441203029262,"8,436",100% bullish,of 1 rating,$117
BDMS,$12.89,1441203029287,350,100% bearish,of 1 rating,N/A
BJRI,$43.39,1441203029338,"16,239",50% bullish,of 2 ratings,$55
BBRY,$7.43,1441203029470,"453,897",61% bullish,of 330 ratings,$9
BDE,$7.18,1441203029495,"25,086",50% bullish,of 2 ratings,$9
BLKB,$55.89,1441203029520,"6,764",100% bearish,of 2 ratings,$66
BKCC,$9.2899,1441203029577,"23,140",50% bullish,of 2 ratings,$10
ADRA,NULL,1441203029679,0,100% bearish,of 1 rating,N/A
ADRD,$21.6296,1441203029710,"1,080",100% bearish,of 1 rating,N/A
ADRE,$29.11,1441203029753,940,100% bearish,of 1 rating,N/A
HAWK,$38.41,1441203029785,"29,633",91% bullish,of 11 ratings,$49
ADRU,$21.47,1441203029813,12,100% bearish,of 1 rating,N/A
BCOR,$13.49,1441203029884,"11,709",57% bullish,of 7 ratings,$15
BLMN,$20.7,1441203029915,"71,180",83% bullish,of 6 ratings,$27.50
BLBD,$11.88,1441203029944,"2,700",Not yet rated,NULL,N/A
BUFF,$24.2484,1441203030014,"19,352",83% bullish,of 12 ratings,$31.50
BHBK,$13.76,1441203030118,"6,464",100% bullish,of 1 rating,$14.50
NILE,$33.53,1441203030147,"14,970",50% bullish,of 2 ratings,$34
BLUE,$130.935,1441203030211,"38,164",71% bullish,of 7 ratings,$217.50
BKEP,$6.22,1441203030246,"11,427",100% bearish,of 1 rating,$8.50
BBLU,$0.788,1441203030289,"22,174",100% bullish,of 2 ratings,$4.43
BKEPP,$7.59,1441203030390,24,100% bearish,of 1 rating,N/A
BPMC,$27.95,1441203030418,101,50% bullish,of 2 ratings,$47.50
BOBE,$47.99,1441203030474,"170,144",75% bullish,of 4 ratings,$57
BNCN,$20.61,1441203030504,"13,238",Not yet rated,NULL,$24
WIFI,$7.42,1441203030526,"5,350",50% bullish,of 2 ratings,$13.50
BOFI,$108.87,1441203030560,"46,889",100% bullish,of 6 ratings,$144
BOKF,$60.95,1441203030662,"21,599",100% bearish,of 1 rating,$69
BOJA,$20.8,1441203030715,"4,317",100% bullish,of 1 rating,$30
BNSO,NULL,1441203030804,0,100% bearish,of 1 rating,N/A
BONA,$11.26,1441203030847,"8,667",75% bullish,of 4 ratings,$8.50
BAMM,$3.2,1441203030873,575,60% bullish,of 5 ratings,N/A
BPFH,$11.57,1441203031047,"31,385",100% bearish,of 1 rating,$14
BPFHP,$24.9999,1441203031073,"6,800",100% bearish,of 1 rating,N/A
EPAY,$26.26,1441203031110,"14,111",100% bearish,of 2 ratings,$30
BDBD,$8.455,1441203031135,"19,985",60% bullish,of 5 ratings,$10
BPFHW,NULL,1441203031165,0,100% bearish,of 1 rating,N/A
BBRG,$12.27,1441203031199,"1,281",67% bullish,of 3 ratings,$14.50
BCLI,$3.05,1441203031225,"2,978",80% bullish,of 5 ratings,$12
BBEP,$2.6999,1441203031250,"251,896",69% bullish,of 13 ratings,$5.625
BDGE,$26.32,1441203031411,207,Not yet rated,NULL,$31.75
BBEPP,$13.9801,1441203031436,"3,613",100% bearish,of 1 rating,N/A
BRID,NULL,1441203031573,0,100% bearish,of 1 rating,N/A
BCOV,$5.1678,1441203031599,"16,988",67% bullish,of 3 ratings,$10.20
BLIN,NULL,1441203031628,0,100% bullish,of 2 ratings,$2.20
BRCM,$50.3,1441203031676,"290,421",69% bullish,of 13 ratings,$56
BSFT,$31.51,1441203031734,"9,002",57% bullish,of 7 ratings,$40.50
BVSN,NULL,1441203031760,0,60% bearish,of 5 ratings,N/A
BYFC,NULL,1441203031804,0,50% bullish,of 2 ratings,N/A
BWEN,$3.1048,1441203031830,"2,406",75% bullish,of 4 ratings,$8
BRCD,$10.19,1441203031904,"295,352",92% bullish,of 13 ratings,$12
BRKL,$10.14,1441203031961,"36,281",100% bearish,of 1 rating,$10.75
BMTC,$28.9,1441203032061,"2,339",Not yet rated,NULL,$34
BRKR,$17.925,1441203032086,"22,998",100% bearish,of 2 ratings,$22
BRKS,$10.15,1441203032114,"12,972",67% bullish,of 3 ratings,$15.25
BLMT,$20.84,1441203032147,454,Not yet rated,NULL,N/A
BSQR,$5.99,1441203032244,"2,286",67% bullish,of 3 ratings,N/A
BWLD,$191.64,1441203032348,"47,117",82% bullish,of 11 ratings,$205
BUR,NULL,1441203032373,0,100% bearish,of 1 rating,$8
BLDR,$14.625,1441203032400,"49,086",67% bullish,of 3 ratings,$22
CHRW,$67.65,1441203032435,"177,997",Not yet rated,NULL,$72
CFFI,$35.59,1441203032456,200,100% bearish,of 1 rating,N/A
CA,$26.78,1441203032488,"173,774",50% bullish,of 4 ratings,$33
CDNS,$19.9,1441203032540,"123,600",75% bullish,of 4 ratings,$22.50
CACQ,$7.1599,1441203032704,"1,295",100% bearish,of 1 rating,$12.25
CZR,$8.8,1441203032730,"59,323",60% bearish,of 5 ratings,$10.50
CDZI,$7.92,1441203032755,"1,100",100% bearish,of 1 rating,N/A
CCMP,$41.91,1441203032787,"1,064",50% bullish,of 2 ratings,$59
CSTE,$38.33,1441203032889,"88,003",50% bullish,of 2 ratings,$65
CLBS,$1.68,1441203032915,"37,661",79% bullish,of 14 ratings,$4
PRSS,$4.47,1441203032944,"4,922",80% bullish,of 5 ratings,$4.50
CHY,$11.3099,1441203033048,"41,941",Not yet rated,NULL,N/A
CCD,$19.1701,1441203033079,"17,204",Not yet rated,NULL,N/A
CHI,$10.5,1441203033105,"57,500",100% bearish,of 1 rating,N/A
CLMS,$10.05,1441203033147,"4,267",Not yet rated,NULL,$10.50
CHW,$7.47,1441203033176,"29,832",100% bearish,of 1 rating,N/A
CGO,$12.035,1441203033304,"2,291",100% bearish,of 1 rating,N/A
CFGE,$10.3899,1441203033375,600,Not yet rated,NULL,N/A
CSQ,$9.75,1441203033401,"52,551",Not yet rated,NULL,N/A
CAMP,$16.13,1441203033422,"15,291",88% bullish,of 8 ratings,$25
CVGW,$56.9801,1441203033557,"10,513",50% bullish,of 2 ratings,$62
CFNB,$13.3,1441203033591,200,100% bearish,of 1 rating,N/A
CALA,$5.6399,1441203033627,"36,111",67% bullish,of 3 ratings,$19.50
CALD,$15.7036,1441203033688,"15,286",100% bearish,of 1 rating,$21
CALM,$52.36,1441203033713,"108,582",80% bullish,of 5 ratings,$63.50
CLMT,$25.5505,1441203033745,"17,122",75% bullish,of 8 ratings,$31
ABCD,$4.9699,1441203033767,"15,651",83% bullish,of 6 ratings,N/A
CAMBU,NULL,1441203033904,0,100% bearish,of 1 rating,N/A
CAMB,$10.05,1441203033970,400,Not yet rated,NULL,N/A
CAMBW,$0.15,1441203034002,200,Not yet rated,NULL,N/A
CAMT,$2.66,1441203034076,"3,033",73% bullish,of 11 ratings,$4
CAC,$40.54,1441203034101,282,Not yet rated,NULL,N/A
CSIQ,$18.29,1441203034131,"159,861",86% bullish,of 28 ratings,$42.50
CPHC,$10.28,1441203034235,100,100% bearish,of 1 rating,N/A
CBNJ,$11.04,1441203034314,717,100% bearish,of 1 rating,N/A
CPLA,$47.92,1441203034346,"5,718",67% bearish,of 3 ratings,$65
CBF,$30.22,1441203034367,"2,824",Not yet rated,NULL,$32
CCBG,$15.14,1441203034407,"1,414",Not yet rated,NULL,$17.25
CPLP,$7.16,1441203034440,"27,662",71% bullish,of 7 ratings,$11
CGIX,$9.35,1441203034505,"1,352",67% bullish,of 3 ratings,$14.375
CSWC,$45.29,1441203034526,622,Not yet rated,NULL,N/A
CFFN,$11.76,1441203034604,"61,919",Not yet rated,NULL,$12.75
CPTA,$13.7,1441203034658,"5,554",100% bearish,of 1 rating,$18.50
CAPN,$2.32,1441203034793,"6,270",100% bullish,of 1 rating,$10.85
CAPNW,$0.6789,1441203034822,100,Not yet rated,NULL,N/A
CAPR,$4.3101,1441203034869,"5,300",Not yet rated,NULL,$12
CPST,$0.384,1441203034923,"73,765",95% bullish,of 22 ratings,$1.25
CARA,$18.67,1441203034965,"14,238",50% bullish,of 4 ratings,$25
CARB,$11.16,1441203034997,"2,502",75% bullish,of 4 ratings,$12
CBYL,$5.08,1441203035029,208,100% bearish,of 1 rating,$20
CRDC,$0.34,1441203035136,500,100% bullish,of 1 rating,$1.25
CFNL,$21.77,1441203035168,"8,799",Not yet rated,NULL,$24
CATM,$33.75,1441203035215,"11,148",100% bearish,of 1 rating,$44
CSII,$23.23,1441203035264,"7,697",100% bearish,of 2 ratings,$42.125
CDNA,NULL,1441203035395,0,100% bearish,of 1 rating,$9
CECO,$3.68,1441203035422,"14,524",67% bearish,of 3 ratings,$6
CRME,$9.1,1441203035443,"1,859",89% bullish,of 9 ratings,$11.25
CTRE,$10.83,1441203035575,"45,177",50% bullish,of 2 ratings,$13.50
CLBH,$12.68,1441203035600,200,Not yet rated,NULL,$16.50
CKEC,$23.32,1441203035630,"6,518",50% bullish,of 2 ratings,$35.915
CARO,NULL,1441203035663,0,100% bearish,of 1 rating,$19
CART,$5.3,1441203035765,"1,000",100% bearish,of 1 rating,N/A
TAST,$12.9597,1441203035795,"11,192",Not yet rated,NULL,$14.25
CRZO,$33.8,1441203035823,"75,982",67% bearish,of 3 ratings,$54.50
CARV,NULL,1441203035895,0,50% bullish,of 2 ratings,N/A
CASM,$1.17,1441203035958,664,100% bullish,of 1 rating,$3.50
CACB,$5.27,1441203036108,"1,717",Not yet rated,NULL,$5.50
CSCD,$15.01,1441203036136,"1,539",100% bullish,of 2 ratings,$17
CRTN,$2.5,1441203036166,302,100% bearish,of 1 rating,N/A
CWST,$6.11,1441203036212,"5,399",50% bullish,of 2 ratings,$7.25
CASY,$105.81,1441203036263,"11,869",50% bullish,of 2 ratings,$99.50
CASI,$1.4189,1441203036290,100,100% bullish,of 1 rating,$3.50
CASS,$47.99,1441203036373,97,100% bearish,of 1 rating,N/A
CATB,$10.96,1441203036439,400,100% bearish,of 1 rating,$28
CPRX,$3.64,1441203036469,"21,906",71% bullish,of 7 ratings,$7
CATY,$28.76,1441203036499,"25,133",100% bearish,of 1 rating,$33.50
CATYW,NULL,1441203036575,0,100% bearish,of 1 rating,N/A
CVCO,$70.975,1441203036637,734,100% bearish,of 1 rating,N/A
CAVM,$66.33,1441203036658,"17,896",67% bearish,of 3 ratings,$72
CBFV,$20.5601,1441203036686,407,Not yet rated,NULL,$25
CNLMR,NULL,1441203036840,0,Not yet rated,NULL,N/A
CNLM,NULL,1441203036906,0,Not yet rated,NULL,N/A
CNLMU,NULL,1441203036975,0,100% bullish,of 1 rating,N/A
CNLMW,NULL,1441203037008,0,Not yet rated,NULL,N/A
CBOE,$63.47,1441203037029,"62,145",Not yet rated,NULL,$60
CECE,$9.4401,1441203037110,"10,560",50% bullish,of 2 ratings,$16
CDK,$48.28,1441203037138,"28,927",67% bearish,of 3 ratings,$50
CDW,$38.73,1441203037178,"41,791",75% bullish,of 4 ratings,$44
CLDN,$1.15,1441203037325,"9,000",71% bullish,of 7 ratings,$3
CELG,$117.407,1441203037358,"461,644",92% bullish,of 13 ratings,$156
CELGZ,$1.84,1441203037379,10,80% bullish,of 5 ratings,N/A
CPXX,$2.1701,1441203037429,"44,819",100% bullish,of 2 ratings,$7
CLDX,$14.4,1441203037464,"99,154",89% bullish,of 9 ratings,$36
CLRB,$3.06,1441203037560,100,100% bearish,of 1 rating,N/A
CLRBW,$0.9201,1441203037590,"1,000",Not yet rated,NULL,N/A
CLLS,$32.18,1441203037650,"13,184",75% bullish,of 4 ratings,$51.50
CBMG,$23.04,1441203037689,"9,577",50% bullish,of 2 ratings,N/A
CLTX,$2.29,1441203037789,"28,140",100% bullish,of 2 ratings,N/A
CYAD,$48,1441203037847,"2,917",100% bullish,of 1 rating,$87.50
CLSN,$2.03,1441203037879,"2,569",80% bullish,of 10 ratings,$7.50
CEMP,$33.97,1441203037920,"36,012",71% bullish,of 7 ratings,$52
CETX,$2.371,1441203037945,"3,762",Not yet rated,NULL,$5.60
CSFL,$13.56,1441203037975,"7,591",Not yet rated,NULL,$15
CETV,$2.1,1441203038110,"3,293",67% bullish,of 3 ratings,$2.80
CFBK,NULL,1441203038135,0,Not yet rated,NULL,N/A
CENTA,$13.25,1441203038285,"11,077",Not yet rated,NULL,N/A
CVCY,$11.4,1441203038334,200,Not yet rated,NULL,$12
CENX,$5.2862,1441203038369,"238,195",67% bullish,of 6 ratings,$9
CNTY,$5.82,1441203038394,301,80% bullish,of 5 ratings,$7.75
CENT,$12.875,1441203038424,"19,441",Not yet rated,NULL,$10
CNBKA,$41.35,1441203038463,1,50% bullish,of 2 ratings,N/A
CRNT,$1.47,1441203038524,"42,791",50% bullish,of 2 ratings,$2
CERE,$1.07,1441203038594,"66,985",88% bullish,of 8 ratings,N/A
CPHD,$47.54,1441203038624,"50,040",67% bearish,of 3 ratings,$66.50
CERN,$60.69,1441203038725,"144,535",67% bullish,of 3 ratings,$79
KOOL,$0.72,1441203038811,383,100% bullish,of 5 ratings,$7
CEVA,$18.9,1441203038855,"2,212",100% bearish,of 1 rating,$25
CERS,$4.76,1441203038911,"27,395",75% bullish,of 4 ratings,$7
CYOU,$18.949,1441203039001,"12,894",50% bullish,of 6 ratings,$24
HOTR,$1.39,1441203039091,"30,161",100% bullish,of 2 ratings,$5
HOTRW,NULL,1441203039130,0,Not yet rated,NULL,N/A
CERU,$4.19,1441203039272,"7,220",75% bullish,of 4 ratings,$14
GTLS,$23.27,1441203039301,"66,700",50% bullish,of 4 ratings,$40
CHFN,$12.351,1441203039334,"8,462",Not yet rated,NULL,$14
CHTR,$179.65,1441203039361,"47,146",100% bearish,of 2 ratings,$202
CTHR,$1.29,1441203039386,71,50% bullish,of 2 ratings,$2.50
CHKP,$77.93,1441203039423,"92,564",50% bullish,of 4 ratings,$92
CHEK,$2.3572,1441203039492,"3,681",Not yet rated,NULL,$7.75
CHEKW,$0.74,1441203039519,115,Not yet rated,NULL,N/A
CHFC,$31.015,1441203039652,"3,950",100% bearish,of 1 rating,$36
CCXI,$6.41,1441203039703,"3,570",67% bullish,of 3 ratings,$14
CEMI,$4.24,1441203039734,"1,947",50% bullish,of 2 ratings,$7.50
CHMG,$26.5,1441203039763,200,Not yet rated,NULL,$30
CHKE,$25.8001,1441203039846,"9,538",100% bearish,of 1 rating,$32.50
CBNK,NULL,1441203039895,0,100% bearish,of 1 rating,N/A
CMRX,$48.21,1441203039979,"7,342",50% bullish,of 2 ratings,$57
CHEV,$14.59,1441203040024,100,Not yet rated,NULL,N/A
CHMA,$26.78,1441203040049,"7,300",Not yet rated,NULL,$40
PLCE,$59.29,1441203040076,"9,026",100% bearish,of 1 rating,$69
CADC,NULL,1441203040218,0,78% bullish,of 9 ratings,N/A
CALI,NULL,1441203040245,0,67% bullish,of 3 ratings,N/A
CBAK,$1.8285,1441203040266,"2,500",67% bullish,of 9 ratings,N/A
CCCL,NULL,1441203040426,0,100% bullish,of 6 ratings,N/A
CBPO,$94.09,1441203040556,"10,416",75% bullish,of 8 ratings,$140.50
CAAS,$6.03,1441203040589,"1,261",93% bullish,of 14 ratings,$11.50
HGSH,$1.7601,1441203040615,"5,503",67% bullish,of 3 ratings,N/A
CCCR,NULL,1441203040644,0,67% bearish,of 3 ratings,N/A
CHOP,$1.1,1441203040665,10,50% bullish,of 2 ratings,N/A
JRJC,$3.44,1441203040687,"13,490",82% bullish,of 11 ratings,N/A
CHLN,$1.89,1441203040727,10,67% bullish,of 3 ratings,N/A
CNIT,$1.25,1441203040821,"3,166",67% bullish,of 6 ratings,N/A
CHNR,NULL,1441203040919,0,100% bearish,of 1 rating,N/A
CJJD,$1.81,1441203040951,"1,578",100% bullish,of 1 rating,N/A
HTHT,$25.57,1441203040978,"7,205",50% bullish,of 2 ratings,$28.40
CREG,NULL,1441203041003,0,100% bullish,of 3 ratings,N/A
CSUN,NULL,1441203041166,0,80% bullish,of 5 ratings,N/A
CPGI,NULL,1441203041227,0,Not yet rated,NULL,N/A
CNTF,$0.82,1441203041255,522,Not yet rated,NULL,N/A
CNYD,$3.01,1441203041612,210,67% bullish,of 3 ratings,N/A
CNET,$0.83,1441203041633,"4,260",50% bullish,of 2 ratings,N/A
IMOS,$18.94,1441203041667,"44,898",60% bullish,of 5 ratings,$21.50
CCIH,$7.315,1441203041694,"9,673",67% bullish,of 6 ratings,$12.65
CHSCL,$27.15,1441203041719,596,Not yet rated,NULL,N/A
CHSCM,$26.31,1441203041751,"2,582",Not yet rated,NULL,N/A
CHSCN,NULL,1441203041772,0,Not yet rated,NULL,N/A
CXDC,$5.78,1441203041804,"4,717",67% bearish,of 3 ratings,N/A
CHSCO,NULL,1441203041965,0,Not yet rated,NULL,N/A
CHUY,$31.25,1441203041995,"12,881",50% bullish,of 2 ratings,$34
CHSCP,$30.5928,1441203042022,400,Not yet rated,NULL,N/A
CHDN,$132.52,1441203042048,"2,474",Not yet rated,NULL,$165
CDTX,$14.455,1441203042075,"1,585",Not yet rated,NULL,$22
CIFC,$7.02,1441203042292,3,100% bearish,of 1 rating,N/A
CMCT,$15.23,1441203042323,100,100% bearish,of 1 rating,N/A
CINF,$51.73,1441203042378,"63,281",50% bullish,of 4 ratings,$50.50
CMPR,$68.73,1441203042403,"14,390",50% bullish,of 2 ratings,$72.50
CIDM,$0.5759,1441203042430,"5,084",50% bullish,of 2 ratings,$2.10
CTAS,$83.93,1441203042474,"41,649",100% bearish,of 1 rating,$91
CPHR,$5.11,1441203042607,"4,240",100% bearish,of 1 rating,$17
CRUS,$29.18,1441203042639,"60,826",75% bullish,of 12 ratings,$44.50
CZNC,$19.55,1441203042660,906,Not yet rated,NULL,N/A
CTRN,$26.18,1441203042739,"2,662",100% bearish,of 1 rating,$31.50
CSCO,$25.55,1441203042798,"3,387,885",83% bullish,of 210 ratings,$32
CZWI,$8.95,1441203042828,307,Not yet rated,NULL,N/A
CZFC,NULL,1441203042854,0,Not yet rated,NULL,N/A
CTXS,$66.18,1441203042931,"189,420",86% bullish,of 7 ratings,$80
CIZN,$19.62,1441203042964,100,Not yet rated,NULL,N/A
CHCO,$46.82,1441203043062,"2,392",Not yet rated,NULL,$46
CDTI,$1.53,1441203043168,"3,766",75% bullish,of 4 ratings,$3.20
CIVB,NULL,1441203043196,0,Not yet rated,NULL,$11
CIVBP,NULL,1441203043226,0,Not yet rated,NULL,N/A
CLNT,NULL,1441203043328,0,75% bullish,of 8 ratings,N/A
CLRO,$11.39,1441203043388,595,50% bullish,of 2 ratings,$14.25
CLFD,$16.74,1441203043420,"5,647",67% bullish,of 3 ratings,$18
CBLI,$3.98,1441203043454,"14,464",60% bullish,of 5 ratings,N/A
CLNE,$5.0238,1441203043480,"107,468",80% bullish,of 15 ratings,$9
CLIR,$4.96,1441203043517,"8,580",100% bullish,of 3 ratings,N/A
CSBK,$13.73,1441203043548,"1,089",Not yet rated,NULL,N/A
CME,$92.59,1441203043711,"108,557",67% bullish,of 3 ratings,$102
CLVS,$80.045,1441203043784,"22,893",60% bullish,of 5 ratings,$101.50
CMFN,$11.21,1441203043843,"3,404",100% bearish,of 1 rating,$15.50
CCNE,$16.93,1441203043872,"2,036",50% bullish,of 2 ratings,$21.50
CISG,$7.61,1441203043918,"1,090",100% bullish,of 5 ratings,$10
CNV,$4.5,1441203043970,310,50% bullish,of 2 ratings,$7.15
COBZ,$12.7,1441203044001,"2,697",100% bullish,of 1 rating,$14
CWAY,$11.09,1441203044069,369,Not yet rated,NULL,N/A
CDRB,$12.04,1441203044137,"1,668",67% bullish,of 3 ratings,N/A
CDXS,$3.61,1441203044166,"1,000",64% bullish,of 11 ratings,$6
CVLY,NULL,1441203044196,0,Not yet rated,NULL,N/A
JVA,$4.68,1441203044221,"2,200",83% bullish,of 6 ratings,$7
COKE,$155.11,1441203044246,"2,520",79% bullish,of 19 ratings,N/A
CGNT,$1.5068,1441203044375,"2,100",100% bullish,of 2 ratings,$2
CCOI,$27.46,1441203044400,"21,266",50% bullish,of 4 ratings,$35
CGNX,$34.44,1441203044536,"18,296",50% bullish,of 2 ratings,$47
COHR,$55.365,1441203044570,"4,123",50% bullish,of 2 ratings,$72
CHRS,$26.95,1441203044612,"4,292",67% bearish,of 3 ratings,$37
COHU,$9.4,1441203044699,"3,864",100% bearish,of 1 rating,$14.25
CTSH,$61.29,1441203044738,"381,113",90% bullish,of 10 ratings,$75
COLL,$13.48,1441203044780,"27,688",100% bearish,of 1 rating,$26
CLRX,$0.69,1441203044810,"26,520",50% bullish,of 2 ratings,N/A
CLCT,$17.74,1441203044831,"1,538",100% bearish,of 1 rating,N/A
CIGI,$44.52,1441203044868,"1,400",100% bearish,of 1 rating,$52
CLCD,$6.3,1441203044894,"14,843",100% bearish,of 1 rating,$20.50
CBAN,$8.97,1441203044962,101,Not yet rated,NULL,N/A
COLB,$29.37,1441203045053,"7,277",Not yet rated,NULL,$36
COLM,$60.06,1441203045089,"5,520",100% bearish,of 1 rating,$71
CMCO,$18.7375,1441203045123,"8,821",60% bullish,of 5 ratings,$28
CBMX,$1.14,1441203045223,"2,964",83% bullish,of 6 ratings,$3.15
CMCSA,$55.86,1441203045248,"1,831,070",66% bullish,of 35 ratings,$69.50
CBSH,$43.39,1441203045384,"22,804",50% bullish,of 2 ratings,$46
CUBN,NULL,1441203045413,0,Not yet rated,NULL,N/A
CMCSK,$57.09,1441203045454,"433,533",Not yet rated,NULL,$84
CVGI,$4.86,1441203045488,"6,771",50% bullish,of 2 ratings,$6
CBSHP,$25.47,1441203045667,600,100% bearish,of 1 rating,N/A
CSAL,$20.425,1441203045734,"86,100",75% bullish,of 4 ratings,$30
COMM,$32.09,1441203045768,"41,010",67% bearish,of 3 ratings,$35
JCS,$9.16,1441203045806,100,67% bullish,of 3 ratings,N/A
ESXB,$5.09,1441203045833,1,Not yet rated,NULL,N/A
CYHHZ,$0.0105,1441203045858,"14,971",100% bullish,of 1 rating,N/A
CTBI,$34.65,1441203045885,"1,293",Not yet rated,NULL,$36
CWBC,$6.84,1441203046014,2,Not yet rated,NULL,N/A
COB,$10.38,1441203046065,"1,137",100% bullish,of 1 rating,$11.75
CIZ,NULL,1441203046169,0,100% bearish,of 1 rating,N/A
CIL,NULL,1441203046194,0,Not yet rated,NULL,N/A
CID,NULL,1441203046232,0,Not yet rated,NULL,N/A
CDC,$34,1441203046326,400,Not yet rated,NULL,N/A
CSA,NULL,1441203046352,0,Not yet rated,NULL,N/A
CSF,NULL,1441203046378,0,100% bearish,of 1 rating,N/A
CVLT,$35.16,1441203046412,"10,604",75% bullish,of 4 ratings,$44.50
CFA,NULL,1441203046483,0,100% bearish,of 1 rating,N/A
CFO,$34.81,1441203046513,224,100% bearish,of 1 rating,N/A
CDL,$33.53,1441203046545,70,Not yet rated,NULL,N/A
CGEN,$4.95,1441203046645,"3,800",50% bullish,of 2 ratings,$11
CTG,$6.61,1441203046727,28,100% bearish,of 1 rating,$8.50
CSB,$32.83,1441203046760,72,Not yet rated,NULL,N/A
SCOR,$47.56,1441203046831,"102,693",100% bearish,of 1 rating,$66
CPSI,$45.4475,1441203046862,"6,051",100% bearish,of 1 rating,$45.50
CMTL,$25.92,1441203046907,"1,043",100% bearish,of 2 ratings,$37
CHCI,NULL,1441203046932,0,50% bullish,of 2 ratings,N/A
CNAT,$3.8,1441203046962,"5,324",83% bullish,of 6 ratings,$13
CNSI,$18.175,1441203047063,"6,720",100% bearish,of 2 ratings,$29
CCUR,$5.39,1441203047153,300,75% bullish,of 4 ratings,N/A
CNCE,$15.96,1441203047195,"5,908",75% bullish,of 4 ratings,$22
CXRX,$77.81,1441203047356,206,100% bearish,of 1 rating,$90
CDOR,$1.34,1441203047410,100,100% bullish,of 1 rating,N/A
CDORO,$19,1441203047431,160,100% bearish,of 1 rating,N/A
CDORP,NULL,1441203047463,0,100% bearish,of 1 rating,N/A
CFMS,$15.41,1441203047490,"26,544",100% bearish,of 1 rating,$26.50
CNFR,$9.78,1441203047566,154,Not yet rated,NULL,N/A
CTWS,$35.03,1441203047646,"3,536",100% bearish,of 1 rating,$44
CNMD,$51.3,1441203047698,"43,377",Not yet rated,NULL,$59
CNXR,$7.07,1441203047756,"11,260",100% bearish,of 1 rating,$12
CNSL,$19.25,1441203047786,"19,863",100% bearish,of 1 rating,$23
CONN,$27.94,1441203047807,"52,449",67% bullish,of 3 ratings,$48.50
CWCO,$10.41,1441203047838,"4,380",67% bullish,of 3 ratings,$14.50
CTCT,$24.29,1441203047995,"10,370",67% bullish,of 3 ratings,$37
CNOB,$18.93,1441203048026,985,100% bullish,of 1 rating,$23.50
CPSS,$5.52,1441203048047,"1,558",100% bullish,of 1 rating,$10
CFRX,$4.94,1441203048083,932,Not yet rated,NULL,$14
CTRV,$3.65,1441203048180,"1,469",Not yet rated,NULL,$6.40
CFRXW,NULL,1441203048209,0,100% bearish,of 1 rating,N/A
CTRL,$8.1801,1441203048238,"7,204",50% bullish,of 2 ratings,$11
CFRXZ,NULL,1441203048268,0,Not yet rated,NULL,N/A
CRBP,$1.8964,1441203048341,"4,538",100% bullish,of 2 ratings,$6.25
CORT,$4.91,1441203048368,"17,232",67% bullish,of 3 ratings,$12
CPRT,$34.53,1441203048428,"27,524",67% bearish,of 3 ratings,$40
CSOD,$35.655,1441203048562,"22,617",50% bullish,of 2 ratings,$42
CORE,$59.79,1441203048593,"8,930",100% bearish,of 1 rating,$72
BVA,NULL,1441203048622,0,50% bullish,of 2 ratings,N/A
CORI,$10.38,1441203048643,"4,265",100% bearish,of 1 rating,$18
CRVL,$30.34,1441203048695,"1,365",100% bearish,of 1 rating,N/A
COSI,$1.13,1441203048790,"1,200",100% bullish,of 1 rating,N/A
CSGP,$171.27,1441203048839,"4,452",50% bullish,of 2 ratings,$235
CPAH,NULL,1441203048870,0,50% bullish,of 2 ratings,N/A
COST,$140.02,1441203048920,"157,813",79% bullish,of 24 ratings,$154.50
CVTI,$22.7101,1441203048975,"7,077",67% bearish,of 3 ratings,$39
ICBK,NULL,1441203049016,0,Not yet rated,NULL,$21
COVS,$2.665,1441203049149,"4,812",67% bullish,of 3 ratings,N/A
COWN,$5.08,1441203049233,"40,618",75% bullish,of 4 ratings,$7
COWNL,NULL,1441203049261,0,Not yet rated,NULL,N/A
CRAI,$23.11,1441203049289,"1,917",100% bearish,of 1 rating,$36
CPSH,$2.36,1441203049322,100,Not yet rated,NULL,N/A
CBRL,$145.5,1441203049364,"16,119",50% bullish,of 2 ratings,$155
BREW,$7.79,1441203049457,"1,395",67% bullish,of 6 ratings,$15
CRAY,$20.61,1441203049494,"18,890",83% bullish,of 6 ratings,$38.50
GLDI,NULL,1441203049591,0,100% bearish,of 1 rating,N/A
CACC,$199.4,1441203049622,"2,866",50% bullish,of 2 ratings,$158.50
CREE,$26.5,1441203049674,"93,743",65% bullish,of 17 ratings,$29.50
CRESY,$10.34,1441203049699,"1,206",100% bearish,of 1 rating,$19
SLVO,$10.0896,1441203049728,833,100% bearish,of 1 rating,N/A
CRTO,$38.37,1441203049753,"88,277",67% bullish,of 6 ratings,$64
CROX,$14.15,1441203049904,"37,650",63% bullish,of 8 ratings,$16.50
CCRN,$13.93,1441203049931,"27,744",100% bearish,of 1 rating,$14.25
CRWS,$7.99,1441203050061,"3,800",Not yet rated,NULL,$10
CRDS,$1,1441203050088,"6,000",75% bullish,of 4 ratings,$4.50
CYRX,$2.94,1441203050109,13,Not yet rated,NULL,$9
CYRXW,$0.78,1441203050146,100,Not yet rated,NULL,N/A
CRWN,$4.84,1441203050175,"46,695",75% bullish,of 4 ratings,N/A
CCLP,$14.53,1441203050240,"6,995",67% bearish,of 3 ratings,$20
CSGS,$30.21,1441203050278,"4,716",Not yet rated,NULL,$40
CTIC,$1.57,1441203050339,"82,376",84% bullish,of 76 ratings,$5.75
CSPI,$5.68,1441203050408,3,67% bullish,of 3 ratings,N/A
CTCM,$1.73,1441203050438,"8,592",80% bearish,of 5 ratings,$3.90
CTIB,NULL,1441203050467,0,100% bearish,of 1 rating,N/A
CTRP,$65.28,1441203050544,"173,574",75% bullish,of 8 ratings,$92.50
CUNB,$21.4,1441203050645,546,Not yet rated,NULL,$24.50
CUI,$5.15,1441203050671,"1,746",50% bullish,of 2 ratings,$10
CPIX,NULL,1441203050718,0,Not yet rated,NULL,N/A
CMLS,$1.37,1441203050864,"54,700",50% bullish,of 4 ratings,$6
CRIS,$2.55,1441203050896,"11,979",100% bullish,of 8 ratings,$6
CYAN,$6.52,1441203051026,"1,400",100% bearish,of 1 rating,N/A
CVBF,$15.91,1441203051060,"13,253",Not yet rated,NULL,$18
CUTR,$14.69,1441203051087,"2,666",67% bearish,of 3 ratings,$18
CVV,$11.82,1441203051108,255,100% bullish,of 5 ratings,N/A
CYBX,$64.4,1441203051163,"19,411",50% bullish,of 4 ratings,$71.50
CYBE,$6.7301,1441203051241,"1,153",100% bearish,of 1 rating,N/A
CYCCP,NULL,1441203051376,0,100% bearish,of 1 rating,N/A
CYBR,$51.08,1441203051411,"115,956",75% bullish,of 8 ratings,$68.50
CYCC,NULL,1441203051432,0,73% bullish,of 11 ratings,N/A
CBAY,$2.67,1441203051454,357,100% bullish,of 1 rating,$4
CYNA,NULL,1441203051488,0,50% bullish,of 2 ratings,$31.50
CYNO,$31.6599,1441203051514,"17,056",67% bearish,of 3 ratings,$45.50
CY,$9.96,1441203051687,"501,034",80% bullish,of 10 ratings,$15.50
CYTK,$6.96,1441203051719,"9,937",71% bullish,of 14 ratings,$13.50
CYTX,$0.382,1441203051741,"183,851",83% bullish,of 12 ratings,$5.50
CONE,$30.99,1441203051778,"20,805",67% bearish,of 3 ratings,$35.50
CYRN,$1.78,1441203051807,"1,200",67% bullish,of 3 ratings,$4
CTSO,$7.092,1441203051833,"5,346",Not yet rated,NULL,$15.625
CYTR,$2.33,1441203051873,"44,592",67% bullish,of 6 ratings,$10
TVIX,$17.62,1441203052044,"2,210,551",81% bullish,of 16 ratings,N/A
DAEG,$0.35,1441203052065,120,100% bearish,of 1 rating,N/A
TVIZ,$23.5,1441203052100,"9,376",100% bearish,of 1 rating,N/A
ZIV,$35.75,1441203052150,"22,749",Not yet rated,NULL,N/A
DJCO,$196,1441203052206,202,Not yet rated,NULL,N/A
XIV,$22.96,1441203052231,"2,613,338",75% bearish,of 4 ratings,N/A
DARA,$0.8767,1441203052282,535,83% bullish,of 6 ratings,$1.50
DRAM,NULL,1441203052410,0,78% bullish,of 9 ratings,N/A
DAIO,$2.61,1441203052439,154,Not yet rated,NULL,N/A
DAKT,$8.42,1441203052471,"12,234",50% bullish,of 2 ratings,$12
PLAY,$35.16,1441203052496,"24,014",100% bullish,of 5 ratings,$42
DTLK,$5.6,1441203052521,"1,162",100% bearish,of 1 rating,$9
DWCH,$5.085,1441203052572,"1,886",75% bullish,of 4 ratings,$8.25
DWSN,$4.5,1441203052699,"1,853",67% bullish,of 3 ratings,N/A
DTEA,$12.614,1441203052730,"4,303",100% bearish,of 2 ratings,$24
DBVT,$37.88,1441203052787,"15,286",100% bearish,of 1 rating,$53
TRAK,$62.77,1441203052837,"57,571",50% bullish,of 2 ratings,$62.50
DHRM,NULL,1441203052889,0,Not yet rated,NULL,N/A
DFRG,$14.54,1441203053070,"5,544",100% bearish,of 1 rating,$20
TACO,$12.6,1441203053285,"28,795",75% bullish,of 4 ratings,$20
TACOW,$3.88,1441203053316,300,100% bullish,of 1 rating,N/A
DGAS,$20.62,1441203053337,58,67% bearish,of 3 ratings,N/A
DCTH,$0.4153,1441203053358,"23,461",78% bullish,of 9 ratings,N/A
DELT,NULL,1441203053398,0,Not yet rated,NULL,N/A
DELTW,NULL,1441203053418,0,Not yet rated,NULL,N/A
DENN,$11.25,1441203053440,"74,095",100% bullish,of 3 ratings,$15
DERM,$25.33,1441203053672,"6,092",100% bearish,of 1 rating,$33.50
DSCI,$5.69,1441203053698,"2,025",50% bullish,of 2 ratings,$16
XRAY,$51.33,1441203053719,"59,112",100% bullish,of 1 rating,$58
DEPO,$26.36,1441203053751,"51,048",60% bullish,of 5 ratings,$29
DSWL,$1.62,1441203053852,50,100% bullish,of 1 rating,N/A
DEST,$10.99,1441203053877,"2,022",50% bullish,of 2 ratings,N/A
DXLG,$6.29,1441203053906,"16,342",100% bearish,of 1 rating,$8
DXM,$0.2799,1441203053937,"96,630",50% bullish,of 2 ratings,N/A
DMND,$30.29,1441203054045,"13,781",75% bullish,of 12 ratings,$32
DXCM,$88.69,1441203054075,"67,256",57% bullish,of 7 ratings,$98
DHIL,$190.4,1441203054101,202,Not yet rated,NULL,N/A
DHXM,NULL,1441203054122,0,Not yet rated,NULL,N/A
FANG,$64.37,1441203054254,"61,492",50% bullish,of 2 ratings,$86
DRNA,$11.04,1441203054329,"8,993",67% bearish,of 3 ratings,$25
DGII,$10.06,1441203054387,634,100% bearish,of 1 rating,$11
DCIX,$1.63,1441203054414,"7,454",50% bullish,of 4 ratings,$3.50
DGLY,$7.35,1441203054478,"93,683",50% bullish,of 6 ratings,$20
DRAD,$3.8899,1441203054511,"1,494",100% bullish,of 1 rating,$5.25
DMRC,$36.8391,1441203054532,"1,676",100% bearish,of 1 rating,$44
APPS,$2.42,1441203054611,"66,975",100% bearish,of 1 rating,$10.25
DCOM,$16.53,1441203054676,"4,955",100% bearish,of 2 ratings,$16
DIOD,$19.23,1441203054709,"9,678",75% bearish,of 4 ratings,$24
DPRX,$14.6,1441203054739,"1,233",100% bullish,of 2 ratings,$27.75
DISCB,NULL,1441203054809,0,100% bearish,of 1 rating,$35
DISCA,$26.41,1441203054835,"156,605",67% bullish,of 3 ratings,$34
DISCK,$25.29,1441203054866,"106,388",100% bearish,of 1 rating,$32
DSCO,$0.42,1441203055002,"58,782",83% bullish,of 6 ratings,$2.75
DISH,$59.7,1441203055048,"101,485",69% bullish,of 13 ratings,$73
DVCR,$10.24,1441203055147,127,100% bullish,of 1 rating,N/A
BAGR,$2.75,1441203055652,"5,400",100% bearish,of 1 rating,$6
DLHC,$2.96,1441203055709,"2,321",100% bearish,of 1 rating,N/A
DNBF,NULL,1441203055842,0,Not yet rated,NULL,$27.50
DLTR,$67.73,1441203055875,"1,365,439",82% bullish,of 11 ratings,$88
DGICB,NULL,1441203056056,0,100% bearish,of 1 rating,N/A
DGICA,$14.43,1441203056191,"1,734",100% bearish,of 1 rating,$17
DMLP,$15.81,1441203056370,"3,136",100% bearish,of 1 rating,N/A
HILL,$9.68,1441203056401,"170,630",60% bearish,of 5 ratings,$9.75
DRWI,$0.1922,1441203056428,"8,650",60% bullish,of 5 ratings,$.45
DSKX,$3.47,1441203056454,"10,240",100% bullish,of 1 rating,N/A
DORM,$50.29,1441203056476,"12,672",100% bearish,of 1 rating,$56
DRYS,$0.4479,1441203056513,"189,107",77% bullish,of 31 ratings,$.60
DRWIW,NULL,1441203056605,0,Not yet rated,NULL,N/A
DWA,$19.21,1441203056632,"33,306",63% bullish,of 8 ratings,$26
CADT,$10.02,1441203056698,100,Not yet rated,NULL,N/A
DSPG,$8.66,1441203056766,"3,089",100% bearish,of 1 rating,$13.50
CADTU,NULL,1441203056791,0,Not yet rated,NULL,N/A
CADTW,NULL,1441203056826,0,Not yet rated,NULL,N/A
CADTR,NULL,1441203056851,0,Not yet rated,NULL,N/A
DTSI,$29.11,1441203057018,"67,617",100% bearish,of 2 ratings,$39.50
DNKN,$49.44,1441203057090,"114,322",67% bullish,of 15 ratings,$56.50
DRRX,$2.07,1441203057155,"9,989",50% bullish,of 6 ratings,$3
DYAX,$22.56,1441203057181,"33,096",89% bullish,of 9 ratings,$30
DXPE,$30.31,1441203057218,"14,633",50% bullish,of 2 ratings,N/A
DYNT,$2.96,1441203057259,300,75% bullish,of 4 ratings,N/A
BOOM,$10.8,1441203057316,"15,224",67% bullish,of 3 ratings,$12
DYSL,$1.5599,1441203057353,531,100% bullish,of 2 ratings,N/A
EBMT,$12.115,1441203057555,200,Not yet rated,NULL,$13.50
EGLE,$7.06,1441203057588,"2,308",60% bullish,of 5 ratings,N/A
DVAX,$28.15,1441203057609,"35,988",70% bullish,of 10 ratings,$40
ETFC,$25.3001,1441203057630,"303,354",57% bullish,of 14 ratings,$32.50
EGBN,$41.34,1441203057672,"2,994",Not yet rated,NULL,$48
EGRX,$78.18,1441203057761,"23,537",67% bullish,of 3 ratings,$97
EROC,$1.53,1441203057808,"25,825",50% bullish,of 2 ratings,$3
ELNK,$8.38,1441203057906,"50,994",60% bullish,of 5 ratings,$9.50
EWBC,$39.0599,1441203057945,"38,368",100% bearish,of 1 rating,$50
EACQU,$10.01,1441203058032,200,Not yet rated,NULL,N/A
EML,$16.25,1441203058122,302,Not yet rated,NULL,N/A
EVBS,$6.66,1441203058152,100,Not yet rated,NULL,$7
ELON,$0.58,1441203058173,"2,945",50% bullish,of 2 ratings,N/A
EBAY,$26.69,1441203058208,"790,318",81% bullish,of 117 ratings,$34
EBIX,$27.91,1441203058234,"16,714",69% bullish,of 13 ratings,$40
ECHO,$22.19,1441203058304,"8,469",67% bearish,of 3 ratings,$34.50
SATS,$43.82,1441203058369,"8,478",50% bullish,of 2 ratings,$60
ECTE,$1.58,1441203058391,"1,500",75% bullish,of 4 ratings,N/A
EEI,$11.6,1441203058434,500,67% bearish,of 3 ratings,N/A
ECACU,$10.1,1441203058469,200,Not yet rated,NULL,N/A
ESES,NULL,1441203058569,0,100% bearish,of 1 rating,$7
EDGW,$7.2,1441203058674,259,100% bearish,of 1 rating,N/A
EFUT,NULL,1441203058754,0,Not yet rated,NULL,N/A
EDUC,$6.68,1441203058807,"10,151",100% bearish,of 1 rating,N/A
EGLT,$12.06,1441203058838,"14,354",50% bullish,of 2 ratings,$21
EDAP,$3.65,1441203058864,"12,213",60% bullish,of 5 ratings,$4.50
EGAN,$3.66,1441203058939,425,50% bullish,of 2 ratings,$6.25
EMITF,$1.23,1441203058992,72,75% bullish,of 4 ratings,N/A
EHTH,$14.9,1441203059019,"33,263",50% bullish,of 4 ratings,$16.50
ERI,$9.48,1441203059096,"9,954",100% bearish,of 1 rating,$10
LOCO,$12.8,1441203059147,"63,123",69% bullish,of 13 ratings,$19.50
ESLT,$78.41,1441203059172,"2,706",67% bullish,of 3 ratings,N/A
ELRC,$10.52,1441203059249,260,100% bearish,of 1 rating,N/A
EA,$64.72,1441203059351,"294,041",78% bullish,of 36 ratings,$80
ESIO,$4.5,1441203059420,"1,103",50% bullish,of 2 ratings,$10
EFII,$43.1,1441203059530,"3,487",80% bullish,of 5 ratings,$55
ELSE,NULL,1441203059554,0,60% bullish,of 5 ratings,N/A
ELEC,NULL,1441203059683,0,Not yet rated,NULL,N/A
ELECW,NULL,1441203059708,0,Not yet rated,NULL,N/A
EBIO,$3.3562,1441203059796,"30,888",100% bearish,of 2 ratings,$8.35
CAPX,$22.74,1441203059902,1,Not yet rated,NULL,N/A
RDEN,$11.01,1441203059930,"5,150",100% bearish,of 4 ratings,$15
LONG,$16.6768,1441203059966,108,67% bullish,of 3 ratings,$15.75
ELECU,NULL,1441203059995,0,Not yet rated,NULL,N/A
ESBK,$19.87,1441203060104,210,Not yet rated,NULL,N/A
ELTK,$1.32,1441203060177,"15,964",67% bearish,of 3 ratings,N/A
EMCI,$22.7,1441203060206,453,Not yet rated,NULL,N/A
EMKR,$6.84,1441203060394,"7,159",75% bullish,of 4 ratings,$8.50
EMCF,NULL,1441203060423,0,100% bearish,of 1 rating,N/A
EMMS,$1.25,1441203060499,125,83% bullish,of 6 ratings,N/A
NYNY,$4.24,1441203060577,512,50% bullish,of 2 ratings,N/A
ERS,$3.96,1441203060666,"1,434",Not yet rated,NULL,N/A
ENTA,$37.7,1441203060800,"8,070",50% bullish,of 2 ratings,$42
EMMSP,NULL,1441203060831,0,100% bearish,of 1 rating,N/A
ECPG,$38.6,1441203060852,"11,262",100% bullish,of 2 ratings,$52
ENDP,$73.86,1441203060883,"118,767",50% bullish,of 6 ratings,$101.50
WIRE,$31.61,1441203060905,"4,533",100% bearish,of 1 rating,$37
ECYT,$5.12,1441203060933,"15,538",83% bullish,of 6 ratings,$12
ELGX,$12.64,1441203061062,"23,523",75% bullish,of 4 ratings,$17
EIGI,$14.86,1441203061088,"11,299",67% bearish,of 3 ratings,$22.50
WATT,$7.1075,1441203061154,"8,388",50% bullish,of 2 ratings,$13
EFOI,$24.435,1441203061224,"261,496",50% bullish,of 2 ratings,$24.50
EXXI,$1.765,1441203061250,"264,733",86% bullish,of 7 ratings,$3.50
ERII,$2.65,1441203061271,"2,650",80% bullish,of 5 ratings,$2.50
ENOC,$8.91,1441203061451,"12,101",75% bullish,of 4 ratings,$18
ENPH,$4.47,1441203061674,"128,448",75% bullish,of 4 ratings,$11
ENG,$1.0001,1441203061720,"19,500",100% bullish,of 3 ratings,N/A
ESGR,$147.24,1441203061749,"3,280",100% bearish,of 1 rating,$185
ENFC,$17.8,1441203061804,200,Not yet rated,NULL,N/A
ENTL,$21.085,1441203061834,836,Not yet rated,NULL,$28
ENTG,$13.41,1441203061860,"15,031",100% bearish,of 1 rating,$18
ETRM,$0.3216,1441203061902,"2,498,131",69% bearish,of 35 ratings,$1.625
EBTC,$21.65,1441203061930,310,Not yet rated,NULL,N/A
EFSC,$23.88,1441203061996,"1,873",Not yet rated,NULL,$27
EGT,$2.08,1441203062097,"1,701",100% bullish,of 1 rating,N/A
EPRS,$5.09,1441203062191,"2,100",82% bullish,of 11 ratings,$15
ENZN,$0.9904,1441203062218,"27,157",100% bullish,of 9 ratings,N/A
ENVI,$1.9,1441203062247,"3,852",67% bullish,of 3 ratings,N/A
ENZY,$10,1441203062268,"2,270",67% bullish,of 3 ratings,$9.50
EPIQ,$12.61,1441203062301,"3,716",100% bearish,of 1 rating,$18
EPZM,$19.97,1441203062410,"21,985",60% bullish,of 5 ratings,$34
PLUS,$73.79,1441203062514,"2,830",50% bullish,of 2 ratings,$88
ERIC,$9.61,1441203062585,"357,062",67% bullish,of 9 ratings,$12.20
EQFN,NULL,1441203062658,0,100% bearish,of 1 rating,N/A
EAC,$3.4979,1441203062684,"2,567",100% bearish,of 1 rating,$8
ERIE,$80.965,1441203062724,"1,354",Not yet rated,NULL,$73
EQIX,$265.68,1441203062852,"40,308",75% bullish,of 4 ratings,$312.50
ESCRP,NULL,1441203062881,0,100% bearish,of 1 rating,N/A
ESCA,$17.49,1441203062907,"1,305",100% bearish,of 1 rating,$22
ESCR,$0.1449,1441203063072,"13,802",50% bullish,of 2 ratings,N/A
ESMC,$1.54,1441203063127,340,Not yet rated,NULL,N/A
ESPR,$47.283,1441203063152,"40,831",70% bearish,of 10 ratings,$115
ESSA,$12.92,1441203063180,"4,365",100% bearish,of 1 rating,N/A
EPIX,NULL,1441203063201,0,Not yet rated,NULL,N/A
ESND,$33.37,1441203063233,"5,964",100% bearish,of 2 ratings,$40
ESSX,$0.461,1441203063433,100,50% bullish,of 2 ratings,N/A
CLWT,NULL,1441203063526,0,100% bullish,of 1 rating,N/A
ETSY,$14.17,1441203063552,"73,903",80% bullish,of 5 ratings,$16
EEFT,$62.94,1441203063573,"6,089",100% bearish,of 1 rating,$67.50
ESEA,$4.78,1441203063604,"3,800",100% bullish,of 1 rating,$15
EVEP,$8.4767,1441203063630,"11,740",50% bullish,of 2 ratings,$15
EVOK,$3.4599,1441203064052,"1,232",100% bearish,of 1 rating,$13.375
EVK,$3.95,1441203064078,200,75% bearish,of 4 ratings,N/A
EVOL,$6.05,1441203064212,"2,502",75% bullish,of 4 ratings,$10
EVLV,$2.62,1441203064243,"8,297",60% bullish,of 5 ratings,$4.625
EXAS,$21.98,1441203064314,"118,598",78% bullish,of 9 ratings,$31
EXA,$10.57,1441203064370,"12,182",100% bearish,of 1 rating,$13
EXEL,$5.61,1441203064467,"746,455",81% bullish,of 16 ratings,$6
EXAC,$19.06,1441203064494,824,100% bearish,of 1 rating,$22.50
EXLS,$36.8,1441203064527,"10,371",50% bullish,of 2 ratings,$41
EXFO,NULL,1441203064557,0,67% bearish,of 3 ratings,$3.95
EXLP,$20.43,1441203064657,"3,178",100% bearish,of 1 rating,$25
EXPD,$49.0105,1441203064683,"118,318",80% bullish,of 5 ratings,$52
EXPE,$112.72,1441203064746,"96,620",64% bullish,of 11 ratings,$130
EXTR,$2.98,1441203064779,"33,367",80% bullish,of 5 ratings,$3
ESRX,$82.63,1441203064800,"277,012",67% bearish,of 6 ratings,$101
EYEG,$3.828,1441203064879,318,Not yet rated,NULL,N/A
EXPO,$42.32,1441203064933,"2,757",100% bearish,of 1 rating,$45.50
EYEGW,NULL,1441203064963,0,Not yet rated,NULL,N/A
EZCH,$22.73,1441203065070,"9,173",75% bullish,of 8 ratings,$19.50
FFIV,$119.53,1441203065103,"77,628",63% bullish,of 8 ratings,$132
EZPW,$6.1258,1441203065134,"13,038",50% bullish,of 4 ratings,$7
FB,$88.53,1441203065207,"3,173,993",73% bullish,of 1073 ratings,$111
FRP,$16.02,1441203065239,919,100% bearish,of 1 rating,$18
FCS,$13.37,1441203065314,"33,146",67% bearish,of 3 ratings,$17
FWM,$2.21,1441203065341,"11,460",100% bearish,of 2 ratings,$3.20
FALC,$1.69,1441203065370,400,63% bearish,of 8 ratings,N/A
DAVE,$14.62,1441203065471,863,100% bearish,of 1 rating,$15.50
FMNB,NULL,1441203065548,0,Not yet rated,NULL,N/A
FARO,$38.18,1441203065638,"5,492",50% bullish,of 2 ratings,$48
FFKT,$26.1,1441203065688,"1,004",Not yet rated,NULL,$29
FAST,$38.335,1441203065719,"253,427",80% bullish,of 5 ratings,$45.50
FARM,$22.33,1441203065740,699,100% bearish,of 1 rating,$35
FATE,$6.06,1441203065826,"2,299",50% bullish,of 2 ratings,$11
FBRC,$21.6,1441203065876,"6,602",100% bearish,of 1 rating,$29
FBSS,NULL,1441203065908,0,Not yet rated,NULL,N/A
FDML,$8.81,1441203066008,"12,535",50% bullish,of 4 ratings,$14
FHCO,$1.41,1441203066037,"1,000",50% bullish,of 4 ratings,N/A
FNHC,$21.6,1441203066065,"5,303",100% bearish,of 1 rating,$35
FEIC,$73.955,1441203066248,"18,533",50% bullish,of 2 ratings,$95.50
FCSC,$5.42,1441203066290,"13,120",100% bearish,of 1 rating,$8.125
FENX,$9.81,1441203066319,"7,170",100% bullish,of 1 rating,$14.25
ONEQ,$184.61,1441203066425,"5,283",100% bullish,of 1 rating,N/A
FGEN,$23.14,1441203066485,"21,073",100% bearish,of 1 rating,$39
LION,$18.81,1441203066660,"3,248",100% bullish,of 1 rating,$20
FDUS,$14.92,1441203066692,"2,900",50% bullish,of 2 ratings,$18
FSAM,$8.15,1441203066727,401,100% bearish,of 1 rating,$10.25
FSCFL,NULL,1441203066759,0,Not yet rated,NULL,N/A
FSC,$6.515,1441203066786,"39,773",60% bullish,of 5 ratings,$8
FITB,$19.34,1441203066820,"484,822",54% bullish,of 13 ratings,$22
FSFR,$8.8,1441203066850,"37,859",100% bearish,of 1 rating,$11.50
FRGI,$51.67,1441203066877,"7,566",50% bullish,of 2 ratings,$70
FITBI,$27.46,1441203067006,"6,011",Not yet rated,NULL,N/A
FISI,$24.8461,1441203067062,566,100% bullish,of 2 ratings,$24.50
FNSR,$15.18,1441203067104,"36,800",71% bullish,of 7 ratings,$24
FNGN,$30.605,1441203067135,"26,755",67% bullish,of 3 ratings,$47
FNJN,$1.7808,1441203067206,200,100% bearish,of 1 rating,$5
FEYE,$37.11,1441203067350,"312,115",88% bullish,of 16 ratings,$55.50
FNTCW,NULL,1441203067385,0,Not yet rated,NULL,N/A
FNTCU,NULL,1441203067412,0,Not yet rated,NULL,N/A
FNTC,NULL,1441203067436,0,Not yet rated,NULL,N/A
FBNC,$16.79,1441203067482,230,100% bullish,of 1 rating,$20
FRBA,NULL,1441203067511,0,Not yet rated,NULL,$8
FNLC,$18.67,1441203067543,"1,306",100% bullish,of 1 rating,N/A
BUSE,$6.37,1441203067612,"4,422",Not yet rated,NULL,$6.875
FBIZ,$22.51,1441203067682,"8,072",100% bearish,of 2 ratings,$26
FCVA,NULL,1441203067711,0,Not yet rated,NULL,N/A
FCFS,$39.38,1441203067818,"3,106",100% bearish,of 3 ratings,$47
FCAP,$26.9,1441203067848,39,Not yet rated,NULL,N/A
FCLF,$9.25,1441203067951,171,Not yet rated,NULL,N/A
FCCO,$12.35,1441203067989,200,Not yet rated,NULL,$13.25
FCBC,$17.28,1441203068015,936,Not yet rated,NULL,$18
FDEF,$36.695,1441203068094,331,Not yet rated,NULL,$38
FBNK,$16.74,1441203068148,676,100% bearish,of 1 rating,$17.50
FCNCA,$227.95,1441203068175,707,Not yet rated,NULL,N/A
FCFP,NULL,1441203068196,0,Not yet rated,NULL,N/A
FFNM,NULL,1441203068217,0,Not yet rated,NULL,N/A
FFBC,$18.18,1441203068351,"7,134",67% bearish,of 3 ratings,$20.25
FFBCW,NULL,1441203068378,0,100% bearish,of 1 rating,N/A
FFIN,$29.96,1441203068399,"5,392",50% bullish,of 2 ratings,$31.75
THFF,$32.67,1441203068534,497,Not yet rated,NULL,$35
FFNW,$12.21,1441203068560,218,Not yet rated,NULL,$14
FFWM,$21.2,1441203068600,946,Not yet rated,NULL,$24
INBK,$31.18,1441203068755,330,50% bullish,of 2 ratings,$37
FMBH,NULL,1441203068784,0,Not yet rated,NULL,N/A
FRME,$26,1441203068814,"11,837",Not yet rated,NULL,$26.50
FNBC,$34.9,1441203068840,"10,651",Not yet rated,NULL,$40
FMBI,$17.0904,1441203068921,"32,033",Not yet rated,NULL,$20
FIBK,$26.2275,1441203068987,"5,014",Not yet rated,NULL,$32
FSFG,NULL,1441203069055,0,Not yet rated,NULL,N/A
FNWB,$12.1,1441203069086,800,Not yet rated,NULL,N/A
FNFG,$8.9119,1441203069112,"164,316",80% bullish,of 5 ratings,$9
FSGI,$2.46,1441203069188,600,Not yet rated,NULL,N/A
FSLR,$47.98,1441203069216,"170,692",72% bullish,of 39 ratings,$65
FSBK,$7.71,1441203069345,"1,000",100% bullish,of 1 rating,N/A
FCAN,$23.22,1441203069480,100,Not yet rated,NULL,N/A
BICK,NULL,1441203069501,0,100% bullish,of 1 rating,N/A
FBZ,$9.67,1441203069534,100,Not yet rated,NULL,N/A
FCA,NULL,1441203069582,0,Not yet rated,NULL,N/A
FTCS,$35.84,1441203069632,"249,437",100% bearish,of 1 rating,N/A
FEMB,NULL,1441203069737,0,Not yet rated,NULL,N/A
FV,$22.988,1441203069762,"348,154",100% bearish,of 1 rating,N/A
IFV,$17.448,1441203069809,"18,867",100% bearish,of 1 rating,N/A
FTSM,$59.994,1441203069906,"4,835",100% bearish,of 1 rating,N/A
FEUZ,NULL,1441203069935,0,Not yet rated,NULL,N/A
TDIV,$24.35,1441203069965,"7,358",100% bearish,of 1 rating,N/A
MDIV,$19.0248,1441203070009,"13,707",Not yet rated,NULL,N/A
FGM,$35.22,1441203070066,100,Not yet rated,NULL,N/A
FTHI,$19.085,1441203070143,351,Not yet rated,NULL,N/A
FTGC,$22.33,1441203070168,813,Not yet rated,NULL,N/A
HYLS,$49.4976,1441203070231,"2,523",100% bearish,of 1 rating,N/A
FPXI,$26.4,1441203070375,200,Not yet rated,NULL,N/A
YDIV,NULL,1441203070404,0,Not yet rated,NULL,N/A
FHK,NULL,1441203070433,0,Not yet rated,NULL,N/A
SKYY,$28.38,1441203070459,"6,557",100% bullish,of 1 rating,N/A
CU,$12.56,1441203070506,520,100% bearish,of 1 rating,N/A
PLTM,$6.25,1441203070534,100,100% bearish,of 1 rating,N/A
FJP,$45.375,1441203070639,"12,000",Not yet rated,NULL,N/A
FTLB,$18.91,1441203070878,1,100% bearish,of 1 rating,N/A
LMBS,$50.27,1441203070904,500,Not yet rated,NULL,N/A
CIBR,$17.451,1441203071039,"4,604",Not yet rated,NULL,N/A
QABA,$36.68,1441203071060,114,100% bearish,of 1 rating,N/A
FONE,NULL,1441203071092,0,Not yet rated,NULL,N/A
QCLN,$14.82,1441203071145,"1,228",Not yet rated,NULL,N/A
FMB,$51.1875,1441203071189,"2,112",Not yet rated,NULL,N/A
RDVY,$20.69,1441203071276,425,Not yet rated,NULL,N/A
GRID,NULL,1441203071351,0,100% bearish,of 1 rating,N/A
CARZ,NULL,1441203071405,0,100% bearish,of 1 rating,N/A
QQXT,$39.58,1441203071436,"2,734",Not yet rated,NULL,N/A
QQEW,$40.98,1441203071462,"118,387",Not yet rated,NULL,N/A
QTEC,$39.24,1441203071509,"2,510",Not yet rated,NULL,N/A
AIRR,$16.2601,1441203071536,"1,579",100% bearish,of 1 rating,N/A
QINC,NULL,1441203071593,0,Not yet rated,NULL,N/A
FTSL,$48.83,1441203071728,"6,751",100% bearish,of 1 rating,N/A
FKO,NULL,1441203071836,0,Not yet rated,NULL,N/A
FDIV,NULL,1441203071865,0,100% bearish,of 1 rating,N/A
TUSA,$24.37,1441203071910,370,Not yet rated,NULL,N/A
FSZ,$38.71,1441203071969,100,Not yet rated,NULL,N/A
FTW,NULL,1441203071993,0,Not yet rated,NULL,N/A
FKU,$41.198,1441203072020,269,Not yet rated,NULL,N/A
FUNC,$8.15,1441203072161,200,Not yet rated,NULL,N/A
FMER,$17.27,1441203072233,"47,517",50% bullish,of 2 ratings,$20
SVVC,$9.2,1441203072260,"2,566",50% bullish,of 2 ratings,$26
FISV,$83.95,1441203072289,"97,295",100% bearish,of 3 ratings,$90
FSV,$31.6,1441203072331,"1,000",Not yet rated,NULL,$33.60
FPRX,$18.52,1441203072360,"23,217",50% bullish,of 2 ratings,$35
FIVE,$37.845,1441203072389,"160,881",75% bearish,of 4 ratings,$44
FIVN,$3.9,1441203072570,"8,152",100% bullish,of 1 rating,$8.50
FLKS,$11.45,1441203072712,"11,800",50% bullish,of 2 ratings,$27
FLXN,$23.85,1441203072784,"38,924",100% bearish,of 1 rating,$40
SKOR,NULL,1441203072844,0,Not yet rated,NULL,N/A
FLML,$22.73,1441203072918,"13,148",50% bullish,of 2 ratings,$30
FLEX,$10.23,1441203072943,"227,028",63% bullish,of 8 ratings,$12
FLXS,$31.271,1441203072970,"2,512",100% bearish,of 2 ratings,N/A
MBSD,$24.91,1441203072995,315,Not yet rated,NULL,N/A
FLDM,$11.29,1441203073331,"13,786",67% bearish,of 3 ratings,$15
FLIR,$28.25,1441203073352,"51,073",100% bearish,of 2 ratings,$38.50
FFIC,$19.35,1441203073391,"13,514",Not yet rated,NULL,$20.50
FOGO,$19.465,1441203073484,"5,100",50% bullish,of 2 ratings,$25.50
FONR,$9.68,1441203073514,20,100% bullish,of 1 rating,N/A
FES,$0.9,1441203073565,"4,379",50% bullish,of 2 ratings,$1
FOMX,$9.95,1441203073591,"4,546",50% bullish,of 2 ratings,$23.50
FORM,$6.5954,1441203073616,"6,732",67% bullish,of 3 ratings,$10.50
FTNT,$41.43,1441203073794,"56,473",80% bullish,of 10 ratings,$52
FORTY,$30.17,1441203073832,200,100% bearish,of 1 rating,N/A
FBIO,$2.6464,1441203073928,"2,700",83% bullish,of 6 ratings,N/A
FORR,$30.91,1441203073954,"4,012",Not yet rated,NULL,N/A
FWP,$26,1441203073984,"2,212",100% bearish,of 1 rating,$45
FWRD,$43.94,1441203074005,"6,459",100% bearish,of 1 rating,$50
FORD,$1.5985,1441203074033,"723,225",67% bullish,of 3 ratings,N/A
FOSL,$60.22,1441203074254,"34,629",60% bearish,of 5 ratings,$80
FRAN,$11.31,1441203074311,"46,783",50% bullish,of 4 ratings,$15
FXCB,$17.34,1441203074339,"3,278",Not yet rated,NULL,$19
FOXF,$14.99,1441203074366,915,100% bearish,of 1 rating,$19
FELE,$27.74,1441203074396,"9,888",50% bullish,of 4 ratings,$33
FREE,$0.431,1441203074417,"851,167",92% bullish,of 12 ratings,N/A
FMI,$23.22,1441203074438,"24,384",100% bearish,of 2 ratings,$27.50
FRED,$13.02,1441203074574,"11,688",50% bullish,of 2 ratings,$15.50
RAIL,$20.72,1441203074803,"4,743",100% bearish,of 1 rating,$24.50
FEIM,NULL,1441203074833,0,100% bearish,of 1 rating,N/A
FTR,$5.1463,1441203074861,"2,157,516",78% bullish,of 27 ratings,$6.25
FRPT,$12.85,1441203074886,"51,162",67% bearish,of 3 ratings,$23.50
FSBW,$23.2,1441203074934,488,Not yet rated,NULL,N/A
FTRPR,$101.83,1441203075071,"1,000",100% bearish,of 1 rating,N/A
FRPH,$31.34,1441203075116,2,100% bearish,of 1 rating,N/A
FSYS,$6.59,1441203075175,"26,445",67% bullish,of 3 ratings,$10
FCEL,$0.8547,1441203075202,"192,079",88% bullish,of 41 ratings,$2.65
FULL,$3.1199,1441203075251,"1,090",67% bearish,of 3 ratings,$4.25
FTEK,$1.96,1441203075276,729,75% bullish,of 4 ratings,N/A
FTD,$29.755,1441203075347,"1,368",100% bearish,of 1 rating,$40
FULLL,NULL,1441203075374,0,Not yet rated,NULL,N/A
FLL,$1.4499,1441203075449,"5,219",75% bullish,of 4 ratings,$3.50
FULT,$11.805,1441203075579,"38,664",100% bearish,of 1 rating,$13
FSNN,NULL,1441203075660,0,67% bullish,of 3 ratings,$6
FFHL,NULL,1441203075685,0,50% bullish,of 4 ratings,N/A
FXEN,$0.9801,1441203075714,"2,340",75% bullish,of 4 ratings,$1.10
FXENP,NULL,1441203075756,0,100% bearish,of 1 rating,N/A
GK,$66.37,1441203075817,"1,511",Not yet rated,NULL,$78
GLPG,$57.1,1441203075885,"5,958",100% bullish,of 1 rating,$75
WILC,$4.93,1441203075912,"2,010",100% bullish,of 2 ratings,N/A
GALTW,NULL,1441203076042,0,100% bullish,of 1 rating,N/A
GAIA,$6.14,1441203076073,471,50% bullish,of 2 ratings,$8.50
GALTU,NULL,1441203076100,0,100% bearish,of 1 rating,N/A
GALT,$2.17,1441203076123,"2,933",80% bullish,of 5 ratings,N/A
GALE,$1.6001,1441203076152,"109,247",89% bullish,of 47 ratings,$4
GLMD,$8.575,1441203076180,"3,358",67% bullish,of 3 ratings,$20.50
GPIC,$9.76,1441203076421,100,100% bearish,of 1 rating,N/A
GGACU,$10.24,1441203076446,100,Not yet rated,NULL,N/A
GLPI,$30.71,1441203076471,"56,255",100% bearish,of 1 rating,$37.50
GGAC,NULL,1441203076503,0,100% bearish,of 1 rating,N/A
GGACR,$0.26,1441203076530,"10,000",100% bullish,of 1 rating,N/A
GARS,$14.25,1441203076666,"11,736",Not yet rated,NULL,$16
GRMN,$36.97,1441203076688,"59,200",50% bullish,of 6 ratings,$46.50
GNCMA,$16.6,1441203076723,"17,662",100% bearish,of 1 rating,$12
GGACW,$0.18,1441203076773,"2,716",Not yet rated,NULL,N/A
GENC,NULL,1441203076822,0,100% bearish,of 1 rating,N/A
GFN,$3.88,1441203076879,684,100% bearish,of 2 ratings,$8
GFNCP,NULL,1441203076910,0,Not yet rated,NULL,N/A
GFNSL,NULL,1441203076968,0,Not yet rated,NULL,N/A
GENE,$2.3701,1441203077053,"8,565",100% bullish,of 12 ratings,N/A
GNMK,$9.51,1441203077099,"4,308",67% bullish,of 6 ratings,$14
GNCA,$11.39,1441203077327,"7,965",100% bearish,of 1 rating,$20
GHDX,$26.1,1441203077364,"30,407",50% bullish,of 2 ratings,$30
GNTX,$15.46,1441203077395,"179,478",Not yet rated,NULL,$20
GNVC,$2.3701,1441203077422,604,90% bullish,of 10 ratings,$8.50
GTWN,$18.97,1441203077448,500,Not yet rated,NULL,N/A
THRM,$44.315,1441203077496,"14,744",75% bearish,of 4 ratings,$55.50
GEVO,$2.37,1441203077530,"54,137",75% bullish,of 12 ratings,$5
GABC,$28.5,1441203077628,"3,026",Not yet rated,NULL,$31
GERN,$2.99,1441203077660,"200,955",88% bullish,of 16 ratings,$5.25
GEOS,$16.73,1441203077688,"8,310",100% bearish,of 3 ratings,$21
ROCK,$16.2,1441203077713,"10,752",80% bullish,of 5 ratings,$24
GIII,$64.385,1441203077760,"152,216",67% bullish,of 3 ratings,$75
GIGM,$0.5325,1441203077845,400,100% bullish,of 2 ratings,N/A
GIGA,$1.51,1441203077870,50,100% bearish,of 1 rating,N/A
GILD,$102.784,1441203078037,"913,682",91% bullish,of 87 ratings,$129
GILT,$4.2,1441203078169,736,50% bullish,of 2 ratings,N/A
GBCI,$25.67,1441203078235,"18,327",50% bullish,of 2 ratings,$31
GLADO,$25.5,1441203078301,727,Not yet rated,NULL,N/A
GLAD,$8.8,1441203078326,"17,557",50% bullish,of 2 ratings,$8.75
GOODN,NULL,1441203078360,0,Not yet rated,NULL,N/A
GOODO,$25.1,1441203078385,1,Not yet rated,NULL,N/A
GAIN,$7.375,1441203078460,"7,675",100% bullish,of 2 ratings,$8.25
GOOD,$14.2301,1441203078528,"4,548",Not yet rated,NULL,$19
GAINO,$25.19,1441203078618,1,Not yet rated,NULL,N/A
GOODP,NULL,1441203078677,0,Not yet rated,NULL,N/A
GAINP,$25.61,1441203078708,"4,219",Not yet rated,NULL,N/A
LAND,$9.34,1441203078729,"6,542",50% bullish,of 2 ratings,$13.75
GAINN,$25.07,1441203078762,"5,980",Not yet rated,NULL,N/A
GBT,$49.98,1441203078859,"14,350",100% bearish,of 1 rating,N/A
ENT,$11,1441203079026,"5,766",100% bearish,of 1 rating,$18
GDEF,$10.65,1441203079052,400,Not yet rated,NULL,N/A
GPACU,NULL,1441203079085,0,Not yet rated,NULL,N/A
GLBZ,NULL,1441203079105,0,Not yet rated,NULL,N/A
GBLI,$26.84,1441203079134,"1,673",Not yet rated,NULL,N/A
GSOL,$8.07,1441203079186,"2,221",100% bearish,of 1 rating,N/A
ACTX,NULL,1441203079288,0,100% bullish,of 1 rating,N/A
QQQC,$18.16,1441203079386,"2,900",100% bearish,of 1 rating,N/A
ALTY,NULL,1441203079439,0,Not yet rated,NULL,N/A
YLCO,$11.66,1441203079512,600,Not yet rated,NULL,N/A
GAI,NULL,1441203079568,0,50% bullish,of 2 ratings,N/A
SRET,$12.96,1441203079604,3,Not yet rated,NULL,N/A
SOCL,$17.27,1441203079632,"10,229",100% bullish,of 2 ratings,N/A
GSM,$13.37,1441203079653,"21,184",50% bullish,of 2 ratings,$22
GBIM,$2.58,1441203079782,800,50% bullish,of 2 ratings,N/A
GLUU,$4.25,1441203079919,"212,991",92% bullish,of 26 ratings,$9
GLBS,$1.06,1441203079946,300,67% bullish,of 3 ratings,N/A
GLRI,$1.03,1441203079975,"1,850",100% bearish,of 1 rating,$4.25
GOGO,$15.6,1441203080000,"70,141",80% bullish,of 5 ratings,$25
GLYC,NULL,1441203080030,0,50% bullish,of 2 ratings,$14
GLNG,$38.2,1441203080107,"45,471",83% bullish,of 6 ratings,$55.50
GMLP,$20.235,1441203080250,"16,341",50% bullish,of 4 ratings,$29
GDEN,$9.02,1441203080286,700,50% bullish,of 2 ratings,N/A
GOGL,$3.005,1441203080327,"56,310",75% bullish,of 4 ratings,$5
GTIM,$6.72,1441203080383,"1,109",Not yet rated,NULL,$11.50
GBDC,$16.9065,1441203080461,"19,417",Not yet rated,NULL,$17.75
GLDC,$4.0987,1441203080495,200,50% bullish,of 2 ratings,N/A
GOOGL,$637.0803,1441203080593,"145,572",88% bullish,of 1082 ratings,$749
GPRO,$39.7049,1441203080614,"3,876,347",78% bullish,of 58 ratings,$72
GOOG,$605.46,1441203080647,"243,189",88% bullish,of 72 ratings,$787.50
GMAN,$3.77,1441203080698,"3,978",60% bullish,of 5 ratings,$8.50
GPIAW,NULL,1441203080753,0,Not yet rated,NULL,N/A
GPIA,NULL,1441203080782,0,100% bearish,of 1 rating,N/A
GPIAU,$10,1441203080852,200,Not yet rated,NULL,N/A
GRVY,NULL,1441203080937,0,50% bullish,of 2 ratings,N/A
GBSN,$0.27,1441203081011,"1,438,342",50% bullish,of 2 ratings,$8.25
LOPE,$36.57,1441203081037,"12,627",100% bearish,of 2 ratings,$50
GBSNU,NULL,1441203081059,0,NULL,NULL,NULL
GLDD,$5.29,1441203081118,"14,762",100% bearish,of 4 ratings,$7.75
GSBC,$40.64,1441203081223,"2,510",100% bullish,of 1 rating,$44
GPP,$14.16,1441203081286,910,Not yet rated,NULL,$20.50
GCBC,$28.5,1441203081533,101,100% bullish,of 1 rating,N/A
GLRE,$24.9,1441203081558,"27,419",50% bullish,of 2 ratings,$41
GPRE,$19.9,1441203081585,"35,959",67% bullish,of 6 ratings,$28.50
GRBK,$11.538,1441203081627,"7,775",77% bullish,of 13 ratings,N/A
GRIF,NULL,1441203081652,0,100% bearish,of 1 rating,N/A
GRFS,$29.97,1441203081723,"18,123",50% bullish,of 2 ratings,$35
GRPN,$4.37,1441203081751,"550,659",61% bullish,of 71 ratings,$6.75
GNBC,$12.1,1441203081776,599,100% bearish,of 1 rating,$16.50
GGAL,$18.82,1441203081823,"14,592",80% bullish,of 5 ratings,$40
OMAB,$41.1,1441203081883,"2,018",100% bullish,of 1 rating,$44
GSIT,$4.63,1441203082014,200,100% bearish,of 1 rating,N/A
GSVC,$8.696,1441203082105,"5,293",50% bullish,of 2 ratings,$15.75
GSIG,$12.68,1441203082153,"3,300",100% bearish,of 2 ratings,N/A
GTXI,$0.8601,1441203082185,"4,796",100% bullish,of 5 ratings,$.75
GFED,$14.97,1441203082282,300,Not yet rated,NULL,$17
GUID,$6.9,1441203082361,"8,547",100% bearish,of 3 ratings,$10
GBNK,$15.67,1441203082399,"1,563",100% bearish,of 1 rating,$18
GIFI,$12.44,1441203082492,"4,106",100% bearish,of 1 rating,$16
GWPH,$104.18,1441203082524,"13,380",78% bullish,of 9 ratings,$148.50
GPOR,$34.01,1441203082545,"70,772",75% bullish,of 4 ratings,$54
GURE,$1.7,1441203082579,"3,950",88% bullish,of 8 ratings,N/A
GULTU,$0.3273,1441203082604,"8,400",100% bearish,of 1 rating,N/A
GWGH,$8.12,1441203082630,100,100% bearish,of 1 rating,$15.05
GYRO,$29.6,1441203082808,"2,400",100% bearish,of 1 rating,N/A
HEES,$18.99,1441203082839,"41,174",67% bearish,of 3 ratings,$31
HNRG,$7.6,1441203082866,"13,368",100% bearish,of 1 rating,$10
HLG,NULL,1441203082895,0,100% bearish,of 1 rating,N/A
HALL,$11.38,1441203082939,"1,800",Not yet rated,NULL,N/A
HALO,$17.11,1441203083000,"88,787",67% bullish,of 3 ratings,$22.50
HBHCL,$24.21,1441203083167,"3,888",Not yet rated,NULL,N/A
HMPR,$1.811,1441203083192,"1,749",100% bullish,of 1 rating,N/A
HBHC,$26.91,1441203083223,"37,589",50% bullish,of 2 ratings,$30
HAFC,$23.73,1441203083254,"13,448",100% bullish,of 2 ratings,$28.50
HNSN,$0.5401,1441203083322,"1,340",88% bullish,of 8 ratings,$.40
HNH,$24.84,1441203083349,383,100% bullish,of 1 rating,N/A
HQCL,$12.33,1441203083380,908,67% bullish,of 3 ratings,$14
HBK,NULL,1441203083428,0,50% bullish,of 2 ratings,N/A
HDNG,$10.1,1441203083571,470,50% bullish,of 4 ratings,N/A
HLIT,$5.67,1441203083600,"44,419",100% bearish,of 1 rating,$6.50
HRMN,NULL,1441203083621,0,Not yet rated,NULL,N/A
HRMNW,$0.4375,1441203083749,100,Not yet rated,NULL,N/A
TINY,$2.4809,1441203083774,"1,278",50% bullish,of 2 ratings,$5.26
HART,$1.22,1441203083850,"31,674",100% bearish,of 1 rating,N/A
HCAPL,$25.45,1441203083981,300,Not yet rated,NULL,N/A
HCAP,$12.08,1441203084014,87,50% bullish,of 2 ratings,$15
HRMNU,NULL,1441203084035,0,Not yet rated,NULL,N/A
HBIO,$4.39,1441203084056,"9,025",100% bearish,of 1 rating,$10
HAS,$74.21,1441203084095,"138,839",63% bullish,of 8 ratings,$84.50
HCOM,$21.92,1441203084121,686,100% bearish,of 1 rating,$28
HA,$22.99,1441203084190,"44,103",67% bullish,of 9 ratings,$27
HAYN,$37.82,1441203084295,"2,465",100% bearish,of 1 rating,$59
HWBK,$13.34,1441203084323,200,100% bearish,of 1 rating,N/A
HDS,$32.2499,1441203084351,"39,101",100% bearish,of 2 ratings,$39.50
HIIQ,$5,1441203084534,"1,308",50% bullish,of 2 ratings,$7
HWKN,$38.02,1441203084563,"2,056",Not yet rated,NULL,N/A
HQY,$29.355,1441203084593,"17,356",67% bullish,of 3 ratings,$35
HSTM,$23.925,1441203084628,"16,058",50% bullish,of 2 ratings,$33.75
HCSG,$32.88,1441203084654,"4,130",50% bullish,of 4 ratings,$35
HWAY,$11.87,1441203084689,"16,934",100% bearish,of 1 rating,$15
HTWR,$67.76,1441203084780,"660,566",50% bullish,of 2 ratings,$103
HTLD,$20,1441203084810,"26,932",Not yet rated,NULL,$22.50
HTBX,$3.92,1441203084886,"7,085",50% bullish,of 2 ratings,$15.50
HTLF,$35.66,1441203084911,"1,295",100% bullish,of 1 rating,$39.50
HELE,$83.32,1441203084965,"10,137",67% bearish,of 3 ratings,$100
HSII,$19.67,1441203084991,"1,084",100% bullish,of 3 ratings,$25
HMTV,$13.32,1441203085116,639,100% bearish,of 1 rating,$16
HMNY,NULL,1441203085160,0,100% bearish,of 1 rating,N/A
HCACU,NULL,1441203085249,0,Not yet rated,NULL,N/A
HSIC,$134.01,1441203085281,"28,362",83% bullish,of 6 ratings,$146
HERO,NULL,1441203085310,0,NULL,NULL,NULL
HNNA,$24.65,1441203085331,200,Not yet rated,NULL,N/A
HTBK,$10.33,1441203085384,"1,868",Not yet rated,NULL,$12
HEOP,$7.57,1441203085417,368,Not yet rated,NULL,$8.50
HCCI,$11.55,1441203085550,134,100% bearish,of 1 rating,$16.50
MLHR,$26.5,1441203085604,"9,786",50% bullish,of 2 ratings,$33.50
HSKA,$34.18,1441203085631,"4,820",100% bearish,of 1 rating,$38
HFWA,$17.41,1441203085663,234,100% bullish,of 1 rating,$20
HRTX,$36.275,1441203085684,"108,631",57% bullish,of 7 ratings,$41
HFFC,$15.99,1441203085761,200,Not yet rated,NULL,N/A
HIBB,$39,1441203085844,"10,626",100% bearish,of 1 rating,$46.50
HIHO,$4.15,1441203085894,"1,261",Not yet rated,NULL,N/A
HIMX,$6.445,1441203085980,"371,133",86% bullish,of 21 ratings,$8.50
HPJ,$2.177,1441203086011,"4,010",75% bullish,of 4 ratings,$12.43
HIFS,$118.43,1441203086119,"1,167",Not yet rated,NULL,N/A
HSGX,$6.23,1441203086152,604,100% bearish,of 1 rating,$17
HMNF,NULL,1441203086219,0,Not yet rated,NULL,N/A
HMSY,$9.7,1441203086251,"45,804",67% bullish,of 3 ratings,$19.35
HOLX,$37.6367,1441203086321,"248,274",50% bullish,of 4 ratings,$42
HOLI,$16.65,1441203086349,"45,848",50% bullish,of 4 ratings,$27
HBCP,$24.76,1441203086418,7,Not yet rated,NULL,$29
HOMB,$37.14,1441203086517,"13,619",Not yet rated,NULL,$42
HFBL,$21.66,1441203086544,100,Not yet rated,NULL,N/A
AWAY,$28.01,1441203086676,"81,145",67% bullish,of 3 ratings,$36
HMST,$21.85,1441203086778,"4,391",100% bullish,of 2 ratings,$27
HMIN,$25.43,1441203086806,"8,603",100% bearish,of 2 ratings,$35
HTBI,$18,1441203086832,"1,856",67% bullish,of 3 ratings,$18.625
HKTV,$4.1745,1441203086857,"12,850",100% bearish,of 1 rating,N/A
CETC,$0.76,1441203086885,"14,764",86% bullish,of 7 ratings,N/A
HBNC,$23.94,1441203087055,"1,050",100% bullish,of 1 rating,$27
HOFT,$23.73,1441203087110,"6,333",100% bearish,of 1 rating,N/A
HFBC,$11.3901,1441203087146,600,Not yet rated,NULL,N/A
HZNP,$29.45,1441203087213,"109,705",85% bullish,of 20 ratings,$40
HRZN,$10.33,1441203087241,"3,636",50% bullish,of 2 ratings,$14.25
ZINC,$7.27,1441203087272,"125,399",100% bearish,of 1 rating,$17
HDP,$23.215,1441203087299,"52,147",67% bearish,of 3 ratings,$30.50
HMHC,$22.37,1441203087377,"47,816",Not yet rated,NULL,$27
HOVNP,$4,1441203087559,200,100% bearish,of 1 rating,N/A
HSNI,$59.92,1441203087637,"6,055",Not yet rated,NULL,$80
HBMD,$14.4,1441203087691,40,100% bearish,of 1 rating,N/A
HCBK,$8.935,1441203087721,"180,276",83% bullish,of 6 ratings,$8.61
HWCC,$7.46,1441203087742,"2,215",100% bearish,of 1 rating,$9
HTGM,$5.81,1441203087763,503,100% bearish,of 1 rating,$19.50
HUBG,$37.25,1441203087785,"6,880",100% bearish,of 1 rating,$43
HSON,$2.69,1441203087914,"1,973",100% bearish,of 1 rating,$5
HBAN,$10.555,1441203087970,"972,471",76% bullish,of 17 ratings,$12.29
HDSN,$3.15,1441203088002,200,100% bullish,of 1 rating,$6.25
HBANP,NULL,1441203088031,0,100% bearish,of 1 rating,N/A
HTCH,$1.44,1441203088131,"21,508",100% bearish,of 1 rating,$3.50
HURN,$72.26,1441203088181,"3,476",50% bullish,of 2 ratings,$80
HURC,$29.31,1441203088230,600,100% bearish,of 1 rating,N/A
HBP,$3.14,1441203088416,376,100% bullish,of 1 rating,N/A
HDRAR,NULL,1441203088441,0,Not yet rated,NULL,N/A
HDRAU,$10.02,1441203088484,500,Not yet rated,NULL,N/A
HDRA,NULL,1441203088514,0,Not yet rated,NULL,N/A
HDRAW,NULL,1441203088542,0,Not yet rated,NULL,N/A
IACI,$70.25,1441203088618,"41,786",80% bullish,of 5 ratings,$90
IDSY,NULL,1441203088652,0,100% bearish,of 1 rating,$7
HYGS,$8.97,1441203088687,"7,297",50% bullish,of 2 ratings,$13
IKGH,NULL,1441203088748,0,75% bullish,of 4 ratings,N/A
IBKC,$59.1,1441203088792,"6,817",100% bullish,of 1 rating,$70
ICAD,$3.66,1441203088847,"1,035",100% bullish,of 2 ratings,$7.25
IEP,$71.6502,1441203088897,"2,943",75% bullish,of 4 ratings,$99
ICFI,$33.59,1441203088951,762,50% bullish,of 2 ratings,$48.50
ICLR,$75.78,1441203089082,"54,573",100% bearish,of 3 ratings,$85
ICUI,$110.88,1441203089112,"8,995",Not yet rated,NULL,$122
IPWR,$7.47,1441203089213,300,100% bullish,of 1 rating,$15
ICON,$12.9497,1441203089243,"45,750",50% bullish,of 2 ratings,$28
INVE,$4.586,1441203089265,"4,980",75% bullish,of 4 ratings,$4
IDRA,$2.92,1441203089297,"84,389",89% bullish,of 9 ratings,$6.50
IDXX,$71.41,1441203089345,"57,441",100% bearish,of 1 rating,$76
RXDX,$13.55,1441203089540,"7,410",100% bullish,of 1 rating,$20
IROQ,$16.83,1441203089641,100,100% bullish,of 1 rating,N/A
IRG,$4.95,1441203089669,916,100% bearish,of 1 rating,$4.25
DSKY,$10.9692,1441203089700,"7,150",67% bullish,of 6 ratings,$11.50
KANG,$15.45,1441203089728,"19,566",50% bullish,of 2 ratings,$23.10
IIVI,$16.5066,1441203089749,"13,818",100% bearish,of 1 rating,$22
IKAN,$2.74,1441203089806,"5,642",83% bullish,of 6 ratings,$5
ILMN,$195.78,1441203089994,"50,342",80% bullish,of 5 ratings,$245
IKNX,NULL,1441203090127,0,100% bearish,of 1 rating,N/A
IMMR,$11.42,1441203090157,"41,920",80% bullish,of 5 ratings,$15.50
ISNS,$4.11,1441203090187,"1,640",50% bullish,of 2 ratings,N/A
ICCC,$6.7,1441203090208,"3,007",100% bullish,of 1 rating,N/A
IMDZ,$15.19,1441203090236,"1,903",100% bearish,of 1 rating,$33
IMNP,NULL,1441203090265,0,50% bullish,of 2 ratings,$6
IMGN,$13.39,1441203090408,"67,282",75% bullish,of 4 ratings,$17.50
IPXL,$40.5,1441203090487,"43,441",67% bullish,of 3 ratings,$46.50
IMMU,$2.12,1441203090537,"88,919",86% bullish,of 7 ratings,$2
IMMY,$7.7225,1441203090568,803,100% bearish,of 1 rating,$11
INCR,$41.64,1441203090697,"13,258",50% bullish,of 2 ratings,$53
INCY,$117.04,1441203090722,"171,311",50% bullish,of 6 ratings,$125.50
SAAS,$7.25,1441203090799,"27,930",50% bullish,of 2 ratings,$15
IBTX,$39.94,1441203090858,"3,856",100% bullish,of 2 ratings,$47.25
IDSA,NULL,1441203090888,0,Not yet rated,NULL,N/A
IBCP,$13.97,1441203090921,"9,692",100% bullish,of 1 rating,$14.50
INFN,$21.6244,1441203090947,"100,942",71% bullish,of 7 ratings,$28
INFI,$8.77,1441203090987,"26,622",50% bullish,of 4 ratings,$16.50
INDB,$44.21,1441203091016,"1,408",Not yet rated,NULL,$44
IPCC,$75.98,1441203091183,522,Not yet rated,NULL,$77.50
III,$3.59,1441203091210,"7,150",57% bullish,of 7 ratings,$6
IMKTA,$49.9,1441203091259,"3,103",100% bearish,of 1 rating,N/A
IFON,$1.26,1441203091284,"5,599",75% bullish,of 4 ratings,N/A
INWK,$7.16,1441203091347,"6,172",50% bullish,of 2 ratings,$10
INNL,NULL,1441203091412,0,100% bearish,of 1 rating,$16.50
INOD,$2.411,1441203091541,137,100% bearish,of 1 rating,N/A
ISSC,NULL,1441203091574,0,67% bearish,of 3 ratings,N/A
IOSP,$48.87,1441203091606,"9,439",100% bearish,of 1 rating,N/A
IPHS,$47.01,1441203091634,"8,263",100% bearish,of 1 rating,$60
INOV,$21.7,1441203091673,"13,862",100% bearish,of 1 rating,$33
ITEK,$12.2,1441203091699,"21,281",100% bearish,of 3 ratings,$20
INGN,$49.07,1441203091724,"8,867",100% bearish,of 1 rating,$50.50
INO,$7.145,1441203091916,"93,441",89% bullish,of 18 ratings,$20
ISIG,$2.7,1441203092011,475,100% bearish,of 1 rating,N/A
NSIT,$24.73,1441203092042,"21,400",50% bullish,of 2 ratings,N/A
IIIN,$16.885,1441203092073,"1,220",100% bearish,of 2 ratings,N/A
INSY,$33.36,1441203092148,"63,443",75% bullish,of 4 ratings,$48
INSM,$24,1441203092174,"27,867",71% bullish,of 7 ratings,$31.50
PODD,$28.43,1441203092203,"11,337",67% bearish,of 3 ratings,$35
NTEC,$5.74,1441203092248,714,100% bearish,of 1 rating,N/A
IART,$58.53,1441203092305,"11,345",100% bearish,of 2 ratings,$71.50
IESC,$7.2474,1441203092350,505,100% bearish,of 1 rating,N/A
ISSI,$21.88,1441203092400,"22,927",67% bullish,of 3 ratings,$19.75
INTC,$28.42,1441203092530,"4,145,595",82% bullish,of 238 ratings,$36
IQNT,$18.23,1441203092556,"14,030",86% bullish,of 7 ratings,$20
IDTI,$18.56,1441203092586,"115,633",60% bullish,of 5 ratings,$25
IPCI,$2.21,1441203092608,"1,416",67% bullish,of 6 ratings,$8
IPAR,$24.9,1441203092688,"3,611",67% bullish,of 3 ratings,$38
ICPT,$186.73,1441203092832,"25,783",70% bullish,of 10 ratings,$359.50
IBKR,$38.36,1441203092864,"74,144",100% bullish,of 1 rating,N/A
ININ,$35.22,1441203092921,"2,106",67% bearish,of 3 ratings,$57
ICLDW,$1.17,1441203092960,200,100% bearish,of 1 rating,N/A
ICLD,$1.9,1441203092989,"5,324",75% bullish,of 4 ratings,N/A
IDCC,$48.98,1441203093048,"8,471",80% bullish,of 5 ratings,$63
TILE,$23.77,1441203093091,"15,960",100% bearish,of 3 ratings,$27
IMI,$2.0192,1441203093148,"1,400",67% bullish,of 3 ratings,$2.22
IBOC,$24.75,1441203093234,"2,097",100% bearish,of 1 rating,N/A
INAP,$9.15,1441203093261,"59,764",75% bullish,of 4 ratings,$11
ISCA,$32.115,1441203093289,"3,144",100% bearish,of 1 rating,N/A
IGLD,$7.21,1441203093310,20,50% bullish,of 2 ratings,N/A
PTNT,NULL,1441203093441,0,Not yet rated,NULL,N/A
INPH,NULL,1441203093514,0,50% bullish,of 2 ratings,N/A
IIJI,$9.14,1441203093545,100,50% bullish,of 2 ratings,$11.50
XENT,$26.21,1441203093571,"14,448",50% bullish,of 2 ratings,$36.50
ISIL,$10.343,1441203093594,"43,898",50% bullish,of 6 ratings,$15
INTX,$2.07,1441203093647,"7,554",67% bullish,of 3 ratings,N/A
IILG,$19.558,1441203093781,"4,100",100% bearish,of 1 rating,$29
IVAC,$4.7,1441203093809,"2,084",100% bearish,of 1 rating,$6.625
ITCI,$26.22,1441203093846,"175,039",75% bearish,of 4 ratings,$40
INTLL,NULL,1441203093943,0,Not yet rated,NULL,N/A
IIN,NULL,1441203093974,0,100% bearish,of 1 rating,$12
INTL,$26.09,1441203094003,"11,443",67% bearish,of 3 ratings,N/A
INTU,$84.92,1441203094025,"156,891",86% bullish,of 7 ratings,$107.50
ISRG,$507.43,1441203094080,"9,863",67% bullish,of 3 ratings,$600
ISBC,$11.54,1441203094213,"318,794",100% bullish,of 1 rating,$13.25
INVT,$0.3299,1441203094239,"10,400",67% bullish,of 3 ratings,N/A
SNAK,$8.39,1441203094266,"4,258",50% bullish,of 2 ratings,$14
ISTR,$15.61,1441203094292,302,100% bearish,of 1 rating,$18.50
ITIC,$69.41,1441203094426,200,100% bearish,of 2 ratings,N/A
IVTY,$13.61,1441203094454,"1,100",Not yet rated,NULL,$18
NVIV,$9.1599,1441203094520,"24,693",50% bullish,of 4 ratings,$24.50
IPAS,$1.05,1441203094590,"24,641",67% bullish,of 3 ratings,N/A
DTUL,NULL,1441203094620,0,Not yet rated,NULL,N/A
DFVL,NULL,1441203094645,0,Not yet rated,NULL,N/A
IPCM,$79.47,1441203094669,"13,046",50% bullish,of 2 ratings,$80.125
IPGP,$82.37,1441203094832,"15,265",67% bearish,of 3 ratings,$109.50
IRIX,$6.65,1441203094867,600,100% bearish,of 1 rating,N/A
IRMD,$23.74,1441203094893,"1,526",67% bearish,of 3 ratings,$25
IRDMB,$274,1441203094967,50,67% bearish,of 3 ratings,N/A
IRDM,$6.96,1441203094988,"65,602",60% bullish,of 5 ratings,$11.50
IRBT,$29.035,1441203095025,"21,257",67% bullish,of 6 ratings,$37
IRWD,$10.91,1441203095067,"47,368",100% bearish,of 1 rating,$13
IRCP,NULL,1441203095119,0,100% bullish,of 2 ratings,N/A
FCHI,NULL,1441203095195,0,NULL,NULL,NULL
COMT,$33.1813,1441203095223,"2,045",100% bearish,of 1 rating,N/A
GNMA,$50,1441203095287,200,Not yet rated,NULL,N/A
IFAS,NULL,1441203095320,0,NULL,NULL,NULL
IFEU,$37.65,1441203095420,299,Not yet rated,NULL,N/A
IFGL,$27.865,1441203095445,490,Not yet rated,NULL,N/A
IFNA,NULL,1441203095473,0,NULL,NULL,NULL
ACWX,$39.87,1441203095575,"45,551",100% bearish,of 1 rating,N/A
ACWI,$54.7,1441203095623,"248,106",Not yet rated,NULL,N/A
AAXJ,$52.14,1441203095648,"69,295",Not yet rated,NULL,N/A
AAIT,NULL,1441203095705,0,NULL,NULL,NULL
EMDI,NULL,1441203095727,0,NULL,NULL,NULL
EEMA,$49.1499,1441203095782,"7,603",Not yet rated,NULL,N/A
AXJS,NULL,1441203095806,0,NULL,NULL,NULL
EEME,NULL,1441203095825,0,NULL,NULL,NULL
EGRW,NULL,1441203095980,0,NULL,NULL,NULL
EMEY,NULL,1441203096006,0,NULL,NULL,NULL
EEML,NULL,1441203096031,0,Not yet rated,NULL,N/A
EVAL,NULL,1441203096112,0,NULL,NULL,NULL
EUFN,$21.4894,1441203096188,"17,061",100% bearish,of 1 rating,N/A
IEUS,$44.46,1441203096212,230,100% bearish,of 1 rating,N/A
UAE,$17.98,1441203096342,"9,379",Not yet rated,NULL,N/A
QAT,$21.33,1441203096372,4,Not yet rated,NULL,N/A
EMIF,$28.06,1441203096393,100,Not yet rated,NULL,N/A
IBB,$337.5,1441203096433,"113,452",63% bullish,of 8 ratings,N/A
SOXX,$81.3,1441203096454,"35,123",50% bullish,of 2 ratings,N/A
WOOD,$47.1,1441203096524,"8,808",50% bullish,of 2 ratings,N/A
ICLN,$9.1701,1441203096551,"2,047",50% bullish,of 2 ratings,N/A
ISHG,$79.82,1441203096716,2,100% bearish,of 1 rating,N/A
INDY,$26.765,1441203096741,"24,151",50% bullish,of 2 ratings,N/A
IGOV,$90.7,1441203096792,"1,540",100% bearish,of 1 rating,N/A
ISIS,$49.63,1441203096822,"111,632",53% bullish,of 15 ratings,$67
ISLE,$20.1097,1441203096929,"155,235",50% bullish,of 4 ratings,$16
ISRL,$126.18,1441203096959,2,100% bearish,of 1 rating,N/A
ITRN,$23.9,1441203097060,107,50% bullish,of 2 ratings,N/A
ITRI,$29.24,1441203097087,"6,885",100% bearish,of 1 rating,$37
ITUS,NULL,1441203097118,0,Not yet rated,NULL,N/A
XXIA,$15.18,1441203097147,"12,077",71% bullish,of 7 ratings,$14.625
JJSF,$112.45,1441203097224,"2,254",100% bearish,of 1 rating,N/A
IXYS,$11.31,1441203097283,"7,830",50% bullish,of 4 ratings,N/A
JBHT,$72.34,1441203097310,"55,619",50% bullish,of 4 ratings,$89.50
MAYS,NULL,1441203097362,0,Not yet rated,NULL,N/A
JCOM,$66.79,1441203097458,"17,518",100% bullish,of 2 ratings,$77
JKHY,$65.79,1441203097627,"23,738",67% bearish,of 3 ratings,$72
JACK,$78.15,1441203097662,"16,302",71% bullish,of 7 ratings,$105
JASO,$7.875,1441203097683,"136,149",82% bullish,of 17 ratings,$10
JXSB,NULL,1441203097725,0,Not yet rated,NULL,N/A
JAXB,NULL,1441203097753,0,100% bullish,of 1 rating,N/A
JAGX,NULL,1441203097783,0,Not yet rated,NULL,$10.50
JAKK,$9.46,1441203097886,"24,716",60% bearish,of 5 ratings,$11
JMBA,$14.04,1441203097912,"5,914",75% bullish,of 4 ratings,$18
JASN,$4.88,1441203097964,"3,597",50% bullish,of 2 ratings,$9.50
JRVR,$27.49,1441203098047,"2,776",Not yet rated,NULL,$32
ERW,NULL,1441203098092,0,Not yet rated,NULL,N/A
JASNW,NULL,1441203098117,0,50% bullish,of 2 ratings,N/A
JAZZ,$166.65,1441203098178,"16,633",80% bullish,of 15 ratings,$206.50
JBLU,$22.715,1441203098317,"973,640",94% bullish,of 18 ratings,$27
JD,$24.93,1441203098343,"912,969",75% bullish,of 16 ratings,$36
JCTCF,$9.65,1441203098415,100,100% bullish,of 1 rating,N/A
DATE,$6.16,1441203098473,"15,749",75% bullish,of 4 ratings,$9
JIVE,$4.565,1441203098499,"20,935",75% bullish,of 4 ratings,$5
JTPY,NULL,1441203098520,0,100% bearish,of 1 rating,N/A
JST,$3.73,1441203098567,115,75% bullish,of 4 ratings,N/A
WYIGU,NULL,1441203098648,0,100% bearish,of 1 rating,N/A
JOEZ,$0.175,1441203098716,"3,688",92% bullish,of 12 ratings,N/A
JOUT,$24.518,1441203098753,"3,114",100% bearish,of 1 rating,$34
JBSS,$51.01,1441203098781,"1,530",67% bearish,of 3 ratings,N/A
JUNO,$34.6101,1441203098847,"162,857",73% bullish,of 11 ratings,$71.50
JNP,$11.397,1441203098875,"2,588",100% bullish,of 3 ratings,$15
KALU,$81.78,1441203099007,"6,080",67% bearish,of 3 ratings,$91
KTWO,$20.81,1441203099078,"3,721",100% bearish,of 1 rating,$28.50
KBIO,$2.0885,1441203099139,"8,628",50% bullish,of 4 ratings,N/A
KNDI,$6.26,1441203099177,"46,607",86% bullish,of 22 ratings,N/A
KMDA,NULL,1441203099310,0,50% bullish,of 2 ratings,$8
KCLI,$46.2301,1441203099340,"2,572",Not yet rated,NULL,N/A
KBSF,NULL,1441203099371,0,100% bullish,of 1 rating,N/A
KCAP,$4.61,1441203099450,"7,263",75% bullish,of 4 ratings,$6
KPTI,$14.19,1441203099477,"59,884",67% bearish,of 3 ratings,$39
KRNY,$11.335,1441203099511,"66,294",100% bearish,of 1 rating,$12
KELYA,$14.29,1441203099609,"5,356",67% bullish,of 6 ratings,$20
KMPH,$19.74,1441203099686,"1,452",100% bearish,of 2 ratings,$22
KELYB,NULL,1441203099743,0,50% bullish,of 2 ratings,N/A
KFFB,NULL,1441203099768,0,100% bearish,of 1 rating,N/A
KERX,$5.933,1441203099794,"116,556",82% bullish,of 11 ratings,$12
GMCR,$56.46,1441203099933,"250,288",71% bullish,of 42 ratings,$64
KEQU,$16.61,1441203099990,200,100% bullish,of 1 rating,N/A
KTEC,$12.14,1441203100085,200,Not yet rated,NULL,N/A
KE,$11.325,1441203100146,428,67% bearish,of 3 ratings,$16
KTCC,$10.34,1441203100171,"1,043",100% bearish,of 1 rating,$16
KBAL,$10.5,1441203100201,"12,989",50% bullish,of 2 ratings,N/A
KFRC,$26.63,1441203100227,"7,471",100% bullish,of 2 ratings,$29
KINS,$8.64,1441203100362,"1,250",100% bullish,of 1 rating,N/A
KGJI,$0.6602,1441203100392,"4,808",89% bullish,of 9 ratings,N/A
KIN,$6.02,1441203100415,"1,147",50% bullish,of 2 ratings,$6.25
KONE,NULL,1441203100494,0,Not yet rated,NULL,N/A
KITE,$51.68,1441203100593,"21,721",89% bullish,of 9 ratings,$85
KIRK,$22.12,1441203100663,"4,141",50% bullish,of 2 ratings,$32
KLAC,$48.395,1441203100733,"90,495",100% bearish,of 1 rating,$61.50
KONA,$18.18,1441203100795,"4,320",50% bullish,of 2 ratings,$28
KZ,$6.43,1441203100830,"1,500",60% bearish,of 5 ratings,N/A
KOPN,$2.96,1441203100858,"10,715",50% bullish,of 2 ratings,$4.50
KLXI,$38.18,1441203100883,"12,969",100% bearish,of 1 rating,$48.50
KWEB,$29.5,1441203101018,"3,246",Not yet rated,NULL,N/A
KTOS,$4.485,1441203101045,"131,195",50% bullish,of 2 ratings,$8.50
KRNT,$11.81,1441203101074,924,50% bullish,of 2 ratings,$18
KOSS,$2.4,1441203101100,100,100% bearish,of 2 ratings,N/A
KUTV,NULL,1441203101419,0,50% bullish,of 2 ratings,N/A
KYTH,$74.71,1441203101449,"14,153",100% bullish,of 3 ratings,$66
KVHI,$10.87,1441203101483,"1,424",100% bearish,of 1 rating,$16
FSTR,$17.11,1441203101505,"6,967",100% bearish,of 1 rating,$40.50
LJPC,$34.525,1441203101548,"15,741",87% bullish,of 15 ratings,$32
LSBK,$13.6001,1441203101575,391,Not yet rated,NULL,N/A
KLIC,$10.62,1441203101602,"42,758",80% bullish,of 5 ratings,$13
LSBG,$14.65,1441203101742,200,Not yet rated,NULL,N/A
LKFN,$40.17,1441203101839,"2,666",Not yet rated,NULL,$45
LRCX,$70.19,1441203102104,"108,596",50% bullish,of 4 ratings,$95
LBAI,$10.86,1441203102135,250,Not yet rated,NULL,$13.25
LANC,$95.96,1441203102165,"5,381",Not yet rated,NULL,$89
LAKE,$8.99,1441203102186,"3,068",57% bullish,of 7 ratings,$19
