Symbol,Price,Date,Volume,Rating,RatingVoteCount,OneYearEstimate
FCTY,$7.63,1440252602441,300,100% bullish,of 1 rating,$8.50
TFSCW,NULL,1440252602471,0,100% bearish,of 1 rating,N/A
TFSCR,NULL,1440252602504,0,Not yet rated,NULL,N/A
FLWS,$9.36,1440252602570,"220,692",100% bullish,of 5 ratings,$15
TFSC,NULL,1440252602598,0,100% bearish,of 1 rating,N/A
TFSCU,NULL,1440252602624,0,Not yet rated,NULL,N/A
PIH,$7.2,1440252602666,"15,400",100% bearish,of 1 rating,N/A
SRCE,$30.03,1440252602696,"55,334",100% bullish,of 3 ratings,$33
DSLV,$61.29,1440252602827,"22,007",100% bearish,of 1 rating,N/A
DGLD,$76.08,1440252602912,"21,135",100% bullish,of 1 rating,N/A
VNET,$19.27,1440252602971,"733,790",60% bullish,of 5 ratings,$29.50
TWOU,$34.02,1440252603044,"673,961",50% bullish,of 2 ratings,$39
FCCY,$11.6,1440252603079,354,100% bullish,of 1 rating,$13
UGLD,$9.99,1440252603107,"253,649",100% bearish,of 1 rating,N/A
USLV,$14.59,1440252603175,"218,982",86% bullish,of 7 ratings,N/A
JOBS,$25.35,1440252603342,"172,084",50% bullish,of 4 ratings,$36
CAFD,$15.52,1440252603447,"330,925",Not yet rated,NULL,$25
SIXD,$1.47,1440252603524,"250,988",Not yet rated,NULL,N/A
AAON,$21.67,1440252603663,"166,594",100% bearish,of 1 rating,$24
ABY,$20,1440252603692,"1,100,886",100% bearish,of 2 ratings,$46
AVHI,$13.95,1440252603750,"37,920",100% bearish,of 1 rating,$19
SHLM,$34.05,1440252603772,"123,800",100% bearish,of 1 rating,$50
EGHT,$8.215,1440252603795,"436,691",82% bullish,of 17 ratings,$11
ABAX,$47.54,1440252603827,"139,615",100% bearish,of 1 rating,$60
ABGB,$4.09,1440252603857,"34,916",67% bullish,of 3 ratings,$5.50
ABEO,$4.83,1440252603923,"140,862",67% bullish,of 3 ratings,$15.50
ABEOW,$1.76,1440252603988,"2,525",100% bullish,of 1 rating,N/A
ABMD,$97.08,1440252604023,"831,796",75% bullish,of 4 ratings,$100.50
AXAS,$1.56,1440252604064,"860,487",78% bullish,of 9 ratings,$3.50
ACTG,$8.87,1440252604089,"323,174",67% bullish,of 3 ratings,$18.50
ACHC,$73.6762,1440252604286,"815,815",50% bullish,of 2 ratings,$92
ACST,$0.361,1440252604370,"71,223",100% bullish,of 2 ratings,N/A
ACAD,$38.13,1440252604504,"928,540",80% bullish,of 20 ratings,$48
ARAY,$6.53,1440252604530,"3,387,732",100% bearish,of 1 rating,$10.50
XLRN,$28.36,1440252604551,"111,031",50% bullish,of 2 ratings,$57
ACRX,$4.05,1440252604584,"360,315",67% bearish,of 6 ratings,$5.50
AXDX,$17.93,1440252604614,"220,988",100% bearish,of 1 rating,N/A
ANCX,$18.76,1440252604635,"31,836",Not yet rated,NULL,$19
VXDN,$5.5,1440252604723,"50,671",100% bearish,of 1 rating,N/A
VXUP,$27,1440252604749,"49,956",Not yet rated,NULL,N/A
ACHN,$7.75,1440252604834,"1,754,841",90% bullish,of 21 ratings,$16
ACET,$24.41,1440252604881,"127,207",75% bullish,of 4 ratings,$30
ACNB,$20.33,1440252604913,"1,376",Not yet rated,NULL,N/A
ACIW,$21.89,1440252604969,"571,274",50% bullish,of 2 ratings,$24
AKAO,$6.9457,1440252605023,"55,800",75% bullish,of 4 ratings,$15
ACPW,$1.856,1440252605395,"65,399",100% bullish,of 4 ratings,$3.50
ACXM,$20.1276,1440252605456,"350,940",67% bullish,of 3 ratings,N/A
ACOR,$29.75,1440252605502,"642,828",67% bearish,of 3 ratings,$38.50
ADMP,$3.65,1440252605528,"21,417",50% bullish,of 2 ratings,$10
ACTS,$1.3,1440252605553,"51,585",100% bearish,of 1 rating,N/A
ATVI,$27.2167,1440252605603,"5,132,751",68% bullish,of 84 ratings,$31.50
ADMS,$20.07,1440252605690,"78,833",100% bearish,of 2 ratings,$36
ACTA,$13.89,1440252605717,"113,227",67% bearish,of 3 ratings,$25
ADEP,$6.75,1440252605851,"33,889",50% bullish,of 2 ratings,$10.75
ADAP,$12.53,1440252605888,"216,853",67% bullish,of 3 ratings,$22
AEY,$2.29,1440252605910,"39,023",100% bearish,of 2 ratings,N/A
ACUR,$0.6182,1440252605931,"65,134",100% bullish,of 5 ratings,$1
ADUS,$29.83,1440252605969,"59,827",100% bearish,of 1 rating,$31
ADMA,$9.3,1440252605995,"3,500",Not yet rated,NULL,$19
ADBE,$78.87,1440252606134,"4,323,734",65% bullish,of 17 ratings,$90
ADTN,$15.59,1440252606205,"349,681",67% bullish,of 3 ratings,$17.125
AEIS,$25.055,1440252606393,"198,884",50% bullish,of 2 ratings,$32.50
ADRO,$19.44,1440252606429,"252,323",80% bullish,of 5 ratings,$45.50
ADXSW,$10.15,1440252606495,"5,206",100% bullish,of 1 rating,N/A
YPRO,$23.29,1440252606520,"4,120",100% bearish,of 1 rating,N/A
MULT,NULL,1440252606545,0,100% bearish,of 1 rating,N/A
AMD,$1.76,1440252606738,"7,935,981",83% bullish,of 103 ratings,$2
AEHR,$2.24,1440252606783,"7,972",50% bullish,of 2 ratings,N/A
ADXS,$14.5,1440252606825,"919,015",64% bullish,of 14 ratings,$27
AEGN,$18.24,1440252606872,"212,917",100% bearish,of 1 rating,$21
AERI,$15.92,1440252606922,"361,223",75% bullish,of 4 ratings,$31.50
AEGR,$18.26,1440252607087,"394,681",50% bullish,of 6 ratings,$26
AMTX,$3.09,1440252607161,"17,253",50% bullish,of 2 ratings,$26.11
AEPI,$57.13,1440252607293,"21,960",100% bearish,of 1 rating,N/A
AVAV,$24.38,1440252607326,"143,405",50% bullish,of 4 ratings,$31
AEZS,$0.1005,1440252607353,"5,371,374",90% bullish,of 21 ratings,$1.50
AFMD,$9.78,1440252607430,"174,087",50% bullish,of 4 ratings,$15
AFFX,$9.4,1440252607455,"587,032",80% bullish,of 5 ratings,$12
AEMD,$7.22,1440252607483,"187,619",Not yet rated,NULL,$27.50
AGEN,$7.04,1440252607508,"940,432",85% bullish,of 13 ratings,$14
AGYS,$9.63,1440252607652,"33,010",100% bearish,of 1 rating,N/A
AGFS,$9.8121,1440252607683,"73,206",100% bearish,of 1 rating,N/A
AGIO,$85.65,1440252607714,"509,530",88% bullish,of 8 ratings,$114
AGRX,$8.17,1440252607747,"49,951",100% bearish,of 1 rating,$17.50
AGFSW,$1.79,1440252607817,"28,997",100% bearish,of 2 ratings,N/A
AIMT,$21.1,1440252607847,"120,787",Not yet rated,NULL,N/A
AIRM,$36.55,1440252607873,"309,312",80% bearish,of 5 ratings,$53
AIRT,$22.94,1440252608069,51,100% bullish,of 1 rating,N/A
AMCN,$4.9,1440252608141,"424,894",83% bullish,of 6 ratings,N/A
ATSG,$9.1,1440252608171,"264,911",67% bullish,of 3 ratings,$13
AIXG,$5.98,1440252608200,"34,571",67% bearish,of 3 ratings,$5.25
AKBA,$6.65,1440252608245,"184,781",100% bearish,of 1 rating,$18
AKRX,$40.2552,1440252608302,"930,040",78% bullish,of 9 ratings,$56
AKAM,$68.463,1440252608332,"1,585,448",63% bullish,of 8 ratings,$77
ALRM,$16.46,1440252608434,"358,434",100% bearish,of 1 rating,$22
AKER,$2.62,1440252608459,"93,096",Not yet rated,NULL,N/A
AMRI,$19.73,1440252608590,"245,268",75% bearish,of 4 ratings,$24
ADHD,$8.31,1440252608621,"220,062",50% bullish,of 4 ratings,$18
ALSK,$2.11,1440252608642,"112,029",78% bullish,of 18 ratings,$2
ABDC,$12.7,1440252608726,"21,785",Not yet rated,NULL,$15
ALXN,$173.81,1440252608860,"1,548,456",88% bullish,of 8 ratings,$223
ALDR,$36.64,1440252608892,"474,720",67% bearish,of 3 ratings,$62
ALXA,$1.07,1440252608922,"26,737",83% bullish,of 6 ratings,$2.125
ALIM,$3.15,1440252609000,"169,442",80% bullish,of 5 ratings,$10
ALCO,$42.36,1440252609029,"24,127",50% bullish,of 2 ratings,N/A
ALDX,$7.62,1440252609103,"6,759",100% bearish,of 1 rating,$14.50
ALGN,$56.4432,1440252609162,"422,327",100% bearish,of 2 ratings,$73
ALKS,$60.35,1440252609183,"705,866",67% bullish,of 3 ratings,$75
ALGT,$216.09,1440252609214,"164,611",100% bearish,of 1 rating,$235
AFOP,$17.51,1440252609391,"139,898",75% bullish,of 8 ratings,$21
ALLB,$23.48,1440252609420,"1,820",Not yet rated,NULL,N/A
AIQ,$14.7,1440252609449,"29,906",67% bullish,of 3 ratings,N/A
AHGP,$36.6344,1440252609557,"31,919",67% bullish,of 3 ratings,N/A
AHPI,$1.46,1440252609582,435,50% bullish,of 2 ratings,N/A
ARLP,$24.94,1440252609608,"151,729",67% bearish,of 3 ratings,$32
AMOT,$17.09,1440252609660,"80,719",100% bearish,of 1 rating,N/A
ALQA,$4.43,1440252609752,"36,237",75% bullish,of 4 ratings,$8.50
ALLT,$5.04,1440252609783,"71,089",75% bullish,of 4 ratings,$6.25
MDRX,$13.52,1440252609884,"1,235,763",60% bullish,of 5 ratings,$16
AOSL,$7.21,1440252609911,"45,497",67% bullish,of 3 ratings,$9
AFAM,$46.84,1440252609938,"72,495",50% bullish,of 2 ratings,$44
ALNY,$100.3178,1440252609964,"414,351",67% bullish,of 3 ratings,$148.50
SMCP,$22.56,1440252610178,"1,500",Not yet rated,NULL,N/A
ATEC,$0.5768,1440252610250,"46,618",100% bullish,of 1 rating,$2
ALTR,$48.17,1440252610275,"2,956,121",80% bearish,of 5 ratings,$54
AMAG,$59.95,1440252610332,"476,323",100% bullish,of 2 ratings,$77.50
ASPS,$29.2565,1440252610358,"228,767",67% bullish,of 3 ratings,$46.50
AIMC,$25.28,1440252610407,"92,117",100% bearish,of 1 rating,$28.50
AMRN,$2.03,1440252610457,"741,425",85% bullish,of 39 ratings,$8
AMRK,$10.57,1440252610596,"4,627",50% bullish,of 2 ratings,$14
AMBA,$89,1440252610672,"5,366,218",83% bullish,of 12 ratings,$102.50
AMBC,$15.6,1440252610700,"245,406",100% bearish,of 1 rating,$16.50
AYA,$21.62,1440252610727,"63,923",100% bearish,of 1 rating,$40
AMZN,$495.5,1440252610760,"3,790,755",81% bullish,of 263 ratings,$646
AMBCW,$7.0532,1440252610832,"1,178",100% bearish,of 1 rating,N/A
EPAX,$2.69,1440252610860,"74,357",100% bearish,of 1 rating,N/A
AMCX,$67.7119,1440252610921,"687,069",67% bullish,of 3 ratings,$85.50
AMED,$40.5,1440252611082,"290,278",100% bearish,of 1 rating,$42
DOX,$59,1440252611112,"282,272",50% bullish,of 2 ratings,$60
AMDA,$0.463,1440252611211,"1,233,767",90% bullish,of 10 ratings,$1
ASBI,$22.55,1440252611309,154,Not yet rated,NULL,N/A
ATAX,$5.23,1440252611383,"155,087",100% bullish,of 1 rating,$6.50
AAL,$39.75,1440252611445,"11,179,538",93% bullish,of 88 ratings,$57
UHAL,$363.52,1440252611476,"15,187",100% bullish,of 2 ratings,$393.50
AMOV,$17.65,1440252611497,"5,863",100% bearish,of 1 rating,N/A
AGNC,$19.553,1440252611519,"3,952,543",75% bullish,of 28 ratings,$22
AGNCB,$24.23,1440252611657,"21,668",Not yet rated,NULL,N/A
AGNCP,$25.34,1440252611691,"7,150",Not yet rated,NULL,N/A
MTGE,$15.7,1440252611766,"402,399",75% bullish,of 4 ratings,$19.50
MTGEP,$24.12,1440252611799,"1,127",Not yet rated,NULL,N/A
ACSF,$12.225,1440252611834,"33,060",100% bearish,of 1 rating,$15
ANCI,$1.59,1440252611868,"10,070",100% bearish,of 1 rating,N/A
ACAS,$13.74,1440252611896,"1,556,266",60% bullish,of 5 ratings,$16.75
AMNB,$22.8,1440252612140,"22,976",Not yet rated,NULL,$25.50
AMIC,$10.21,1440252612220,8,Not yet rated,NULL,N/A
ARII,$38.75,1440252612272,"183,877",67% bearish,of 3 ratings,$45
AETI,$4.28,1440252612308,2,67% bearish,of 3 ratings,N/A
AMRB,$10,1440252612330,"2,054",Not yet rated,NULL,$11
APEI,$21.26,1440252612360,"155,037",100% bearish,of 1 rating,$25.50
ANAT,$100,1440252612403,"19,158",100% bullish,of 1 rating,N/A
ASEI,$39.68,1440252612435,"53,467",100% bearish,of 1 rating,$52.50
AMSWA,$9.06,1440252612537,"86,700",100% bearish,of 2 ratings,$10.75
CRMT,$37.91,1440252612705,"120,497",100% bearish,of 1 rating,$49
AMSC,$3.48,1440252612733,"36,442",50% bullish,of 4 ratings,N/A
ABCB,$27.64,1440252612762,"189,477",Not yet rated,NULL,$31
AMWD,$67.8,1440252612794,"272,213",50% bullish,of 2 ratings,$58
AMSF,$49.68,1440252612816,"122,373",Not yet rated,NULL,$57.50
ASRV,$3.27,1440252612901,840,100% bullish,of 2 ratings,N/A
ATLO,$23.31,1440252613037,"15,885",Not yet rated,NULL,N/A
ASRVP,NULL,1440252613069,0,Not yet rated,NULL,N/A
AMKR,$4.39,1440252613170,"1,544,185",100% bearish,of 2 ratings,$5
AMSG,$81.5,1440252613234,"320,262",100% bearish,of 1 rating,$85.50
AMPH,$13.79,1440252613262,"166,636",50% bullish,of 2 ratings,$20
FOLD,$14.05,1440252613283,"2,614,067",56% bullish,of 9 ratings,$21
AMGN,$155.9,1440252613304,"4,702,712",89% bullish,of 19 ratings,$185
AMSGP,NULL,1440252613524,0,Not yet rated,NULL,N/A
ASYS,$5.18,1440252613559,"35,518",67% bullish,of 3 ratings,$12
ANAC,$129.49,1440252613580,"607,726",80% bullish,of 5 ratings,$180.50
ADI,$53.78,1440252613661,"3,922,593",67% bullish,of 3 ratings,$69
ANAD,$0.333,1440252613716,"132,364",100% bullish,of 2 ratings,$.50
AMRS,$1.63,1440252613744,"53,848",70% bullish,of 10 ratings,N/A
AFSI,$58.44,1440252613774,"1,008,977",60% bullish,of 5 ratings,$72
ALOG,$83.13,1440252613884,"75,588",100% bearish,of 2 ratings,$100.50
ABCW,$39.96,1440252613957,"10,347",67% bullish,of 3 ratings,N/A
ANCB,$22.3001,1440252613988,500,Not yet rated,NULL,$23
AMCF,$0.26,1440252614015,"9,494",100% bullish,of 7 ratings,N/A
ANGI,$4.64,1440252614052,"919,270",64% bullish,of 11 ratings,$5.50
ANGO,$14.71,1440252614153,"99,313",67% bullish,of 3 ratings,$19
ANIP,$49.38,1440252614180,"250,484",89% bullish,of 19 ratings,$66
ANIK,$34.88,1440252614259,"106,488",60% bullish,of 5 ratings,$51.25
ANSS,$90.92,1440252614314,"391,059",100% bearish,of 1 rating,$100
ATRS,$1.81,1440252614391,"537,668",92% bullish,of 12 ratings,$4.50
ABAC,$0.73,1440252614416,"36,221",100% bearish,of 1 rating,N/A
ATNY,$2.37,1440252614552,"2,775",50% bullish,of 2 ratings,$3.75
ANTH,$7.04,1440252614624,"1,783,771",80% bullish,of 10 ratings,$13
AINV,$6.4767,1440252614757,"1,117,263",50% bullish,of 4 ratings,$8
APPF,$16.84,1440252614800,"52,701",50% bullish,of 2 ratings,$22
APIC,$6.49,1440252614834,"180,683",100% bearish,of 1 rating,$19
APOL,$10.9787,1440252614861,"992,661",87% bearish,of 68 ratings,$14
APOG,$51.6,1440252614901,"212,697",100% bullish,of 1 rating,$67
AAPL,$105.9,1440252614929,"82,174,464",86% bullish,of 2338 ratings,$150
ARCI,$1.33,1440252614958,"3,906",Not yet rated,NULL,N/A
APDN,$3.22,1440252615106,"61,834",Not yet rated,NULL,$9
APDNW,$1.15,1440252615193,"2,800",Not yet rated,NULL,N/A
AGTC,$15.74,1440252615241,"119,853",50% bullish,of 2 ratings,$33
AMAT,$15.497,1440252615271,"12,956,491",82% bullish,of 11 ratings,$23
AMCC,$5.35,1440252615374,"963,117",80% bullish,of 5 ratings,$8
AAOI,$19.89,1440252615443,"285,163",50% bullish,of 4 ratings,$26
AREX,$2.03,1440252615517,"890,815",100% bearish,of 1 rating,$3
APRI,$1.33,1440252615547,"155,441",83% bullish,of 6 ratings,$4.86
APTO,$5.09,1440252615576,"8,208",Not yet rated,NULL,$17
AUMA,NULL,1440252615604,0,Not yet rated,NULL,N/A
AQXP,$18.2999,1440252615636,"469,595",50% bullish,of 2 ratings,$2
AQMS,$5,1440252615710,"19,025",Not yet rated,NULL,N/A
AUMAU,$9.94,1440252615742,"1,200",Not yet rated,NULL,N/A
AUMAW,NULL,1440252615869,0,Not yet rated,NULL,N/A
PETX,$17.4,1440252615965,"307,971",100% bearish,of 2 ratings,$26
ARDM,$7.03,1440252615993,"4,358",100% bullish,of 1 rating,$26
ABUS,$7.21,1440252616071,"502,243",86% bullish,of 14 ratings,$23
ABIO,$0.9,1440252616215,"131,271",50% bullish,of 2 ratings,$3.75
RKDA,$5.76,1440252616246,"19,343",100% bearish,of 2 ratings,$10
ARCB,$29.47,1440252616298,"211,071",50% bullish,of 2 ratings,$39.50
ARCW,$3.48,1440252616327,"25,137",100% bearish,of 2 ratings,$10.50
ACGL,$70.5015,1440252616358,"414,489",50% bullish,of 2 ratings,$72
AGII,$57.69,1440252616431,"141,575",Not yet rated,NULL,$59.50
ACAT,$26.89,1440252616462,"260,125",100% bearish,of 3 ratings,$33
ARCC,$15.47,1440252616515,"1,615,433",67% bearish,of 3 ratings,$17.875
ARNA,$2.97,1440252616562,"4,127,037",90% bullish,of 77 ratings,$5.50
ARDX,$17.41,1440252616654,"91,948",50% bullish,of 2 ratings,$24.50
ARGS,$6.17,1440252616721,"116,903",50% bullish,of 2 ratings,$19.50
AGIIL,$25.45,1440252616791,"5,893",Not yet rated,NULL,N/A
ARIS,$3.3,1440252616882,"8,290",Not yet rated,NULL,$4.50
ARIA,$6.7,1440252616908,"3,153,702",87% bullish,of 46 ratings,$9
ARKR,$25.36,1440252616973,552,50% bullish,of 2 ratings,N/A
ARMH,$40.1,1440252617035,"1,339,073",54% bearish,of 13 ratings,$61
ARTX,$1.48,1440252617075,"105,854",88% bullish,of 16 ratings,$4.50
ARWAR,NULL,1440252617131,0,Not yet rated,NULL,N/A
ARWA,NULL,1440252617156,0,Not yet rated,NULL,N/A
ARWAW,NULL,1440252617215,0,Not yet rated,NULL,N/A
ARWAU,NULL,1440252617240,0,100% bullish,of 1 rating,N/A
ARRS,$26.44,1440252617373,"1,060,211",50% bullish,of 2 ratings,$38
ARQL,$1.67,1440252617419,"200,267",75% bullish,of 4 ratings,$5
ARRY,$5.45,1440252617465,"1,219,732",100% bullish,of 7 ratings,$10
DWAT,$9.92,1440252617552,"46,463",100% bearish,of 1 rating,N/A
AROW,$27.24,1440252617580,"41,580",Not yet rated,NULL,N/A
ARWR,$5.57,1440252617609,"814,360",75% bullish,of 4 ratings,$10.50
ASBB,$25.05,1440252617706,372,Not yet rated,NULL,N/A
ARTNA,$22.48,1440252617738,"42,576",100% bearish,of 1 rating,$29
ASND,$18.23,1440252617876,"38,275",100% bullish,of 1 rating,$30
ASCMA,$28.6,1440252617905,"180,787",100% bearish,of 1 rating,$45
ASNA,$11.2187,1440252617936,"8,984,030",50% bullish,of 2 ratings,$18
ARTW,$4.45,1440252617981,"3,048",75% bearish,of 4 ratings,N/A
ASTI,$0.13,1440252618036,"1,817,223",83% bullish,of 6 ratings,$3
APWC,$1.9,1440252618112,406,100% bearish,of 1 rating,N/A
ASMI,NULL,1440252618136,0,NULL,NULL,NULL
ASML,$85.91,1440252618158,"1,134,628",67% bullish,of 3 ratings,$127
AZPN,$38.4,1440252618290,"991,920",50% bullish,of 2 ratings,$42
ASFI,$8.95,1440252618420,"3,732",100% bullish,of 1 rating,N/A
ASTE,$36.28,1440252618463,"88,638",100% bearish,of 1 rating,$48
ASMB,$12.44,1440252618494,"80,806",67% bullish,of 3 ratings,N/A
ASTC,$2.2,1440252618520,"39,970",100% bullish,of 5 ratings,N/A
ALOT,$13.51,1440252618561,"1,011",100% bearish,of 1 rating,N/A
ATRO,$52.77,1440252618656,"98,668",100% bearish,of 2 ratings,$80
ASUR,$5.76,1440252618684,"10,939",100% bearish,of 1 rating,$8
ATAI,$2.78,1440252618737,"31,993",100% bearish,of 1 rating,N/A
ATRA,$42.01,1440252618816,"183,569",50% bullish,of 2 ratings,$68
ATHN,$135.79,1440252618903,"193,647",67% bearish,of 3 ratings,$153
AFCB,$28.01,1440252618931,249,Not yet rated,NULL,N/A
ATHX,$1.17,1440252619061,"238,940",89% bullish,of 9 ratings,$5
AAME,$3.58,1440252619123,"1,190",Not yet rated,NULL,N/A
AAPC,$10.21,1440252619164,394,Not yet rated,NULL,N/A
ACFC,$6.11,1440252619194,"95,163",Not yet rated,NULL,$6.50
ATNI,$73.68,1440252619298,"66,107",100% bearish,of 1 rating,$69.50
AAWW,$41.78,1440252619324,"365,924",50% bullish,of 2 ratings,$65
ATML,$6.95,1440252619455,"2,918,067",78% bullish,of 9 ratings,$9.50
ATLC,$3.9,1440252619484,"17,113",67% bullish,of 3 ratings,N/A
AFH,$16.545,1440252619516,"75,284",Not yet rated,NULL,$21.50
ATRC,$25.67,1440252619537,"198,665",100% bullish,of 1 rating,$30
ATOS,$0.85,1440252619621,"182,378",100% bullish,of 7 ratings,$7
ATRI,$389.5,1440252619676,"4,458",Not yet rated,NULL,N/A
ATRM,$2.89,1440252619748,"1,200",50% bullish,of 2 ratings,N/A
ATTU,$13.55,1440252619849,"51,302",100% bearish,of 1 rating,$20.50
AUBN,$27.68,1440252619875,948,Not yet rated,NULL,N/A
LIFE,$14.04,1440252619904,"32,217",86% bullish,of 7 ratings,$43
AUDC,$3.18,1440252619933,"55,482",80% bullish,of 5 ratings,$5
AUPH,$3.19,1440252620006,"14,987",100% bearish,of 1 rating,$8
EARS,$4.845,1440252620154,"14,045",100% bearish,of 2 ratings,$11.50
ADAT,$0.12,1440252620186,"123,764",100% bullish,of 2 ratings,N/A
ADSK,$51.76,1440252620213,"2,339,645",83% bullish,of 6 ratings,$69.50
ABTL,$18.05,1440252620260,"70,992",100% bullish,of 4 ratings,$20.25
ADP,$79.23,1440252620286,"2,485,062",100% bearish,of 1 rating,$88
AAVL,$10.62,1440252620346,"258,588",100% bearish,of 1 rating,$20
AVGO,$112.787,1440252620493,"3,328,073",88% bullish,of 8 ratings,$160
AVNU,$12.7,1440252620540,506,Not yet rated,NULL,$14
AVEO,$1.38,1440252620569,"1,367,791",75% bullish,of 8 ratings,$3
AVID,$8.01,1440252620642,"539,251",100% bearish,of 1 rating,$20
AVNW,$1.24,1440252620667,"161,594",50% bullish,of 2 ratings,$2.20
AVGR,$14.23,1440252620696,"21,077",100% bearish,of 1 rating,$20
CAR,$42.2749,1440252620829,"1,835,525",80% bullish,of 5 ratings,$60
ACLS,$3.29,1440252620983,"557,776",67% bullish,of 6 ratings,$4.75
AWRE,$3.14,1440252621014,"21,064",67% bullish,of 3 ratings,N/A
AXPW,$1.1,1440252621035,"56,422",83% bullish,of 6 ratings,N/A
AXGN,$3.94,1440252621056,"27,034",Not yet rated,NULL,$5
AXPWW,NULL,1440252621092,0,Not yet rated,NULL,N/A
BCOM,NULL,1440252621235,0,100% bearish,of 1 rating,N/A
AXTI,$2.15,1440252621314,"35,695",50% bullish,of 2 ratings,$2.75
BOSC,$2.37,1440252621339,"1,297",50% bullish,of 2 ratings,N/A
RILY,$10,1440252621365,600,Not yet rated,NULL,N/A
BEAV,$48.57,1440252621393,"742,264",67% bearish,of 3 ratings,$59
BCPC,$57.76,1440252621611,"128,021",100% bearish,of 1 rating,$75
BIDU,$152.9,1440252621637,"3,843,564",81% bullish,of 88 ratings,$210
BWINA,NULL,1440252621770,0,Not yet rated,NULL,N/A
BANFP,NULL,1440252621799,0,Not yet rated,NULL,N/A
BWINB,$23.01,1440252621832,"25,265",Not yet rated,NULL,N/A
BANF,$60.97,1440252621861,"18,077",Not yet rated,NULL,$68
BLDP,$1.24,1440252621928,"470,551",91% bullish,of 22 ratings,$2.50
BOCH,$5.76,1440252621957,"16,932",Not yet rated,NULL,$6.50
BMRC,$48.75,1440252622092,"17,961",Not yet rated,NULL,$52
BKSC,$15.6,1440252622194,705,Not yet rated,NULL,N/A
BKMU,$7.19,1440252622222,"511,937",Not yet rated,NULL,$8
BOTJ,$11.15,1440252622262,"3,090",Not yet rated,NULL,N/A
BFIN,$12.01,1440252622287,"29,911",Not yet rated,NULL,$13
BWFG,$18.03,1440252622518,"3,688",100% bearish,of 1 rating,N/A
TAPR,$29.38,1440252622594,"4,550",100% bearish,of 1 rating,N/A
BANR,$45.64,1440252622625,"84,960",100% bullish,of 3 ratings,$50
OZRK,$40.71,1440252622685,"553,107",67% bullish,of 3 ratings,$49.50
BZUN,$5.65,1440252622737,"399,133",50% bullish,of 2 ratings,$12.60
BHACR,$0.25,1440252622766,700,Not yet rated,NULL,N/A
BHAC,NULL,1440252622794,0,Not yet rated,NULL,N/A
BHACU,NULL,1440252622891,0,Not yet rated,NULL,N/A
BHACW,NULL,1440252622916,0,Not yet rated,NULL,N/A
BBSI,$34.87,1440252622945,"71,494",67% bearish,of 3 ratings,$62.50
BYBK,$5.02,1440252623050,"1,546",100% bearish,of 1 rating,N/A
BSET,$29.1,1440252623144,"49,205",100% bearish,of 1 rating,$35
BYLK,$12.95,1440252623189,"4,701",Not yet rated,NULL,$14
BV,$5.08,1440252623276,"375,082",67% bullish,of 6 ratings,$9
BBCN,$14.81,1440252623316,"308,877",100% bearish,of 1 rating,$16
BCBP,$11.73,1440252623367,"8,625",Not yet rated,NULL,N/A
BDCV,$4.84,1440252623417,"9,821",100% bearish,of 1 rating,$10.19
BBGI,$4.68,1440252623517,2,100% bearish,of 1 rating,N/A
BSF,$8.62,1440252623552,"18,869",Not yet rated,NULL,N/A
BEBE,$1.81,1440252623649,"150,846",75% bullish,of 4 ratings,$3.075
BECN,$35.48,1440252623682,"294,756",50% bullish,of 2 ratings,$40
BBBY,$61.8626,1440252623710,"2,676,226",71% bullish,of 7 ratings,$75
BELFA,$15.5,1440252623784,100,100% bearish,of 1 rating,N/A
BLPH,$5.01,1440252623870,"26,371",100% bearish,of 1 rating,$12.50
BELFB,$17.92,1440252623918,"70,318",100% bearish,of 1 rating,N/A
BLCM,$17.46,1440252624003,"701,289",50% bullish,of 4 ratings,$40
BNCL,$12.64,1440252624029,"393,855",100% bullish,of 3 ratings,$12.50
BNFT,$36.3,1440252624065,"94,715",67% bullish,of 3 ratings,$46
BGMD,$0.8536,1440252624160,"210,316",100% bullish,of 10 ratings,N/A
BNTC,$8.6562,1440252624185,"29,198",100% bullish,of 1 rating,N/A
BGCP,$8.8,1440252624253,"2,203,135",88% bullish,of 8 ratings,$14
BIND,$4.56,1440252624441,"42,392",67% bullish,of 3 ratings,$13.50
ORPN,$5.34,1440252624473,"18,329",100% bullish,of 1 rating,$28.50
BGFV,$10.86,1440252624495,"167,409",57% bullish,of 7 ratings,$12
BCDA,NULL,1440252624525,0,Not yet rated,NULL,N/A
BASI,$1.39,1440252624547,"12,876",Not yet rated,NULL,N/A
BIOC,$2.08,1440252624583,"466,899",83% bullish,of 6 ratings,$3.85
BCRX,$11.99,1440252624681,"637,416",63% bullish,of 8 ratings,$18
BIOD,$0.6899,1440252624725,"144,374",80% bullish,of 5 ratings,$4
BDSI,$6.52,1440252624818,"1,009,736",88% bullish,of 8 ratings,$17
BIOL,$1.46,1440252624856,"36,518",Not yet rated,NULL,N/A
BLFS,$2.03,1440252624951,"86,446",100% bearish,of 1 rating,$4.75
BLRX,$1.42,1440252624978,"228,173",100% bullish,of 12 ratings,$5
BIIB,$298,1440252625012,"2,250,449",88% bullish,of 16 ratings,$400
BVXV,$3.86,1440252625114,"7,057",Not yet rated,NULL,N/A
BMRN,$130,1440252625140,"823,308",80% bullish,of 5 ratings,$160
BVXVW,$0.77,1440252625196,"1,008",100% bearish,of 1 rating,N/A
BRLI,NULL,1440252625329,0,NULL,NULL,NULL
BIOS,$1.84,1440252625358,"1,061,659",71% bullish,of 7 ratings,$4
BBC,$30.48,1440252625393,"62,013",Not yet rated,NULL,N/A
BPTH,$1.13,1440252625434,"64,428",100% bullish,of 2 ratings,$5
BSTC,$49.71,1440252625493,"66,008",100% bearish,of 1 rating,$76
BBP,$32.07,1440252625524,"91,659",Not yet rated,NULL,N/A
BSPM,$0.72,1440252625623,"10,225",50% bullish,of 2 ratings,N/A
BOTA,$2.2,1440252625651,"47,009",88% bullish,of 8 ratings,N/A
TECH,$101.4978,1440252625693,"129,987",100% bullish,of 1 rating,$117
BEAT,$13.69,1440252625784,"339,071",67% bearish,of 3 ratings,$15
BDMS,NULL,1440252625819,0,100% bearish,of 1 rating,N/A
BITI,$17.33,1440252625850,"31,694",100% bullish,of 1 rating,$28
BBOX,$15.44,1440252625981,"68,675",100% bearish,of 1 rating,N/A
BJRI,$44.71,1440252626030,"215,274",50% bullish,of 2 ratings,$55
BDE,$7.5,1440252626082,"220,690",50% bullish,of 2 ratings,$9
BLKB,$58.91,1440252626126,"225,935",100% bearish,of 2 ratings,$66
BKCC,$9.118,1440252626272,"334,015",100% bullish,of 2 ratings,$10
ADRA,$27.52,1440252626297,"1,065",Not yet rated,NULL,N/A
BBRY,$7.15,1440252626330,"5,450,296",61% bullish,of 330 ratings,$9
HAWK,$42,1440252626352,"525,334",91% bullish,of 11 ratings,$49
ADRE,$29.55,1440252626430,"44,928",Not yet rated,NULL,N/A
ADRD,$22.12,1440252626484,"8,231",100% bearish,of 1 rating,N/A
ADRU,$21.85,1440252626513,"2,468",100% bearish,of 1 rating,N/A
BLMN,$20.36,1440252626541,"1,559,840",83% bullish,of 6 ratings,$27.50
BLBD,$11.53,1440252626707,"7,869",Not yet rated,NULL,N/A
BCOR,$13.4,1440252626737,"257,015",57% bullish,of 7 ratings,$15
BUFF,$26.91,1440252626795,"472,572",83% bullish,of 12 ratings,$31.50
BBLU,$0.89,1440252626838,"120,329",100% bullish,of 2 ratings,$4.43
BHBK,$14.06,1440252626901,"103,355",100% bullish,of 1 rating,$14.50
NILE,$34.29,1440252626931,"91,641",50% bullish,of 2 ratings,$34
BLUE,$124.9,1440252627037,"511,022",71% bullish,of 7 ratings,$217.50
BKEP,$6.6,1440252627096,"42,067",100% bearish,of 1 rating,$8.50
BNCN,$21.26,1440252627190,"105,692",Not yet rated,NULL,$23
BKEPP,$7.773,1440252627239,"1,100",100% bearish,of 1 rating,N/A
BOBE,$44.5,1440252627264,"144,944",75% bullish,of 4 ratings,$57
BPMC,$25.74,1440252627325,"43,864",50% bullish,of 2 ratings,$47.50
BOFI,$123.99,1440252627503,"365,678",100% bullish,of 6 ratings,$144
BOJA,$20.83,1440252627528,"194,845",100% bullish,of 1 rating,$30
WIFI,$7.83,1440252627592,"402,837",50% bullish,of 2 ratings,$13.50
BOKF,$61.8126,1440252627673,"136,973",100% bearish,of 1 rating,$70.50
BONA,$11.82,1440252627699,"182,491",75% bullish,of 4 ratings,$8.50
BAMM,$3.21,1440252627746,"12,873",60% bullish,of 5 ratings,N/A
BNSO,$1.38,1440252627779,"6,280",100% bearish,of 1 rating,N/A
BPFH,$12.155,1440252627876,"304,942",100% bearish,of 1 rating,$14
BPFHP,$25,1440252627901,"1,571",100% bearish,of 1 rating,N/A
BPFHW,$5.5,1440252627931,837,100% bearish,of 1 rating,N/A
BDBD,$8.43,1440252628034,"500,690",60% bullish,of 5 ratings,$10
EPAY,$25.46,1440252628059,"155,496",100% bearish,of 2 ratings,$30
BCLI,$2.92,1440252628197,"80,439",80% bullish,of 5 ratings,$12
BBEP,$2.26,1440252628382,"2,113,660",69% bullish,of 13 ratings,$5.625
BBRG,$12.58,1440252628418,"83,065",67% bullish,of 3 ratings,$14.50
BBEPP,$13.24,1440252628517,"73,231",100% bearish,of 1 rating,N/A
BDGE,$27.4,1440252628791,"33,067",Not yet rated,NULL,$31.75
BLIN,$1.15,1440252628927,"21,500",50% bullish,of 2 ratings,$2.20
BRID,$8.62,1440252629113,86,100% bearish,of 1 rating,N/A
BSFT,$30.87,1440252629263,"134,160",57% bullish,of 7 ratings,$40.50
BRCM,$48.57,1440252629320,"5,158,085",75% bullish,of 12 ratings,$56
BCOV,$5.22,1440252629341,"120,648",67% bullish,of 3 ratings,$10.20
BVSN,$5.54,1440252629366,"12,787",60% bearish,of 5 ratings,N/A
BYFC,$1.37,1440252629388,200,50% bullish,of 2 ratings,N/A
BRCD,$10.6,1440252629425,"10,780,307",92% bullish,of 13 ratings,$12.50
BRKS,$10.37,1440252629559,"191,066",67% bullish,of 3 ratings,$15.25
BRKL,$10.765,1440252629588,"389,012",100% bearish,of 1 rating,$10.75
BWEN,$3.26,1440252629619,"21,709",100% bullish,of 3 ratings,$8
BMTC,$29.46,1440252629696,"89,269",Not yet rated,NULL,$34
BLMT,$20.8,1440252629721,"14,194",Not yet rated,NULL,N/A
BRKR,$19.0677,1440252629758,"233,562",100% bearish,of 2 ratings,$22
BLDR,$14.9615,1440252629979,"1,078,324",50% bullish,of 2 ratings,$22
CFFI,$36,1440252630057,"6,616",100% bearish,of 1 rating,N/A
BWLD,$189.5073,1440252630087,"260,082",82% bullish,of 11 ratings,$205
BSQR,$6.03,1440252630113,"89,784",67% bullish,of 3 ratings,N/A
CA,$27.33,1440252630159,"2,905,194",50% bullish,of 4 ratings,$33
BUR,$1.85,1440252630188,"2,443",100% bearish,of 1 rating,$8
CHRW,$67.24,1440252630296,"1,128,419",Not yet rated,NULL,$72
CCMP,$44.25,1440252630375,"90,039",50% bullish,of 2 ratings,$59
CDNS,$19.8,1440252630429,"1,519,633",75% bullish,of 4 ratings,$22.50
CDZI,$7.53,1440252630734,"30,147",100% bearish,of 1 rating,N/A
CZR,$8.02,1440252630940,"1,345,062",60% bearish,of 5 ratings,$10.50
CACQ,$7.1,1440252630967,"100,797",100% bearish,of 1 rating,$12.25
CSTE,$45,1440252631045,"526,244",100% bearish,of 1 rating,$65
PRSS,$4.42,1440252631277,"18,224",80% bullish,of 5 ratings,$4.50
CLBS,$1.33,1440252631305,"263,782",79% bullish,of 14 ratings,$4
CHW,$7.59,1440252631454,"273,520",100% bearish,of 1 rating,N/A
CCD,$19.57,1440252631486,"275,211",Not yet rated,NULL,N/A
CGO,$11.92,1440252631507,"30,892",100% bearish,of 1 rating,N/A
CHI,$10.67,1440252631529,"301,618",100% bearish,of 1 rating,N/A
CLMS,$11.43,1440252631566,"84,354",Not yet rated,NULL,$10.50
CHY,$11.51,1440252631587,"256,541",Not yet rated,NULL,N/A
CSQ,$9.88,1440252631719,"547,189",Not yet rated,NULL,N/A
CFGE,NULL,1440252631749,0,Not yet rated,NULL,N/A
CVGW,$54.49,1440252631814,"146,768",50% bullish,of 2 ratings,$58.50
CAMP,$15.71,1440252631841,"335,596",88% bullish,of 8 ratings,$25
CFNB,$13.73,1440252631875,143,100% bearish,of 1 rating,N/A
CALA,$5.13,1440252631974,"381,343",100% bullish,of 3 ratings,$19.50
CALD,$15.56,1440252632105,"396,608",100% bearish,of 1 rating,$20.50
ABCD,$4.64,1440252632197,"122,674",83% bullish,of 6 ratings,N/A
CLMT,$25.21,1440252632234,"367,348",75% bullish,of 8 ratings,$31
CAMB,NULL,1440252632293,0,Not yet rated,NULL,N/A
CAMBW,$0.14,1440252632326,200,Not yet rated,NULL,N/A
CALM,$49.67,1440252632363,"539,610",80% bullish,of 5 ratings,$65
CAMBU,NULL,1440252632427,0,100% bearish,of 1 rating,N/A
CAC,$40.79,1440252632525,"25,045",Not yet rated,NULL,N/A
CAMT,$2.76,1440252632558,"17,958",73% bullish,of 11 ratings,$4
CSIQ,$17.5,1440252632579,"3,511,125",86% bullish,of 28 ratings,$45
CPHC,$10.66,1440252632659,"2,320",100% bearish,of 1 rating,N/A
CGIX,$9.21,1440252632736,"38,415",67% bullish,of 3 ratings,$14.375
CPLA,$48.57,1440252632766,"84,854",50% bullish,of 2 ratings,$65
CBNJ,$10.65,1440252632792,"60,681",100% bullish,of 1 rating,N/A
CBF,$30.13,1440252632870,"102,306",Not yet rated,NULL,$32
CCBG,$15.17,1440252633015,"20,399",Not yet rated,NULL,$17.25
CPLP,$7.07,1440252633147,"470,786",71% bullish,of 7 ratings,$11
CFFN,$12.0086,1440252633176,"689,306",Not yet rated,NULL,$12.75
CSWC,$46.68,1440252633232,"16,339",Not yet rated,NULL,N/A
CPTA,$14.22,1440252633259,"52,411",Not yet rated,NULL,$18.50
CAPNW,$0.6199,1440252633286,615,Not yet rated,NULL,N/A
CAPR,$3.95,1440252633316,"6,718",Not yet rated,NULL,$12
CARA,$21.01,1440252633590,"286,045",50% bullish,of 4 ratings,$25
CARB,$11.43,1440252633639,"85,069",75% bullish,of 4 ratings,$12
CAPN,$1.99,1440252633664,"269,769",100% bullish,of 1 rating,$10.85
CBYL,$6.29,1440252633800,"38,631",100% bearish,of 1 rating,$20
CPST,$0.3777,1440252633827,"956,493",95% bullish,of 22 ratings,$1.25
CRME,$9.535,1440252633963,"32,837",89% bullish,of 9 ratings,$11.25
CRDC,$0.38,1440252633996,"10,734",100% bullish,of 1 rating,$1.25
CFNL,$22.47,1440252634033,"122,419",Not yet rated,NULL,$24
CDNA,$6.47,1440252634092,"6,286",100% bearish,of 1 rating,$9
CATM,$34.54,1440252634125,"283,184",100% bearish,of 1 rating,$44
CSII,$24.6527,1440252634156,"477,244",100% bearish,of 2 ratings,$42.125
CECO,$3.63,1440252634177,"476,999",67% bearish,of 3 ratings,$6
CLBH,$12.79,1440252634402,288,Not yet rated,NULL,$16.50
CTRE,$12.03,1440252634430,"422,076",50% bullish,of 2 ratings,N/A
CRZO,$32,1440252634477,"968,169",67% bearish,of 3 ratings,$57
CKEC,$21.84,1440252634504,"283,627",50% bullish,of 2 ratings,$35.915
CART,NULL,1440252634525,0,100% bearish,of 1 rating,N/A
CARO,$15.35,1440252634547,"1,700",100% bearish,of 1 rating,$19
TAST,$11.91,1440252634682,"220,515",Not yet rated,NULL,$14.25
CARV,$5.51,1440252634812,"1,650",50% bullish,of 2 ratings,N/A
CRTN,$2.66,1440252634883,103,100% bearish,of 1 rating,N/A
CWST,$6.2,1440252634917,"271,280",50% bullish,of 2 ratings,$7
CACB,$5.43,1440252634938,"111,472",Not yet rated,NULL,$5.50
CASM,$1.09,1440252634959,"4,748",100% bullish,of 1 rating,$3.50
CSCD,$14.23,1440252635000,"100,500",100% bullish,of 2 ratings,$17
CASI,$1.42,1440252635094,"13,082",100% bullish,of 1 rating,$3.50
CASY,$104.8974,1440252635150,"370,086",50% bullish,of 2 ratings,$99.50
CASS,$47.46,1440252635282,"46,174",100% bearish,of 1 rating,N/A
CATB,$11.26,1440252635344,"70,464",100% bearish,of 1 rating,$28
CATY,$30.2864,1440252635438,"491,578",100% bearish,of 1 rating,$33.50
CPRX,$3.66,1440252635506,"846,503",71% bullish,of 7 ratings,$7
CATYW,$10.54,1440252635536,100,100% bearish,of 1 rating,N/A
CBFV,$20.75,1440252635565,"4,266",Not yet rated,NULL,N/A
CAVM,$66.14,1440252635593,"458,453",67% bearish,of 3 ratings,$72
CVCO,$73.17,1440252635618,"73,964",100% bearish,of 1 rating,N/A
CNLM,$9.97,1440252635643,"1,883",Not yet rated,NULL,N/A
CNLMR,NULL,1440252635917,0,Not yet rated,NULL,N/A
CNLMU,NULL,1440252635993,0,100% bullish,of 1 rating,N/A
CNLMW,NULL,1440252636055,0,Not yet rated,NULL,N/A
CBOE,$61.4126,1440252636081,"495,206",Not yet rated,NULL,$60
CDK,$48.5,1440252636123,"517,921",67% bearish,of 3 ratings,$50
CDW,$38.25,1440252636220,"1,490,342",75% bullish,of 4 ratings,$44
CECE,$9.45,1440252636318,"124,266",50% bullish,of 2 ratings,$16
CELGZ,$1.81,1440252636347,"14,200",80% bullish,of 5 ratings,N/A
CPXX,$2.13,1440252636368,"85,814",100% bullish,of 2 ratings,$7
CELG,$119.5,1440252636406,"5,582,818",92% bullish,of 13 ratings,$155.50
CLDX,$13.53,1440252636436,"2,065,127",89% bullish,of 9 ratings,$36
CLDN,$1.05,1440252636504,"324,992",71% bullish,of 7 ratings,$3
CLRB,$3.05,1440252636533,"5,111",100% bearish,of 1 rating,N/A
CLRBW,$0.94,1440252636605,300,Not yet rated,NULL,N/A
CBMG,$22.63,1440252636710,"40,791",50% bullish,of 2 ratings,N/A
CLLS,$30.45,1440252636770,"113,250",75% bullish,of 4 ratings,$51.50
CLTX,$3,1440252636905,"2,660,088",100% bullish,of 2 ratings,N/A
CLSN,$2,1440252636933,"140,086",80% bullish,of 10 ratings,$7.50
CEMP,$35.5,1440252636965,"686,260",71% bullish,of 7 ratings,$52
CYAD,$50.47,1440252636992,"5,476",100% bullish,of 1 rating,$87.50
CETX,$2.47,1440252637033,"12,950",Not yet rated,NULL,$5.60
CETV,$2.02,1440252637060,"177,717",67% bullish,of 3 ratings,$2.80
CFBK,$1.38,1440252637260,"6,308",Not yet rated,NULL,N/A
CENT,$11.93,1440252637296,"28,453",Not yet rated,NULL,$10
CSFL,$14.06,1440252637330,"147,356",Not yet rated,NULL,$15
CVCY,$11.19,1440252637352,675,Not yet rated,NULL,$12
CENTA,$12.57,1440252637390,"238,725",Not yet rated,NULL,N/A
CENX,$5.17,1440252637424,"1,660,584",67% bullish,of 6 ratings,$9
CNBKA,$40.33,1440252637452,"9,839",100% bullish,of 1 rating,N/A
CPHD,$47.8043,1440252637649,"535,219",50% bullish,of 2 ratings,$66.50
CERE,$1.1,1440252637738,"479,152",88% bullish,of 8 ratings,N/A
CRNT,$1.37,1440252637763,"280,066",50% bullish,of 2 ratings,$2
CERN,$61.72,1440252637801,"1,895,743",67% bullish,of 3 ratings,$79
CNTY,$6.02,1440252637831,"6,571",80% bullish,of 5 ratings,$7.75
CERS,$4.73,1440252637852,"650,339",75% bullish,of 4 ratings,$7
CEVA,$18.37,1440252637930,"70,931",100% bearish,of 1 rating,$25
CERU,$3.42,1440252637988,"35,413",75% bullish,of 4 ratings,$15
KOOL,$0.6998,1440252638014,"19,783",100% bullish,of 5 ratings,$7
HOTRW,NULL,1440252638149,0,Not yet rated,NULL,N/A
CYOU,$20.0874,1440252638178,"457,679",50% bullish,of 6 ratings,$24
CTHR,$1.23,1440252638285,"48,304",50% bullish,of 2 ratings,$2.50
GTLS,$22.3973,1440252638354,"330,795",50% bullish,of 4 ratings,$40
HOTR,$1.5,1440252638383,"212,526",100% bullish,of 2 ratings,$5
CHFN,$12.45,1440252638412,"35,096",Not yet rated,NULL,$14
CHTR,$177.5087,1440252638517,"962,693",100% bearish,of 2 ratings,$196
CHKP,$76.9,1440252638586,"1,048,652",50% bullish,of 4 ratings,$92
CHEK,$3.16,1440252638660,"1,665",Not yet rated,NULL,$7.75
CHFC,$31.81,1440252638723,"100,386",100% bearish,of 1 rating,$36
CHEKW,NULL,1440252638755,0,Not yet rated,NULL,N/A
CEMI,$4.25,1440252638790,"5,139",50% bullish,of 2 ratings,$7.50
CCXI,$6.66,1440252638853,"125,627",67% bullish,of 3 ratings,$14
CHMG,$26.6,1440252638881,700,Not yet rated,NULL,$30
CHKE,$25.42,1440252638920,"26,595",100% bearish,of 1 rating,$32.50
CHEV,$14.63,1440252638945,"8,266",Not yet rated,NULL,N/A
CBNK,$16.48,1440252639198,297,100% bearish,of 1 rating,N/A
CHMA,$24.05,1440252639234,"123,730",Not yet rated,NULL,$40
CMRX,$46.44,1440252639264,"341,351",50% bullish,of 2 ratings,$57
CADC,NULL,1440252639333,0,78% bullish,of 9 ratings,N/A
CALI,$0.87,1440252639354,"7,037",67% bullish,of 3 ratings,N/A
CBAK,$1.8,1440252639387,"39,266",67% bullish,of 9 ratings,N/A
PLCE,$58.5,1440252639484,"386,298",100% bearish,of 1 rating,$71
CAAS,$6.48,1440252639519,"52,022",93% bullish,of 14 ratings,$11.50
CCCL,$0.85,1440252639581,"10,030",100% bullish,of 6 ratings,N/A
CBPO,$97.5633,1440252639611,"275,264",75% bullish,of 8 ratings,$140.50
JRJC,$3.88,1440252639677,"166,421",82% bullish,of 11 ratings,N/A
CCCR,$0.89,1440252639705,"36,866",67% bearish,of 3 ratings,N/A
CHOP,$1.2,1440252639737,"146,084",50% bullish,of 2 ratings,N/A
HGSH,$1.89,1440252639848,"13,900",67% bullish,of 3 ratings,N/A
CHLN,$2.05,1440252639877,"8,803",67% bullish,of 3 ratings,N/A
CNIT,$1.54,1440252640010,"31,123",67% bullish,of 6 ratings,N/A
HTHT,$24.5,1440252640184,"81,284",50% bullish,of 2 ratings,$28
CJJD,$1.9,1440252640252,"52,186",100% bullish,of 1 rating,N/A
CREG,$0.7,1440252640346,"109,561",100% bullish,of 3 ratings,N/A
CPGI,$6.94,1440252640391,"2,888",Not yet rated,NULL,N/A
CXDC,$6.21,1440252640419,"128,308",67% bullish,of 3 ratings,N/A
CHNR,$2.01,1440252640441,"1,911",100% bearish,of 1 rating,N/A
CSUN,$1.38,1440252640462,"19,180",80% bullish,of 5 ratings,N/A
CNTF,$0.85,1440252640503,"130,860",Not yet rated,NULL,N/A
CNYD,$3.17,1440252640594,"7,840",67% bullish,of 3 ratings,N/A
CCIH,$6.0688,1440252640634,"995,724",67% bullish,of 6 ratings,$12.65
CHSCL,$27.06,1440252640687,"26,654",Not yet rated,NULL,N/A
CHSCM,$25.86,1440252640778,"33,418",Not yet rated,NULL,N/A
IMOS,$16.0456,1440252640805,"208,767",60% bullish,of 5 ratings,$21.50
CNET,$0.8899,1440252640940,"36,501",50% bullish,of 2 ratings,N/A
CHSCO,$28.32,1440252641127,"9,147",Not yet rated,NULL,N/A
CHSCP,$30.29,1440252641153,"3,905",Not yet rated,NULL,N/A
CHSCN,$27.02,1440252641185,"3,839",Not yet rated,NULL,N/A
CHUY,$31.27,1440252641211,"229,822",50% bullish,of 2 ratings,$34
CMCT,$15,1440252641241,"2,992",100% bearish,of 1 rating,N/A
CIFC,$6.85,1440252641285,"10,311",Not yet rated,NULL,N/A
CHDN,$134.37,1440252641311,"57,359",Not yet rated,NULL,$165
CDTX,$14.04,1440252641389,"21,619",Not yet rated,NULL,$22
CIDM,$0.62,1440252641534,"87,510",50% bullish,of 2 ratings,$2.10
CINF,$53.8535,1440252641582,"1,065,857",50% bullish,of 4 ratings,$50.50
CMPR,$67.75,1440252641610,"558,567",50% bullish,of 2 ratings,$72.50
CPHR,$6.2,1440252641631,"1,500",100% bearish,of 1 rating,$16
CTAS,$84.87,1440252641675,"522,195",100% bearish,of 1 rating,$91
CRUS,$27.46,1440252641829,"973,633",75% bullish,of 12 ratings,$44.50
CSCO,$26.48,1440252641862,"34,066,946",84% bullish,of 208 ratings,$32
CZFC,$12.7201,1440252641957,700,Not yet rated,NULL,N/A
CZWI,$9.09,1440252641985,10,Not yet rated,NULL,N/A
CZNC,$19.63,1440252642037,"13,840",Not yet rated,NULL,N/A
CTRN,$27.92,1440252642069,"144,202",100% bearish,of 1 rating,$31.50
CIZN,$19.55,1440252642129,"1,220",Not yet rated,NULL,N/A
CHCO,$47.47,1440252642165,"74,330",Not yet rated,NULL,$46
CTXS,$73.91,1440252642284,"1,231,547",86% bullish,of 7 ratings,$80
CIVBP,NULL,1440252642313,0,Not yet rated,NULL,N/A
CIVB,$10.29,1440252642365,"5,841",Not yet rated,NULL,$11
CDTI,$1.56,1440252642394,"65,316",75% bullish,of 4 ratings,$3.20
CLNE,$4.02,1440252642530,"1,114,136",80% bullish,of 15 ratings,$9
CLNT,$1.69,1440252642557,"56,834",75% bullish,of 8 ratings,N/A
CLFD,$16.89,1440252642579,"50,082",67% bullish,of 3 ratings,$18
CLRO,$11.74,1440252642713,"4,663",50% bullish,of 2 ratings,$14.25
CLIR,$5.07,1440252642804,"32,472",100% bullish,of 3 ratings,N/A
CBLI,$3.82,1440252642858,"47,562",60% bullish,of 5 ratings,N/A
CCNE,$17.08,1440252642888,"21,997",50% bullish,of 2 ratings,$21.50
CSBK,$13.76,1440252642915,"62,601",Not yet rated,NULL,N/A
CLVS,$72.68,1440252642941,"346,682",60% bullish,of 5 ratings,$101.50
CME,$91.629,1440252642989,"3,306,208",67% bullish,of 3 ratings,$102
CMFN,$11.79,1440252643079,"14,093",100% bearish,of 1 rating,$15.50
CNV,$4.72,1440252643212,"20,202",50% bullish,of 2 ratings,$7.15
CISG,$7.78,1440252643237,"151,935",100% bullish,of 5 ratings,$10
COKE,$154.15,1440252643310,"30,930",79% bullish,of 19 ratings,N/A
CWAY,$11.36,1440252643336,502,Not yet rated,NULL,N/A
COBZ,$13,1440252643357,"155,494",100% bullish,of 1 rating,$14
CDRB,$11.18,1440252643489,"11,033",67% bullish,of 3 ratings,N/A
CDXS,$3.96,1440252643518,"51,237",64% bullish,of 11 ratings,$6
CVLY,$20.55,1440252643584,"8,047",Not yet rated,NULL,N/A
JVA,$4.57,1440252643614,"28,204",83% bullish,of 6 ratings,$7
CGNT,$1.66,1440252643644,"34,162",100% bullish,of 2 ratings,$2
CCOI,$28.31,1440252643681,"322,021",50% bullish,of 4 ratings,$35
COHR,$57.2,1440252643749,"130,953",50% bullish,of 2 ratings,$72
CGNX,$35.7,1440252643777,"695,000",50% bullish,of 2 ratings,$47
CTSH,$62.85,1440252643855,"3,763,692",90% bullish,of 10 ratings,$75
CHRS,$29.87,1440252643943,"170,994",67% bearish,of 3 ratings,$37
COHU,$9.89,1440252644048,"271,999",100% bearish,of 1 rating,$14.25
CLCT,$18.06,1440252644180,"74,153",100% bearish,of 1 rating,N/A
CBAN,$8.95,1440252644211,520,Not yet rated,NULL,N/A
CIGI,$44.35,1440252644232,"9,835",100% bearish,of 1 rating,$52
CLRX,$0.4901,1440252644266,"59,544",50% bullish,of 2 ratings,N/A
COLL,$15.25,1440252644287,"33,838",100% bearish,of 1 rating,$26
CLCD,$6.91,1440252644366,"23,570",100% bearish,of 1 rating,$20.50
COLB,$31.17,1440252644433,"236,131",Not yet rated,NULL,$36
COLM,$62.63,1440252644492,"170,550",100% bearish,of 1 rating,$71
CMCSA,$56.78,1440252644566,"15,010,891",66% bullish,of 35 ratings,$69.50
CBMX,$1.21,1440252644596,"39,549",83% bullish,of 6 ratings,$3.15
CMCO,$19.42,1440252644617,"118,644",60% bullish,of 5 ratings,$28
CMCSK,$57.64,1440252644649,"4,128,285",Not yet rated,NULL,$84
CBSH,$45.3446,1440252644785,"380,222",50% bullish,of 2 ratings,$46
COMM,$29.31,1440252644919,"1,032,402",67% bearish,of 3 ratings,$35
CVGI,$4.69,1440252644948,"105,073",50% bullish,of 2 ratings,$6
CBSHP,$25.25,1440252644974,"1,462",100% bearish,of 1 rating,N/A
CUBN,$13.6,1440252645018,"2,416",Not yet rated,NULL,N/A
CSAL,$20.6075,1440252645045,"718,045",75% bullish,of 4 ratings,$30
ESXB,$5.12,1440252645177,"12,099",Not yet rated,NULL,N/A
JCS,$9.21,1440252645208,626,67% bullish,of 3 ratings,N/A
CWBC,$6.78,1440252645238,"5,828",Not yet rated,NULL,N/A
CTBI,$34.8,1440252645264,"47,075",Not yet rated,NULL,$36
CYHHZ,$0.011,1440252645306,"5,341",100% bullish,of 1 rating,N/A
COB,$10.42,1440252645398,"21,470",100% bullish,of 1 rating,$11.75
CVLT,$36.34,1440252645450,"370,999",75% bullish,of 4 ratings,$44.50
CIZ,$33.33,1440252645530,"5,278",100% bearish,of 1 rating,N/A
CIL,$33.53,1440252645584,500,Not yet rated,NULL,N/A
CID,$33.93,1440252645615,300,Not yet rated,NULL,N/A
CSA,$33.32,1440252645721,"2,560",Not yet rated,NULL,N/A
CDC,$35.22,1440252645809,"23,106",Not yet rated,NULL,N/A
CFA,$35.77,1440252645995,"2,458",100% bearish,of 1 rating,N/A
CFO,$35.7,1440252646023,"16,998",100% bearish,of 1 rating,N/A
CDL,$34.42,1440252646056,"7,600",Not yet rated,NULL,N/A
CSB,NULL,1440252646085,0,Not yet rated,NULL,N/A
CSF,$36.84,1440252646116,"5,120",100% bearish,of 1 rating,N/A
CPSI,$45.08,1440252646152,"89,664",100% bearish,of 1 rating,$45.50
CGEN,$5.15,1440252646178,"114,352",50% bullish,of 2 ratings,$11
SCOR,$56.5,1440252646215,"463,584",100% bearish,of 1 rating,$66
CTG,$6.63,1440252646359,"46,409",100% bearish,of 1 rating,$8.50
CMTL,$26.49,1440252646388,"90,800",100% bearish,of 2 ratings,$37
CHCI,$0.6,1440252646534,"23,882",50% bullish,of 2 ratings,N/A
CNAT,$4,1440252646669,"134,269",83% bullish,of 6 ratings,$13
CNCE,$15.39,1440252646697,"221,475",75% bullish,of 4 ratings,$22
CNSI,$18.79,1440252646724,"160,869",100% bearish,of 2 ratings,$29
CXRX,$71.01,1440252646745,"3,584",Not yet rated,NULL,$90
CCUR,$5.18,1440252646833,"18,754",75% bullish,of 4 ratings,N/A
CDOR,$1.47,1440252646884,"5,359",100% bullish,of 1 rating,N/A
CDORO,NULL,1440252646913,0,100% bearish,of 1 rating,N/A
CFMS,$21.32,1440252647041,"241,608",Not yet rated,NULL,$27
CNFR,$10.42,1440252647069,"16,866",Not yet rated,NULL,N/A
CNMD,$54.8,1440252647145,"186,789",Not yet rated,NULL,$59
CNOB,$19.5,1440252647210,"153,863",100% bullish,of 1 rating,$23.50
CDORP,$6.7921,1440252647277,800,100% bearish,of 1 rating,N/A
CTWS,$35.1,1440252647312,"49,177",100% bearish,of 1 rating,$44
CNXR,$6.26,1440252647413,"22,458",100% bearish,of 1 rating,$12
CONN,$31.23,1440252647441,"383,835",67% bullish,of 3 ratings,$48.50
CNSL,$20.06,1440252647576,"235,939",100% bearish,of 1 rating,$23
CTCT,$24.27,1440252647607,"286,115",67% bullish,of 3 ratings,$37
CFRX,$5.14,1440252647635,"29,285",Not yet rated,NULL,$14
CWCO,$10.65,1440252647656,"129,607",67% bullish,of 3 ratings,$14.50
CPSS,$5.64,1440252647712,"88,625",100% bullish,of 1 rating,$10
CFRXW,$1.87,1440252647876,"4,588",100% bearish,of 1 rating,N/A
CFRXZ,$0.531,1440252647902,"2,550",Not yet rated,NULL,N/A
CTRV,$3.55,1440252647928,"57,680",Not yet rated,NULL,$6.40
CTRL,$7.91,1440252647976,"125,610",50% bullish,of 2 ratings,$11
CRBP,$2.13,1440252648114,"925,466",100% bullish,of 2 ratings,$6.25
CPRT,$34.5858,1440252648140,"275,415",67% bearish,of 3 ratings,$40
BVA,$3.75,1440252648221,"3,794",50% bullish,of 2 ratings,N/A
CORT,$4.57,1440252648354,"394,867",67% bullish,of 3 ratings,$12
CORI,$10.8,1440252648894,"63,491",100% bearish,of 1 rating,$18
CORE,$59.8,1440252648927,"94,606",100% bearish,of 1 rating,$72
COSI,$1.11,1440252649028,"87,642",100% bullish,of 1 rating,N/A
CRVL,$32.1,1440252649060,"47,501",100% bearish,of 1 rating,N/A
CSGP,$181.61,1440252649089,"73,784",50% bullish,of 2 ratings,$235
CSOD,$36.95,1440252649110,"368,582",50% bullish,of 2 ratings,$42
CPAH,$0.4625,1440252649164,"11,752",50% bullish,of 2 ratings,N/A
COST,$139.357,1440252649354,"2,522,098",79% bullish,of 24 ratings,$154.50
CVTI,$22.53,1440252649397,"149,049",67% bearish,of 3 ratings,$39
COWN,$5.1,1440252649427,"839,094",75% bullish,of 4 ratings,$7
CRAI,$22.39,1440252649532,"55,819",Not yet rated,NULL,$36
CPSH,$2.36,1440252649561,300,Not yet rated,NULL,N/A
ICBK,$18.6,1440252649582,402,Not yet rated,NULL,$21
COWNL,$27.19,1440252649611,"3,700",Not yet rated,NULL,N/A
COVS,$2.56,1440252649632,"72,882",67% bullish,of 3 ratings,N/A
CBRL,$143.9027,1440252649821,"281,725",50% bullish,of 2 ratings,$155
BREW,$7.3,1440252649849,"59,792",67% bullish,of 6 ratings,$15
CACC,$192.85,1440252649988,"121,732",50% bullish,of 2 ratings,$158.50
CRAY,$20.49,1440252650018,"284,812",83% bullish,of 6 ratings,$38.50
GLDI,$11.09,1440252650045,"41,785",100% bearish,of 1 rating,N/A
SLVO,$10.46,1440252650066,"9,370",100% bearish,of 1 rating,N/A
CREE,$25.45,1440252650096,"1,082,980",65% bullish,of 17 ratings,$29.50
CRESY,$10.29,1440252650229,"38,860",100% bearish,of 1 rating,$19
CRTO,$43.49,1440252650282,"541,309",67% bullish,of 6 ratings,$64
CROX,$14.19,1440252650309,"1,360,754",63% bullish,of 8 ratings,$16.50
CCRN,$14.41,1440252650366,"188,998",100% bearish,of 1 rating,$14.25
CRDS,$1.05,1440252650436,"13,476",50% bullish,of 4 ratings,$4.50
CRWS,$8.03,1440252650519,"2,485",Not yet rated,NULL,$10
CRWN,$4.56,1440252650620,"130,545",75% bullish,of 4 ratings,N/A
CYRXW,$0.86,1440252650665,"41,500",Not yet rated,NULL,N/A
CYRX,$2.88,1440252650725,"35,137",Not yet rated,NULL,$9
CSGS,$31.06,1440252650799,"172,648",Not yet rated,NULL,$40
CCLP,$13.8063,1440252650821,"64,248",67% bearish,of 3 ratings,$21
CTCM,$1.71,1440252650905,"372,018",80% bearish,of 5 ratings,$3.90
CTIB,NULL,1440252650950,0,100% bearish,of 1 rating,N/A
CSPI,$6.18,1440252650983,"3,803",67% bullish,of 3 ratings,N/A
CTIC,$1.68,1440252651044,"1,708,372",84% bullish,of 76 ratings,$5.75
CTRP,$64.2374,1440252651071,"1,571,691",75% bullish,of 8 ratings,$92
CUNB,$22.03,1440252651140,"49,607",Not yet rated,NULL,$24.50
CUI,$4.8908,1440252651168,"121,551",50% bullish,of 2 ratings,$10
CPIX,$5.87,1440252651198,"3,515",Not yet rated,NULL,N/A
CMLS,$1.3,1440252651303,"970,308",50% bullish,of 4 ratings,$6
CUTR,$14.4,1440252651387,"57,497",67% bearish,of 3 ratings,$18
CVBF,$16.66,1440252651474,"658,942",Not yet rated,NULL,$18
CRIS,$2.57,1440252651581,"442,411",100% bullish,of 8 ratings,$6
CVV,$11.44,1440252651606,"25,260",100% bullish,of 5 ratings,N/A
CYBX,$66.48,1440252651639,"561,566",50% bullish,of 4 ratings,$70
CYAN,$7.3,1440252651667,"5,900",100% bearish,of 1 rating,N/A
CYBR,$51.5,1440252651689,"2,002,023",86% bullish,of 7 ratings,$66
CYBE,$5.96,1440252651831,"9,802",100% bearish,of 1 rating,N/A
CYCCP,NULL,1440252651869,0,100% bearish,of 1 rating,N/A
CYCC,$0.5699,1440252651897,"125,541",73% bullish,of 11 ratings,N/A
CBAY,$2.69,1440252651965,"42,788",100% bullish,of 1 rating,$4
CYNA,$16.08,1440252651995,"23,175",100% bullish,of 1 rating,$31.50
CY,$9.447,1440252652022,"3,384,357",80% bullish,of 10 ratings,$15.50
CYNO,$31.99,1440252652048,"242,311",67% bearish,of 3 ratings,$45.50
CYRN,$1.64,1440252652188,"253,906",67% bullish,of 3 ratings,$4
CYTK,$6.54,1440252652320,"193,233",71% bullish,of 14 ratings,$13.50
CONE,$32.98,1440252652351,"454,437",67% bearish,of 3 ratings,$35
CYTX,$0.375,1440252652377,"766,187",83% bullish,of 12 ratings,$5.50
TVIZ,$14.69,1440252652402,"3,240",100% bearish,of 1 rating,N/A
CTSO,$6.95,1440252652430,"54,249",Not yet rated,NULL,$15.625
DAEG,$0.3443,1440252652455,"4,306",100% bearish,of 1 rating,N/A
CYTR,$2.18,1440252652595,"755,510",67% bullish,of 6 ratings,$10
XIV,$36.2,1440252652695,"25,218,869",75% bearish,of 4 ratings,N/A
TVIX,$8.99,1440252652731,"19,877,376",81% bullish,of 16 ratings,N/A
DJCO,$197.2,1440252652759,"1,966",Not yet rated,NULL,N/A
DAKT,$11.7,1440252652787,"198,964",50% bullish,of 2 ratings,$14
ZIV,$46.57,1440252652814,"149,070",Not yet rated,NULL,N/A
DTLK,$5.5,1440252652946,"91,469",100% bearish,of 1 rating,$9
DAIO,$2.55,1440252652974,"4,354",Not yet rated,NULL,N/A
DARA,$0.9,1440252653019,"39,987",83% bullish,of 6 ratings,$1.50
DWCH,$4.97,1440252653109,"77,045",75% bullish,of 4 ratings,$8.25
DRAM,$1.4,1440252653149,"5,900",78% bullish,of 9 ratings,N/A
PLAY,$34.47,1440252653180,"228,236",100% bullish,of 5 ratings,$42
DTEA,$13.49,1440252653249,"126,308",100% bearish,of 2 ratings,$24
DWSN,$4.02,1440252653275,"44,331",67% bullish,of 3 ratings,$6
TRAK,$62.93,1440252653354,"1,034,755",50% bullish,of 2 ratings,$62.50
DBVT,$39.13,1440252653529,"112,606",100% bearish,of 1 rating,$53
DHRM,$1.68,1440252653561,"4,586",Not yet rated,NULL,N/A
DFRG,$14.75,1440252653592,"199,012",100% bearish,of 1 rating,$20
TACOW,$4.01,1440252653665,"3,651",100% bullish,of 1 rating,N/A
TACO,$13.13,1440252653690,"216,919",100% bullish,of 3 ratings,$20
DCTH,$0.48,1440252653721,"110,038",78% bullish,of 9 ratings,N/A
DGAS,$20.24,1440252653823,"1,955",67% bearish,of 3 ratings,N/A
DELTW,NULL,1440252653928,0,Not yet rated,NULL,N/A
DENN,$11.6,1440252653961,"551,633",100% bullish,of 3 ratings,$15
DELT,$2.59,1440252653982,"2,349",Not yet rated,NULL,N/A
DSCI,$6.45,1440252654016,"49,351",50% bullish,of 2 ratings,$16
XRAY,$53.63,1440252654047,"910,051",100% bullish,of 1 rating,$58
DEPO,$28.75,1440252654114,"1,112,213",60% bullish,of 5 ratings,$29
DERM,$24.15,1440252654210,"253,637",100% bearish,of 1 rating,$33.50
DEST,$11.83,1440252654308,"39,808",50% bullish,of 2 ratings,N/A
DXLG,$4.5,1440252654365,"65,758",100% bearish,of 1 rating,$8
DSWL,$1.75,1440252654394,"10,432",100% bullish,of 1 rating,N/A
DXM,$0.32,1440252654525,"22,270",50% bullish,of 2 ratings,N/A
DXCM,$89.9992,1440252654554,"957,976",57% bullish,of 7 ratings,$98
DHXM,NULL,1440252654583,0,Not yet rated,NULL,N/A
DMND,$30.41,1440252654604,"181,308",75% bullish,of 12 ratings,$32
DHIL,$190.8,1440252654657,"18,491",Not yet rated,NULL,N/A
FANG,$66.542,1440252654789,"1,043,554",50% bullish,of 2 ratings,$86
DCIX,$1.74,1440252654825,"92,529",50% bullish,of 4 ratings,$3.50
DRNA,$10.34,1440252654847,"90,197",67% bearish,of 3 ratings,$25
DMRC,$36.52,1440252654925,"70,922",100% bearish,of 1 rating,$44
DGII,$9.95,1440252654954,"78,052",100% bearish,of 1 rating,$10
DRAD,$3.88,1440252654981,"12,681",100% bullish,of 1 rating,$5.25
DGLY,$6.75,1440252655170,"241,709",50% bullish,of 6 ratings,$20
APPS,$2.36,1440252655280,"204,374",100% bearish,of 1 rating,$10.25
DISCA,$27.1,1440252655320,"3,037,195",67% bullish,of 3 ratings,$34
DISCB,NULL,1440252655346,0,100% bearish,of 1 rating,$35
DCOM,$16.82,1440252655373,"156,270",100% bearish,of 2 ratings,$16.50
DIOD,$19.31,1440252655399,"281,801",75% bearish,of 4 ratings,$24
DISCK,$25.9869,1440252655562,"2,884,033",100% bearish,of 1 rating,$32
DPRX,$11.95,1440252655591,"18,525",100% bullish,of 2 ratings,$27.75
DISH,$60.9427,1440252655613,"1,735,171",69% bullish,of 13 ratings,$73
DSCO,$0.4055,1440252655748,"156,711",83% bullish,of 6 ratings,$2.75
DLHC,$2.5,1440252655780,"6,270",100% bearish,of 1 rating,N/A
DVCR,$10.25,1440252655801,"18,982",100% bullish,of 1 rating,N/A
BAGR,$3.01,1440252655881,"16,511",100% bearish,of 1 rating,$6
DNBF,$27.15,1440252655968,"8,727",Not yet rated,NULL,$27.50
DGICA,$14.4,1440252656002,"16,557",100% bearish,of 1 rating,$17
DGICB,NULL,1440252656102,0,100% bearish,of 1 rating,N/A
DLTR,$76.3408,1440252656131,"2,448,980",82% bullish,of 11 ratings,$88
DMLP,$13.9,1440252656160,"47,201",100% bearish,of 1 rating,N/A
DORM,$49.7,1440252656192,"307,182",100% bearish,of 1 rating,$56
HILL,$9.69,1440252656229,"2,314,246",60% bearish,of 5 ratings,$9.75
DRWI,$0.2625,1440252656287,"193,656",60% bullish,of 5 ratings,$.45
DRWIW,$0.0589,1440252656330,"1,581",Not yet rated,NULL,N/A
DWA,$19.0777,1440252656469,"879,680",63% bullish,of 8 ratings,$26
DSKX,$3.44,1440252656498,"117,971",100% bullish,of 1 rating,N/A
DRYS,$0.357,1440252656523,"1,482,398",77% bullish,of 31 ratings,$.60
CADTU,NULL,1440252656723,0,Not yet rated,NULL,N/A
DSPG,$8.595,1440252656751,"67,339",100% bearish,of 1 rating,$13.50
CADT,$10.02,1440252656780,206,Not yet rated,NULL,N/A
CADTR,NULL,1440252656831,0,Not yet rated,NULL,N/A
DTSI,$26.055,1440252656886,"125,141",100% bearish,of 2 ratings,$39.50
DNKN,$49.874,1440252656916,"1,291,182",67% bullish,of 15 ratings,$56.50
CADTW,NULL,1440252656990,0,Not yet rated,NULL,N/A
DRRX,$1.99,1440252657023,"346,049",50% bullish,of 6 ratings,$3
DXPE,$28.59,1440252657099,"166,279",50% bullish,of 2 ratings,N/A
DYAX,$22.55,1440252657129,"854,965",89% bullish,of 9 ratings,$30
BOOM,$9.64,1440252657157,"57,962",67% bullish,of 3 ratings,$12
DYSL,$1.55,1440252657290,"180,829",100% bullish,of 2 ratings,N/A
DYNT,$2.86,1440252657316,"3,600",75% bullish,of 4 ratings,N/A
DVAX,$27.73,1440252657473,"350,077",70% bullish,of 10 ratings,$40
ETFC,$25.3,1440252657518,"2,489,422",57% bullish,of 14 ratings,$33
EBMT,$11.53,1440252657616,"19,207",Not yet rated,NULL,$13.50
EGLE,$6,1440252657652,"60,394",60% bullish,of 5 ratings,N/A
EGBN,$42.84,1440252657682,"89,593",Not yet rated,NULL,$48
EGRX,$65.38,1440252657713,"389,557",67% bullish,of 3 ratings,$97
EROC,$1.1,1440252657783,"356,235",50% bullish,of 2 ratings,$3
EWBC,$41.405,1440252657811,"1,077,281",100% bearish,of 1 rating,$50
EACQU,NULL,1440252657942,0,Not yet rated,NULL,N/A
ELNK,$8.58,1440252657975,"814,740",60% bullish,of 5 ratings,$9.50
EML,$16.81,1440252658005,"6,029",Not yet rated,NULL,N/A
EVBS,$6.45,1440252658082,"6,522",Not yet rated,NULL,$7
EBIX,$28.05,1440252658110,"477,773",69% bullish,of 13 ratings,$40
ECHO,$24.82,1440252658292,"412,036",67% bearish,of 3 ratings,$35.50
ELON,$0.545,1440252658318,"64,729",50% bullish,of 2 ratings,N/A
EBAY,$25.613,1440252658352,"13,096,604",81% bullish,of 117 ratings,$48
EEI,$11.09,1440252658453,"4,741",67% bearish,of 3 ratings,N/A
ECTE,$1.63,1440252658480,"78,541",75% bullish,of 4 ratings,N/A
SATS,$45.42,1440252658510,"155,588",50% bullish,of 2 ratings,$60
ECACU,$10.1,1440252658540,"1,738",Not yet rated,NULL,N/A
EDAP,$3.085,1440252658645,"136,353",60% bullish,of 5 ratings,$4.50
ESES,$3.45,1440252658702,"8,309",100% bearish,of 1 rating,$7
EDGW,$7.14,1440252658790,"35,959",100% bearish,of 1 rating,N/A
EDUC,$4.59,1440252658818,"7,183",100% bearish,of 1 rating,N/A
EFUT,NULL,1440252658846,0,Not yet rated,NULL,N/A
EGAN,$3.47,1440252658875,"10,092",50% bullish,of 2 ratings,$6.25
EGLT,$11.42,1440252658982,"23,570",50% bullish,of 2 ratings,$21
EHTH,$14.08,1440252659045,"414,120",50% bullish,of 4 ratings,$16.50
LOCO,$12.26,1440252659111,"1,085,303",69% bullish,of 13 ratings,$20
ESLT,$80.34,1440252659187,"5,018",100% bullish,of 2 ratings,N/A
EMITF,$1.29,1440252659215,"7,100",75% bullish,of 4 ratings,N/A
ERI,$9.6,1440252659237,"124,258",100% bearish,of 1 rating,$10
ESIO,$4.58,1440252659379,"42,139",50% bullish,of 2 ratings,$10
ELRC,$10.65,1440252659409,"75,948",100% bearish,of 1 rating,N/A
EA,$66.47,1440252659440,"3,731,767",77% bullish,of 35 ratings,$80
EFII,$43.93,1440252659538,"255,202",80% bullish,of 5 ratings,$55
ELSE,$4.02,1440252659565,"1,000",60% bullish,of 5 ratings,N/A
ELEC,NULL,1440252659634,0,Not yet rated,NULL,N/A
ELECU,NULL,1440252659659,0,Not yet rated,NULL,N/A
EBIO,$3.39,1440252659713,"858,193",100% bearish,of 2 ratings,$8.35
ELECW,NULL,1440252659741,0,Not yet rated,NULL,N/A
ESBK,$19.8,1440252659919,879,Not yet rated,NULL,N/A
RDEN,$10.38,1440252659944,"93,838",100% bearish,of 4 ratings,$15
LONG,$17.39,1440252660097,"18,568",67% bullish,of 3 ratings,$15.75
CAPX,$22.63,1440252660135,"1,168",Not yet rated,NULL,N/A
ELTK,$1.04,1440252660291,"51,304",67% bearish,of 3 ratings,N/A
EMCI,$23,1440252660352,"15,824",Not yet rated,NULL,N/A
EMCF,NULL,1440252660458,0,100% bearish,of 1 rating,N/A
EMMSP,$3.25,1440252660506,400,100% bearish,of 1 rating,N/A
EMMS,$1.28,1440252660531,"12,299",67% bullish,of 6 ratings,N/A
EMKR,$7.16,1440252660556,"129,455",75% bullish,of 4 ratings,$8.50
NYNY,$4.06,1440252660699,"74,163",50% bullish,of 2 ratings,N/A
ERS,$2.86,1440252660737,"1,336",Not yet rated,NULL,N/A
ECPG,$39.21,1440252660777,"126,955",100% bullish,of 2 ratings,$52
ENTA,$40.22,1440252660836,"172,455",50% bullish,of 2 ratings,$42
ENDP,$76.6008,1440252660868,"2,114,082",50% bullish,of 6 ratings,$104
WIRE,$32.7,1440252660908,"124,660",100% bearish,of 1 rating,$37
ELGX,$13.15,1440252661004,"557,451",75% bullish,of 4 ratings,$17
ECYT,$5.2,1440252661034,"252,908",83% bullish,of 6 ratings,$12
EIGI,$15.18,1440252661089,"788,018",67% bearish,of 3 ratings,$22.50
WATT,$6.74,1440252661196,"109,967",50% bullish,of 2 ratings,$13
EFOI,$15.8,1440252661269,"328,386",50% bullish,of 2 ratings,$20.50
ERII,$2.89,1440252661398,"84,939",80% bullish,of 5 ratings,$2.50
EXXI,$1.44,1440252661426,"1,757,742",86% bullish,of 7 ratings,$3.50
ENOC,$8.08,1440252661493,"211,114",75% bullish,of 4 ratings,$18
ENG,$1.02,1440252661527,"5,407",100% bullish,of 3 ratings,N/A
ESGR,$151,1440252661556,"69,547",100% bearish,of 1 rating,$185
ENPH,$4.42,1440252661582,"567,322",75% bullish,of 4 ratings,$11
ENTG,$13.72,1440252661622,"439,650",100% bearish,of 1 rating,$18
ENFC,$18.34,1440252661647,"2,236",Not yet rated,NULL,N/A
ETRM,$0.2331,1440252661820,"441,727",69% bearish,of 35 ratings,$1.625
EBTC,$20.07,1440252661851,"8,123",Not yet rated,NULL,N/A
EFSC,$24.75,1440252661957,"69,838",Not yet rated,NULL,$27
ENTL,$21.44,1440252662105,"15,857",Not yet rated,NULL,$28
EGT,$2.09,1440252662131,"1,500",100% bullish,of 1 rating,N/A
ENVI,$1.85,1440252662156,"15,528",67% bullish,of 3 ratings,N/A
ENZN,$1,1440252662331,"766,555",100% bullish,of 9 ratings,N/A
ENZY,$8.98,1440252662368,"9,946",67% bullish,of 3 ratings,$9.50
EPIQ,$13.87,1440252662413,"92,324",100% bearish,of 1 rating,$18
EPRS,$4.76,1440252662907,"74,298",82% bullish,of 11 ratings,$15
EPZM,$15.93,1440252662972,"285,509",60% bullish,of 5 ratings,$34
PLUS,$77.81,1440252663117,"952,339",50% bullish,of 2 ratings,$88
EQIX,$273,1440252663194,"589,444",75% bullish,of 4 ratings,$312.50
EQFN,$8.3,1440252663252,300,Not yet rated,NULL,N/A
EAC,$3.67,1440252663278,"15,388",100% bearish,of 1 rating,$8
ERIC,$9.83,1440252663418,"2,368,815",63% bullish,of 8 ratings,$12.20
ESCA,$18.35,1440252663603,"25,641",100% bearish,of 1 rating,$22
ERIE,$84.5099,1440252663739,"26,146",Not yet rated,NULL,$73
ESMC,$1.33,1440252663830,502,Not yet rated,NULL,N/A
ESCR,$0.14,1440252663868,"63,314",50% bullish,of 2 ratings,N/A
ESCRP,$1.65,1440252663897,"5,017",100% bearish,of 1 rating,N/A
ESPR,$54.47,1440252663918,"1,355,738",67% bearish,of 9 ratings,$123
ESSA,$12.45,1440252663961,"16,679",100% bearish,of 1 rating,N/A
EPIX,$6.1,1440252664052,"1,200",Not yet rated,NULL,N/A
ESND,$35.095,1440252664104,"147,368",100% bearish,of 2 ratings,$40
ESSX,$0.5249,1440252664186,"6,504",50% bullish,of 2 ratings,N/A
ETSY,$13.46,1440252664219,"796,058",80% bullish,of 5 ratings,$16
CLWT,NULL,1440252664240,0,100% bearish,of 1 rating,N/A
EEFT,$64.81,1440252664273,"236,603",100% bearish,of 1 rating,$67.50
EVEP,$7.26,1440252664367,"294,425",50% bullish,of 2 ratings,$15
EVK,$3.74,1440252664467,982,75% bearish,of 4 ratings,N/A
ESEA,$6.15,1440252664492,"3,082",100% bullish,of 1 rating,$15
EVLV,$2.14,1440252664539,"85,207",60% bullish,of 5 ratings,$6.50
EVOL,$5.85,1440252664681,"13,690",75% bullish,of 4 ratings,$10
EVOK,$4,1440252664706,"114,285",100% bearish,of 1 rating,$13.375
EXAS,$20.31,1440252664754,"1,234,918",78% bullish,of 9 ratings,$31
EXA,$10.73,1440252664935,"22,120",100% bearish,of 1 rating,$13
EXFO,$2.9,1440252665033,"3,300",67% bearish,of 3 ratings,$3.95
EXAC,$18.17,1440252665063,"136,951",100% bearish,of 1 rating,$22.50
EXEL,$5.25,1440252665093,"5,463,517",81% bullish,of 16 ratings,$6
EXLS,$36.55,1440252665127,"207,530",100% bullish,of 1 rating,$41
EXPD,$48.2,1440252665230,"1,810,722",80% bullish,of 5 ratings,$51.50
EXPE,$114.6,1440252665261,"1,238,899",64% bullish,of 11 ratings,$130
EXPO,$42.83,1440252665366,"146,412",100% bearish,of 1 rating,$45.50
ESRX,$84.81,1440252665398,"5,163,905",67% bearish,of 6 ratings,$101
EXLP,$18.2,1440252665450,"94,863",100% bearish,of 1 rating,$27
EXTR,$2.85,1440252665534,"805,798",80% bullish,of 5 ratings,$3
EYEG,$4.17,1440252665610,"19,980",Not yet rated,NULL,N/A
EYEGW,$1.24,1440252665742,800,Not yet rated,NULL,N/A
FB,$85.88,1440252665777,"39,696,768",73% bullish,of 1066 ratings,$111
EZPW,$6.08,1440252665803,"351,949",50% bullish,of 4 ratings,$7.50
FFIV,$122.51,1440252665835,"846,241",63% bullish,of 8 ratings,$132
FCS,$13.14,1440252665875,"1,086,086",67% bearish,of 3 ratings,$17
EZCH,$21.4963,1440252665904,"127,057",75% bullish,of 8 ratings,$19.50
FWM,$2.25,1440252666038,"178,419",100% bearish,of 2 ratings,$3.20
FRP,$16.9,1440252666066,"50,706",100% bearish,of 1 rating,$18
DAVE,$14.36,1440252666332,"19,659",100% bearish,of 1 rating,$15.50
FARM,$22.62,1440252666363,"21,053",100% bearish,of 1 rating,$35
FARO,$38.92,1440252666414,"118,530",50% bullish,of 2 ratings,$48
FALC,$1.65,1440252666448,"10,845",63% bearish,of 8 ratings,N/A
FFKT,$26.79,1440252666548,"20,439",Not yet rated,NULL,$29
FAST,$39.1,1440252666578,"3,000,801",80% bullish,of 5 ratings,$46
FMNB,$8.03,1440252666605,"3,562",Not yet rated,NULL,N/A
FATE,$6.24,1440252666630,"82,980",50% bullish,of 2 ratings,$11
FBSS,NULL,1440252666735,0,Not yet rated,NULL,N/A
FNHC,$21.92,1440252666785,"80,132",100% bearish,of 1 rating,$35
FBRC,$22.24,1440252666830,"44,108",100% bearish,of 1 rating,$29
FDML,$8.96,1440252666864,"230,349",50% bullish,of 4 ratings,$14
FEIC,$77.57,1440252666915,"344,496",50% bullish,of 2 ratings,$95.50
FHCO,$1.43,1440252666942,"18,402",50% bullish,of 4 ratings,N/A
FCSC,$5.86,1440252667177,"212,270",100% bearish,of 1 rating,$8.125
ONEQ,$185.63,1440252667310,"41,902",100% bullish,of 1 rating,N/A
FGEN,$22.96,1440252667336,"374,029",100% bearish,of 1 rating,$39
FENX,$9.84,1440252667358,"59,141",100% bullish,of 1 rating,$14.25
LION,$19.31,1440252667414,"108,630",100% bullish,of 1 rating,$20
FDUS,$14.42,1440252667435,"64,363",100% bullish,of 1 rating,$18
FSCFL,$24.7,1440252667569,"11,419",Not yet rated,NULL,N/A
FSAM,$8.56,1440252667596,"20,457",100% bearish,of 1 rating,$11
FITB,$19.7,1440252667728,"7,100,591",54% bullish,of 13 ratings,$22
FITBI,$27.68,1440252667759,"5,800",Not yet rated,NULL,N/A
FSFR,$8.92,1440252667784,"131,626",100% bearish,of 1 rating,$11.50
FRGI,$51.57,1440252667806,"149,676",50% bullish,of 2 ratings,$70
FNGN,$33.616,1440252667848,"485,960",67% bullish,of 3 ratings,$47
FSC,$6.42,1440252667873,"839,385",75% bullish,of 4 ratings,$8
FISI,$24.77,1440252667944,"41,074",100% bullish,of 2 ratings,$24.50
FNSR,$15.33,1440252668012,"1,137,273",71% bullish,of 7 ratings,$24.50
FNJN,$1.66,1440252668274,"15,161",100% bearish,of 1 rating,$5
FRBA,$6.02,1440252668406,611,Not yet rated,NULL,$8
FEYE,$37,1440252668439,"7,331,774",87% bullish,of 15 ratings,$55.50
FNTCU,NULL,1440252668468,0,Not yet rated,NULL,N/A
FNTCW,NULL,1440252668489,0,Not yet rated,NULL,N/A
FNLC,$18.46,1440252668526,"17,421",100% bullish,of 1 rating,N/A
FNTC,NULL,1440252668553,0,Not yet rated,NULL,N/A
FBNC,$16.81,1440252668574,"59,972",100% bullish,of 1 rating,$20
BUSE,$6.37,1440252668636,"197,401",Not yet rated,NULL,$6.875
FBIZ,$44.04,1440252668791,"28,467",100% bearish,of 2 ratings,$52
FCAP,$26.55,1440252668822,226,Not yet rated,NULL,N/A
FCVA,$4.75,1440252668843,"1,132",Not yet rated,NULL,N/A
FCFS,$38.15,1440252668876,"157,660",100% bearish,of 2 ratings,$48
FCNCA,$241.45,1440252668926,"17,885",Not yet rated,NULL,N/A
FCLF,$9.08,1440252669073,55,Not yet rated,NULL,N/A
FBNK,$16.65,1440252669317,"60,146",100% bearish,of 1 rating,$17.50
FCBC,$17.88,1440252669338,"60,860",Not yet rated,NULL,$18
FCCO,$12.11,1440252669373,202,Not yet rated,NULL,$13.25
FCFP,$6.9,1440252669397,"2,500",Not yet rated,NULL,N/A
FDEF,$38.3,1440252669431,"42,408",Not yet rated,NULL,$38
FFNM,$6.32,1440252669453,"3,040",Not yet rated,NULL,N/A
FFBC,$18.76,1440252669474,"176,775",67% bearish,of 3 ratings,$20.25
FFIN,$31.1263,1440252669721,"286,801",50% bullish,of 2 ratings,$31.75
THFF,$33.27,1440252669755,"47,577",Not yet rated,NULL,$35
FFNW,$12.46,1440252669788,"21,487",Not yet rated,NULL,$14
INBK,$32.43,1440252669889,"13,595",50% bullish,of 2 ratings,$37
FFWM,$21.44,1440252669919,"10,014",Not yet rated,NULL,$24
FRME,$25.47,1440252669949,"199,009",Not yet rated,NULL,$26.50
FIBK,$26.83,1440252669975,"83,623",Not yet rated,NULL,$32
FFBCW,NULL,1440252670022,0,100% bearish,of 1 rating,N/A
FNBC,$34.45,1440252670170,"116,074",Not yet rated,NULL,$41.50
FMBI,$17.84,1440252670200,"374,767",Not yet rated,NULL,$20
FMBH,NULL,1440252670245,0,Not yet rated,NULL,N/A
FNFG,$9.2289,1440252670302,"1,658,831",80% bullish,of 5 ratings,$9
FNWB,$12.08,1440252670332,"8,662",Not yet rated,NULL,N/A
FSFG,$30.1754,1440252670395,729,Not yet rated,NULL,N/A
FSGI,$2.45,1440252670432,"4,889",Not yet rated,NULL,N/A
FSBK,$7.93,1440252670608,"1,441",100% bullish,of 1 rating,N/A
FBZ,NULL,1440252670688,0,Not yet rated,NULL,N/A
BICK,$19.6,1440252670716,"1,801",100% bullish,of 1 rating,N/A
FSLR,$45.5,1440252670738,"2,207,203",74% bullish,of 39 ratings,$65
FTCS,$36.65,1440252670773,"33,745",Not yet rated,NULL,N/A
FCAN,$24.47,1440252670865,964,Not yet rated,NULL,N/A
FCA,$20,1440252670898,"2,607",Not yet rated,NULL,N/A
IFV,$17.6,1440252670967,"2,040,199",100% bearish,of 1 rating,N/A
FV,$23.23,1440252671036,"4,139,653",Not yet rated,NULL,N/A
FTSM,$59.9,1440252671139,"20,701",100% bearish,of 1 rating,N/A
FEMB,NULL,1440252671184,0,Not yet rated,NULL,N/A
FEUZ,$30.69,1440252671209,"5,731",Not yet rated,NULL,N/A
TDIV,$24.46,1440252671237,"449,109",100% bearish,of 1 rating,N/A
FGM,$35.03,1440252671387,"69,317",Not yet rated,NULL,N/A
MDIV,$19.22,1440252671414,"565,706",Not yet rated,NULL,N/A
FTGC,$22.05,1440252671482,"122,767",Not yet rated,NULL,N/A
HYLS,$49.21,1440252671618,"102,494",100% bearish,of 1 rating,N/A
FPXI,$27.51,1440252671661,"1,318",Not yet rated,NULL,N/A
FTHI,$19.4,1440252671686,"10,468",Not yet rated,NULL,N/A
FHK,$32.72,1440252671711,"128,700",Not yet rated,NULL,N/A
SKYY,$28.68,1440252671746,"76,557",100% bullish,of 1 rating,N/A
YDIV,$16.62,1440252671772,"2,670",Not yet rated,NULL,N/A
CU,$12.76,1440252672018,"13,066",100% bearish,of 1 rating,N/A
FJP,$46.13,1440252672045,"49,025",Not yet rated,NULL,N/A
PLTM,$6.66,1440252672077,"3,862",100% bearish,of 1 rating,N/A
FTLB,$19.28,1440252672117,"2,451",100% bearish,of 1 rating,N/A
LMBS,$50.49,1440252672177,862,Not yet rated,NULL,N/A
QABA,$38.13,1440252672206,"44,503",100% bearish,of 1 rating,N/A
FMB,$51.195,1440252672254,"1,778",Not yet rated,NULL,N/A
CIBR,$18.04,1440252672307,"162,032",Not yet rated,NULL,N/A
FONE,$34.05,1440252672406,"1,800",Not yet rated,NULL,N/A
QCLN,$14.54,1440252672536,"17,473",Not yet rated,NULL,N/A
CARZ,$34.42,1440252672563,"11,011",100% bearish,of 1 rating,N/A
GRID,$33.62,1440252672584,834,100% bearish,of 1 rating,N/A
QQEW,$41.94,1440252672616,"313,108",Not yet rated,NULL,N/A
RDVY,$21.64,1440252672638,"318,269",Not yet rated,NULL,N/A
QQXT,$40.09,1440252672770,"60,503",Not yet rated,NULL,N/A
QTEC,$39.35,1440252672867,"147,804",Not yet rated,NULL,N/A
AIRR,$16.37,1440252672899,"9,058",100% bearish,of 1 rating,N/A
QINC,$20.71,1440252672931,"1,700",Not yet rated,NULL,N/A
FDIV,$47.59,1440252673063,"6,143",100% bearish,of 1 rating,N/A
FKO,$22.32,1440252673092,"3,700",Not yet rated,NULL,N/A
FTSL,$48.8,1440252673192,"33,452",100% bearish,of 1 rating,N/A
FSZ,$38.85,1440252673234,"76,690",Not yet rated,NULL,N/A
FKU,$41.6,1440252673284,"86,339",Not yet rated,NULL,N/A
FTW,$29.425,1440252673310,"1,534",Not yet rated,NULL,N/A
TUSA,$25.08,1440252673343,"4,920",Not yet rated,NULL,N/A
FUNC,$8.33,1440252673378,"3,636",Not yet rated,NULL,N/A
SVVC,$10.15,1440252673440,"36,001",100% bullish,of 1 rating,$26
FMER,$17.6579,1440252673513,"1,802,777",50% bullish,of 2 ratings,$20
FSV,$31.87,1440252673643,"12,538",Not yet rated,NULL,$33.60
FIVE,$35.34,1440252673697,"409,909",75% bearish,of 4 ratings,$44
FISV,$84.87,1440252673718,"1,522,717",100% bearish,of 3 ratings,$90
FPRX,$18.26,1440252673749,"303,751",50% bullish,of 2 ratings,$35
FLML,$21.11,1440252673962,"134,027",50% bullish,of 2 ratings,$30
SKOR,$50.52,1440252674036,"1,000",Not yet rated,NULL,N/A
FIVN,$4.11,1440252674071,"185,266",100% bullish,of 1 rating,$8.50
FLXN,$24.39,1440252674098,"86,363",100% bearish,of 1 rating,$40
FLXS,$30.45,1440252674176,"36,609",100% bearish,of 2 ratings,N/A
FLKS,$13.13,1440252674211,"55,627",50% bullish,of 2 ratings,$27
FLEX,$10.51,1440252674283,"2,454,407",63% bullish,of 8 ratings,$12
FLIR,$28.75,1440252674310,"720,631",100% bearish,of 1 rating,$38.50
MBSD,NULL,1440252674337,0,Not yet rated,NULL,N/A
FLDM,$12.54,1440252674512,"686,894",67% bearish,of 3 ratings,$21.50
FFIC,$20.38,1440252674539,"69,120",Not yet rated,NULL,$21
FOMX,$9.79,1440252674566,"135,576",50% bullish,of 2 ratings,$23.50
FONR,$9.54,1440252674701,"18,526",100% bullish,of 1 rating,N/A
FOGO,$18.84,1440252674731,"114,696",50% bullish,of 2 ratings,$25.50
FORM,$6,1440252674835,"267,226",67% bullish,of 3 ratings,$10.50
FORTY,$32.4,1440252674863,"4,710",Not yet rated,NULL,N/A
FORR,$32.21,1440252674893,"52,356",Not yet rated,NULL,N/A
FES,$0.92,1440252674915,"4,841",50% bullish,of 2 ratings,$1
FWRD,$46.8,1440252674997,"307,366",100% bearish,of 1 rating,$50
FTNT,$42.98,1440252675045,"1,928,364",80% bullish,of 10 ratings,$52
FORD,$1.04,1440252675070,"120,974",50% bullish,of 2 ratings,N/A
FBIO,$2.51,1440252675098,"188,268",83% bullish,of 6 ratings,N/A
FWP,$25.67,1440252675288,"46,088",100% bearish,of 1 rating,$45
FMI,$21.61,1440252675356,"391,770",100% bearish,of 2 ratings,$27.50
FOSL,$59.15,1440252675389,"1,014,809",50% bullish,of 4 ratings,$80
FOXF,$15.28,1440252675522,"65,653",100% bearish,of 1 rating,$19
FXCB,$17.3,1440252675548,"17,445",Not yet rated,NULL,$19
FRAN,$10.24,1440252675594,"689,114",50% bullish,of 4 ratings,$15
FELE,$28.92,1440252675623,"341,251",50% bullish,of 4 ratings,$33
RAIL,$20.87,1440252675686,"125,948",100% bearish,of 1 rating,$24.50
FRED,$14.505,1440252675725,"342,264",50% bullish,of 2 ratings,$16.50
FREE,$0.43,1440252675754,"823,292",92% bullish,of 12 ratings,N/A
FEIM,$11.17,1440252675785,"8,777",100% bearish,of 1 rating,N/A
FRPT,$13,1440252675886,"495,123",67% bearish,of 3 ratings,$23.50
FTR,$5.2,1440252675966,"19,477,135",78% bullish,of 27 ratings,$6.25
FTRPR,$102.05,1440252676033,"61,829",100% bearish,of 1 rating,N/A
FRPH,$30.33,1440252676059,"14,572",100% bearish,of 1 rating,N/A
FSBW,$23.34,1440252676084,"2,300",Not yet rated,NULL,N/A
FTD,$29.45,1440252676254,"149,230",100% bearish,of 1 rating,$40
FTEK,$2.16,1440252676388,"40,018",75% bullish,of 4 ratings,N/A
FSYS,$6.38,1440252676420,"45,792",67% bullish,of 3 ratings,$10
FULL,$3.14,1440252676441,"56,049",67% bearish,of 3 ratings,$4.25
FCEL,$0.7366,1440252676463,"1,658,337",88% bullish,of 40 ratings,$2.65
FULT,$12.4385,1440252676504,"1,361,369",100% bearish,of 1 rating,$13
FULLL,$25.3,1440252676526,"2,099",Not yet rated,NULL,N/A
FLL,$1.58,1440252676599,"14,473",75% bullish,of 4 ratings,$2.825
FSNN,$2.61,1440252676656,"1,800",67% bullish,of 3 ratings,$6
FFHL,NULL,1440252676745,0,50% bullish,of 4 ratings,N/A
FXEN,$0.82,1440252676772,"170,889",75% bullish,of 4 ratings,$1.10
FXENP,$15.9,1440252676803,"2,740",100% bearish,of 1 rating,N/A
GK,$70.3,1440252676900,"83,887",Not yet rated,NULL,$78
WILC,$5.06,1440252677034,"5,946",100% bullish,of 2 ratings,N/A
GALT,$1.99,1440252677070,"104,198",80% bullish,of 5 ratings,N/A
GLPG,$61.54,1440252677101,"27,887",100% bullish,of 1 rating,$75
GAIA,$5.86,1440252677122,"23,978",50% bullish,of 2 ratings,$8.50
GALTW,NULL,1440252677165,0,100% bullish,of 1 rating,N/A
GALE,$1.34,1440252677200,"1,297,229",89% bullish,of 47 ratings,$4
GALTU,NULL,1440252677253,0,100% bearish,of 1 rating,N/A
GLMD,$8.52,1440252677397,"7,887",67% bullish,of 3 ratings,$20.50
GPIC,$11.09,1440252677450,8,100% bearish,of 1 rating,N/A
GLPI,$31.6262,1440252677476,"495,016",100% bearish,of 1 rating,$37.50
GRMN,$38.26,1440252677610,"1,619,493",50% bullish,of 6 ratings,$48
GGAC,NULL,1440252677638,0,100% bearish,of 1 rating,N/A
GGACR,NULL,1440252677767,0,100% bullish,of 1 rating,N/A
GGACW,$0.12,1440252677791,438,Not yet rated,NULL,N/A
GGACU,NULL,1440252677821,0,Not yet rated,NULL,N/A
GFN,$3.59,1440252677872,"35,382",100% bearish,of 2 ratings,$8
GARS,$14.82,1440252677928,"25,735",Not yet rated,NULL,$16
GNCMA,$16.75,1440252677974,"180,927",100% bearish,of 1 rating,$12
GENC,$9.48,1440252678035,"1,326",100% bearish,of 1 rating,N/A
GFNCP,NULL,1440252678101,0,Not yet rated,NULL,N/A
GENE,$2.36,1440252678171,"148,645",100% bullish,of 12 ratings,N/A
GNMK,$9.4,1440252678200,"146,170",67% bullish,of 6 ratings,$14
GFNSL,$25.8,1440252678226,"1,200",Not yet rated,NULL,N/A
GHDX,$25.37,1440252678411,"139,056",50% bullish,of 2 ratings,$30
GNCA,$12.48,1440252678486,"168,679",100% bearish,of 1 rating,$20
GNTX,$15.0882,1440252678545,"1,731,017",Not yet rated,NULL,$20
THRM,$44.01,1440252678575,"309,602",75% bearish,of 4 ratings,$55.50
GNVC,$2.24,1440252678602,"34,502",90% bullish,of 10 ratings,$8.50
GEOS,$15.3,1440252678685,"116,850",100% bearish,of 3 ratings,$25.50
GTWN,NULL,1440252678742,0,Not yet rated,NULL,N/A
GABC,$29.73,1440252678767,"47,076",Not yet rated,NULL,$31.50
GERN,$3.08,1440252678899,"2,161,517",88% bullish,of 16 ratings,$5.25
GEVO,$2.29,1440252678929,"240,735",75% bullish,of 12 ratings,$5
ROCK,$17.57,1440252678954,"235,847",80% bullish,of 5 ratings,$24
GIGA,$1.42,1440252678982,"46,287",100% bearish,of 1 rating,N/A
GIGM,$0.6,1440252679010,"112,719",100% bullish,of 2 ratings,N/A
GILT,$4.47,1440252679178,"2,023",50% bullish,of 2 ratings,N/A
GIII,$64.77,1440252679205,"271,077",67% bullish,of 3 ratings,$75
GBCI,$26.4218,1440252679351,"334,049",50% bullish,of 2 ratings,$31
GLAD,$8.51,1440252679392,"155,251",50% bullish,of 2 ratings,$8.75
GLADO,$25.59,1440252679460,"3,000",Not yet rated,NULL,N/A
GILD,$105.383,1440252679489,"15,611,252",91% bullish,of 87 ratings,$129
GOOD,$15.44,1440252679521,"98,286",Not yet rated,NULL,$19
GOODN,$25.64,1440252679615,426,Not yet rated,NULL,N/A
GOODP,$25.14,1440252679642,"1,250",Not yet rated,NULL,N/A
GAIN,$7.47,1440252679724,"246,309",100% bullish,of 2 ratings,$8.25
GOODO,$25.1,1440252679776,"1,266",Not yet rated,NULL,N/A
GAINO,$25.31,1440252679802,"1,726",Not yet rated,NULL,N/A
GAINN,$25.2379,1440252679830,150,Not yet rated,NULL,N/A
GAINP,$25.85,1440252679875,"3,950",Not yet rated,NULL,N/A
LAND,$9.5,1440252680012,"16,439",50% bullish,of 2 ratings,$13.75
GLBZ,NULL,1440252680064,0,Not yet rated,NULL,N/A
GBT,$45.75,1440252680149,"252,564",100% bearish,of 1 rating,N/A
ENT,$11.73,1440252680287,"196,363",100% bearish,of 1 rating,$18
GDEF,$10.5401,1440252680318,100,Not yet rated,NULL,N/A
GPACU,$10.1,1440252680356,"2,854",Not yet rated,NULL,N/A
ACTX,$13.25,1440252680390,600,100% bullish,of 1 rating,N/A
GBLI,$26.25,1440252680418,"16,164",Not yet rated,NULL,N/A
GSOL,$8.26,1440252680550,"15,789",100% bearish,of 1 rating,N/A
SOCL,$17.18,1440252680583,"100,120",100% bullish,of 2 ratings,N/A
QQQC,$19.26,1440252680614,"4,950",100% bearish,of 1 rating,N/A
SRET,$13.6,1440252680684,"4,194",Not yet rated,NULL,N/A
ALTY,$14.587,1440252680716,700,Not yet rated,NULL,N/A
YLCO,$11.75,1440252680817,"1,235",Not yet rated,NULL,N/A
GAI,$5.27,1440252680858,"3,415",50% bullish,of 2 ratings,N/A
GSM,$13.26,1440252680884,"403,098",50% bullish,of 2 ratings,$24.50
GBIM,$2.26,1440252680961,"43,964",50% bullish,of 2 ratings,N/A
GLBS,$1.06,1440252681106,"10,500",67% bullish,of 3 ratings,N/A
GLRI,$1.1,1440252681150,"80,101",100% bearish,of 1 rating,$6
GLYC,$7.26,1440252681284,"7,663",50% bullish,of 2 ratings,$14
GLUU,$4.37,1440252681311,"2,317,587",92% bullish,of 26 ratings,$9
GLNG,$35.44,1440252681342,"792,592",83% bullish,of 6 ratings,$58
GOGO,$15.48,1440252681372,"479,979",80% bullish,of 5 ratings,$25
GMLP,$19.13,1440252681446,"137,734",50% bullish,of 4 ratings,$32.50
GLDC,$4.13,1440252681505,"3,480",50% bullish,of 2 ratings,N/A
GDEN,$8.88,1440252681530,"11,961",50% bullish,of 2 ratings,N/A
GOGL,$2.92,1440252681831,"540,722",75% bullish,of 4 ratings,$5
GTIM,$6.47,1440252681861,"80,995",Not yet rated,NULL,$11.50
GBDC,$16.5151,1440252681889,"145,009",Not yet rated,NULL,$17.75
GOOG,$616,1440252681910,"2,256,491",90% bullish,of 68 ratings,$825
GOOGL,$647,1440252681963,"2,533,646",88% bullish,of 1079 ratings,$749
GPIA,NULL,1440252682097,0,Not yet rated,NULL,N/A
GMAN,$4.4,1440252682141,"71,999",60% bullish,of 5 ratings,$8
GPRO,$48.84,1440252682225,"5,811,963",78% bullish,of 58 ratings,$72
LOPE,$37.1955,1440252682257,"420,323",100% bearish,of 2 ratings,$50
GPIAW,NULL,1440252682278,0,Not yet rated,NULL,N/A
GPIAU,NULL,1440252682311,0,Not yet rated,NULL,N/A
GRVY,$3.43,1440252682337,"1,202",50% bullish,of 2 ratings,N/A
GBSN,$1.46,1440252682412,"747,556",100% bearish,of 1 rating,$8.25
GLDD,$5.39,1440252682590,"288,709",100% bearish,of 4 ratings,$7.75
GSBC,$40.6,1440252682619,"36,220",100% bullish,of 1 rating,$44
GBSNU,$16,1440252682640,"22,548",Not yet rated,NULL,N/A
GPP,$14.94,1440252682668,"24,630",Not yet rated,NULL,$20.50
GNBC,$12.08,1440252682694,"33,737",100% bearish,of 1 rating,$17
GLRE,$24.86,1440252683105,"262,384",50% bullish,of 2 ratings,$41
GRPN,$4.077,1440252683139,"7,070,465",61% bullish,of 71 ratings,$6.75
GRBK,$13.35,1440252683178,"154,269",77% bullish,of 13 ratings,N/A
GRIF,$30.945,1440252683199,209,100% bearish,of 1 rating,N/A
GRFS,$30.3,1440252683234,"180,141",50% bullish,of 2 ratings,$35
GPRE,$18.8277,1440252683265,"832,352",67% bullish,of 6 ratings,$28.50
GCBC,NULL,1440252683293,0,100% bullish,of 1 rating,N/A
OMAB,$39.57,1440252683314,"24,030",100% bullish,of 1 rating,$44
GGAL,$18.96,1440252683540,"423,209",80% bullish,of 5 ratings,$40
GUID,$7.29,1440252683959,"187,217",100% bearish,of 3 ratings,$10
GSVC,$8.56,1440252683989,"118,374",50% bullish,of 2 ratings,$14.50
GTXI,$0.83,1440252684025,"67,416",100% bullish,of 5 ratings,$.75
GSIT,$4.97,1440252684050,"9,824",100% bearish,of 1 rating,N/A
GBNK,$15.76,1440252684077,"43,034",100% bearish,of 1 rating,$18
GFED,$14.94,1440252684098,10,Not yet rated,NULL,$17
GSIG,$13.11,1440252684131,"71,415",100% bearish,of 2 ratings,N/A
GIFI,$11.97,1440252684231,"46,892",100% bearish,of 1 rating,$16
GULTU,$0.2905,1440252684306,"102,116",100% bearish,of 1 rating,N/A
GURE,$1.62,1440252684335,"151,052",88% bullish,of 8 ratings,N/A
GPOR,$33.8159,1440252684404,"937,085",75% bullish,of 4 ratings,$55
GWGH,$7.35,1440252684440,"1,284",100% bearish,of 1 rating,$15.05
GWPH,$104.03,1440252684480,"200,237",78% bullish,of 9 ratings,$148.50
GYRO,$2.85,1440252684541,"76,416",100% bearish,of 1 rating,N/A
HEES,$16.51,1440252684566,"306,657",67% bearish,of 3 ratings,$31
HNRG,$7.22,1440252684822,"124,047",100% bearish,of 1 rating,$10
HLG,$9.64,1440252684852,"5,100",100% bearish,of 1 rating,N/A
HALL,$11.67,1440252684897,"28,021",Not yet rated,NULL,N/A
HALO,$17.33,1440252684925,"1,204,693",67% bullish,of 3 ratings,$22.50
HBK,$13.8,1440252684951,8,50% bullish,of 2 ratings,N/A
HMPR,$1.89,1440252684999,"118,740",100% bullish,of 1 rating,N/A
HAFC,$24.565,1440252685095,"117,041",100% bullish,of 2 ratings,$28.50
HBHCL,$24.49,1440252685145,"18,426",Not yet rated,NULL,N/A
HNH,$27.82,1440252685176,"21,502",100% bullish,of 1 rating,N/A
HBHC,$26.8668,1440252685208,"451,705",50% bullish,of 2 ratings,$30
HQCL,$8.63,1440252685310,"24,293",67% bullish,of 3 ratings,N/A
HDNG,$9.98,1440252685340,"11,225",50% bullish,of 4 ratings,N/A
HNSN,$0.501,1440252685365,"78,898",88% bullish,of 8 ratings,$.40
HLIT,$5.58,1440252685514,"331,156",100% bearish,of 1 rating,$6.50
HRMNU,NULL,1440252685664,0,Not yet rated,NULL,N/A
HRMNW,NULL,1440252685719,0,Not yet rated,NULL,N/A
HRMN,NULL,1440252685744,0,Not yet rated,NULL,N/A
HBIO,$4.39,1440252685766,"81,394",Not yet rated,NULL,$10
TINY,$2.45,1440252685803,"20,315",50% bullish,of 2 ratings,$5.26
HART,$0.775,1440252685825,"213,330",100% bearish,of 1 rating,N/A
HCAP,$12.17,1440252685857,"24,008",50% bullish,of 2 ratings,$15
HCAPL,$25.4,1440252685958,"1,773",Not yet rated,NULL,N/A
HAS,$75.171,1440252686093,"1,049,605",63% bullish,of 8 ratings,$84.50
HA,$23.05,1440252686121,"931,944",67% bullish,of 9 ratings,$27
HWKN,$36.84,1440252686151,"29,157",Not yet rated,NULL,N/A
HCOM,$22.51,1440252686178,"37,331",100% bearish,of 1 rating,$28
HWBK,$13.8,1440252686258,674,100% bearish,of 1 rating,N/A
HDS,$33.08,1440252686335,"1,295,702",100% bearish,of 2 ratings,$39.50
HAYN,$37.88,1440252686425,"48,863",100% bearish,of 1 rating,$59
HQY,$29.27,1440252686490,"394,569",67% bullish,of 3 ratings,$31
HIIQ,$4.48,1440252686541,"28,731",50% bullish,of 2 ratings,$7
HWAY,$12.48,1440252686597,"386,123",100% bearish,of 1 rating,$15
HCSG,$33.546,1440252686677,"309,474",50% bullish,of 4 ratings,$35
HSTM,$24.87,1440252686703,"220,098",50% bullish,of 2 ratings,$33.75
HTLD,$20.165,1440252686765,"492,188",Not yet rated,NULL,$22.50
HTBX,$5.31,1440252686835,"21,712",50% bullish,of 2 ratings,$15.50
HTWR,$83.28,1440252686860,"239,502",50% bullish,of 2 ratings,$103
HTLF,$36.24,1440252686907,"48,371",100% bullish,of 1 rating,$39.50
HSII,$20.17,1440252687039,"59,389",100% bullish,of 3 ratings,$25
HMNY,$2.2261,1440252687124,"2,878",100% bearish,of 1 rating,N/A
HELE,$87.93,1440252687179,"151,548",67% bearish,of 3 ratings,$100
HMTV,$12.84,1440252687205,"12,852",100% bearish,of 1 rating,$16
HNNA,$24.57,1440252687237,"15,081",Not yet rated,NULL,N/A
HCACU,$10.0043,1440252687332,"2,000",Not yet rated,NULL,N/A
HSIC,$138.0834,1440252687368,"512,882",83% bullish,of 6 ratings,$146
HTBK,$11.04,1440252687400,"93,871",Not yet rated,NULL,$12
HERO,$0.06,1440252687500,"5,839,839",81% bullish,of 16 ratings,$.75
HFWA,$17.74,1440252687582,"62,742",100% bullish,of 1 rating,$20
HEOP,$7.68,1440252687651,"27,087",Not yet rated,NULL,$8.50
HCCI,$11.65,1440252687747,"27,277",100% bearish,of 1 rating,$16.50
MLHR,$28.1966,1440252687801,"238,584",50% bullish,of 2 ratings,$33.50
HRTX,$35.05,1440252687827,"839,423",67% bullish,of 6 ratings,$41
HFFC,$16.27,1440252687878,946,Not yet rated,NULL,N/A
HSKA,$33.2,1440252687911,"28,561",100% bearish,of 1 rating,$38
HIHO,$4,1440252688011,"9,057",Not yet rated,NULL,N/A
HPJ,$2.25,1440252688036,"130,395",75% bullish,of 4 ratings,$12.43
HIBB,$37.37,1440252688066,"1,128,881",100% bearish,of 1 rating,$48.50
HIMX,$6.29,1440252688200,"1,170,901",86% bullish,of 21 ratings,$8.50
HMNF,$11.42,1440252688249,"2,480",Not yet rated,NULL,N/A
HIFS,$118.11,1440252688274,"8,734",Not yet rated,NULL,N/A
HSGX,$5.92,1440252688300,"24,278",100% bearish,of 1 rating,$17
HMSY,$8.8389,1440252688322,"1,363,874",67% bullish,of 3 ratings,$19.35
HOLI,$16.9527,1440252688466,"228,631",50% bullish,of 4 ratings,$27
HOLX,$39.74,1440252688518,"2,134,552",67% bullish,of 3 ratings,$42
HBCP,$24.4,1440252688649,"41,618",Not yet rated,NULL,$29
HFBL,$21.69,1440252688679,"1,800",Not yet rated,NULL,N/A
HMIN,$29.096,1440252688706,"61,111",100% bearish,of 2 ratings,$35
HOMB,$39.23,1440252688735,"321,450",Not yet rated,NULL,$41
AWAY,$29.3662,1440252688763,"943,583",67% bullish,of 3 ratings,$36
HMST,$21.57,1440252688838,"119,006",100% bullish,of 2 ratings,$27
HTBI,$18.39,1440252688973,"70,970",67% bullish,of 3 ratings,$18.625
HKTV,$4.68,1440252689076,"7,455",100% bearish,of 1 rating,N/A
CETC,$0.77,1440252689104,"45,584",86% bullish,of 7 ratings,N/A
HFBC,$11.61,1440252689134,"2,835",Not yet rated,NULL,N/A
HOFT,$24.43,1440252689162,"62,910",100% bearish,of 1 rating,N/A
HBNC,$24.3,1440252689183,"31,745",100% bullish,of 1 rating,$27
HZNP,$29.2,1440252689212,"2,449,005",85% bullish,of 20 ratings,$40
HRZN,$10.59,1440252689399,"54,947",100% bearish,of 1 rating,$14.25
HWCC,$7.22,1440252689503,"136,206",100% bearish,of 1 rating,$9
HMHC,$22.4,1440252689558,"923,176",Not yet rated,NULL,$27
ZINC,$7.25,1440252689586,"624,456",100% bearish,of 1 rating,$17
HBMD,$14.95,1440252689607,502,100% bearish,of 1 rating,N/A
HDP,$25.5,1440252689636,"235,894",67% bearish,of 3 ratings,$30.50
HOVNP,NULL,1440252689661,0,100% bearish,of 1 rating,N/A
HTGM,$5.59,1440252689879,"9,721",100% bearish,of 1 rating,$19.50
HCBK,$9.5789,1440252689916,"2,422,499",83% bullish,of 6 ratings,$8.61
HSON,$2.8,1440252689946,"20,391",100% bearish,of 1 rating,$5
HSNI,$60.9227,1440252689979,"239,269",Not yet rated,NULL,$80
HUBG,$39.18,1440252690000,"205,184",100% bearish,of 1 rating,$43
HBAN,$11.11,1440252690033,"6,980,840",76% bullish,of 17 ratings,$12.29
HDSN,$2.81,1440252690077,"30,286",100% bullish,of 1 rating,$6.25
HBANP,$1337,1440252690239,12,100% bearish,of 1 rating,N/A
HURC,$29.88,1440252690265,"26,946",100% bearish,of 1 rating,N/A
HURN,$73.02,1440252690313,"109,473",50% bullish,of 2 ratings,$80
HTCH,$1.58,1440252690398,"60,402",100% bearish,of 1 rating,$3.50
HDRA,NULL,1440252690570,0,Not yet rated,NULL,N/A
HDRAR,NULL,1440252690591,0,Not yet rated,NULL,N/A
HBP,$3.09,1440252690634,"1,457",100% bullish,of 1 rating,N/A
HDRAU,$10.06,1440252690667,100,Not yet rated,NULL,N/A
HDRAW,NULL,1440252690724,0,Not yet rated,NULL,N/A
HYGS,$7.48,1440252690753,"42,666",50% bullish,of 2 ratings,$13
IACI,$71.15,1440252690783,"768,044",75% bullish,of 4 ratings,$90
IDSY,$3.85,1440252690811,"6,888",100% bearish,of 1 rating,$7
IKGH,$1.81,1440252690940,"12,492",75% bullish,of 4 ratings,N/A
IBKC,$60.3428,1440252690986,"191,218",100% bullish,of 1 rating,$70
IEP,$67.43,1440252691169,"123,610",75% bullish,of 4 ratings,$99
ICAD,$3.54,1440252691199,"22,041",50% bullish,of 2 ratings,$7.25
ICFI,$35.71,1440252691225,"104,061",50% bullish,of 2 ratings,$48.50
ICLR,$77.7434,1440252691273,"297,930",100% bearish,of 3 ratings,$85
ICUI,$115.51,1440252691300,"147,406",Not yet rated,NULL,$122
IPWR,$7.36,1440252691358,"3,392",100% bullish,of 1 rating,$15
IDRA,$2.52,1440252691384,"1,118,091",89% bullish,of 9 ratings,$6.50
ICON,$12.25,1440252691432,"780,798",50% bullish,of 2 ratings,$18.50
INVE,$4.66,1440252691521,"109,550",75% bullish,of 4 ratings,$4
IROQ,$16.68,1440252691653,502,100% bullish,of 1 rating,N/A
DSKY,$12.1367,1440252691686,"291,194",67% bullish,of 6 ratings,$11.50
IDXX,$74.1911,1440252691708,"439,447",100% bearish,of 1 rating,$77
IRG,$4.73,1440252691737,"29,774",100% bearish,of 1 rating,$4.50
RXDX,$12.57,1440252691784,"107,394",100% bullish,of 1 rating,$20
IIVI,$17.63,1440252691993,"240,082",100% bearish,of 1 rating,$22
IKAN,$2.73,1440252692018,"14,561",83% bullish,of 6 ratings,$5
KANG,$15,1440252692050,"344,010",50% bullish,of 2 ratings,$22.55
IMMR,$11.38,1440252692080,"215,531",80% bullish,of 5 ratings,$15.50
ISNS,$3.82,1440252692157,"67,780",50% bullish,of 2 ratings,N/A
IKNX,$11.46,1440252692211,722,100% bearish,of 1 rating,N/A
ILMN,$199.29,1440252692263,"1,014,627",80% bullish,of 5 ratings,$240
ICCC,$8.05,1440252692286,"7,929",100% bullish,of 1 rating,N/A
IMNP,$1.38,1440252692472,"103,462",50% bullish,of 2 ratings,$6
IMDZ,$15.49,1440252692501,"55,028",100% bearish,of 1 rating,$33
IMGN,$13.07,1440252692523,"1,107,990",75% bullish,of 4 ratings,$17.50
IMMU,$1.87,1440252692569,"975,603",86% bullish,of 7 ratings,$2
IPXL,$43.4148,1440252692653,"694,109",67% bullish,of 3 ratings,$46.50
INCR,$42.36,1440252692702,"1,097,736",50% bullish,of 2 ratings,$53
IMMY,$7.49,1440252692745,"6,448",100% bearish,of 1 rating,$11
SAAS,$7.7296,1440252692849,"487,787",50% bullish,of 2 ratings,$15
INDB,$46.44,1440252692955,"91,428",Not yet rated,NULL,$44
IBTX,$42.68,1440252692986,"39,240",100% bullish,of 2 ratings,$47.25
IBCP,$14.21,1440252693013,"66,760",100% bullish,of 1 rating,$14.50
IDSA,$3.64,1440252693057,174,Not yet rated,NULL,N/A
INFN,$21.08,1440252693083,"2,781,964",71% bullish,of 7 ratings,$28
INCY,$104.2975,1440252693140,"711,350",50% bullish,of 6 ratings,$125.50
IPCC,$79.97,1440252693250,"44,593",Not yet rated,NULL,$77.50
INFI,$9.44,1440252693357,"820,535",50% bullish,of 4 ratings,$18
III,$4.14,1440252693411,"158,901",57% bullish,of 7 ratings,$6
IFON,$1.23,1440252693439,"45,196",75% bullish,of 4 ratings,N/A
IMKTA,$52.89,1440252693461,"113,692",100% bearish,of 1 rating,N/A
INWK,$7.33,1440252693593,"164,366",50% bullish,of 2 ratings,$10
INNL,NULL,1440252693619,0,100% bearish,of 1 rating,$16.50
INOD,$2.48,1440252693652,"19,784",100% bearish,of 1 rating,N/A
IOSP,$46.19,1440252693753,"4,359,888",100% bearish,of 1 rating,N/A
IPHS,$47.91,1440252693780,"90,391",100% bearish,of 1 rating,$60
ISSC,$2.92,1440252693809,"8,615",67% bearish,of 3 ratings,N/A
INGN,$49.39,1440252693940,"168,397",100% bearish,of 1 rating,$50.50
ITEK,$13.7368,1440252694037,"780,060",100% bearish,of 3 ratings,$20
INOV,$20.95,1440252694068,"349,429",100% bearish,of 1 rating,$33
ISIG,$2.58,1440252694172,"12,103",100% bearish,of 1 rating,N/A
INO,$7.07,1440252694197,"991,184",89% bullish,of 18 ratings,$20
NSIT,$25.94,1440252694253,"161,989",50% bullish,of 2 ratings,N/A
INSM,$24.29,1440252694356,"376,220",71% bullish,of 7 ratings,$31.50
INSY,$32.5,1440252694398,"744,412",75% bullish,of 4 ratings,$48
IIIN,$18,1440252694434,"160,188",100% bearish,of 2 ratings,N/A
PODD,$28.7,1440252694461,"377,984",50% bullish,of 2 ratings,$35
NTEC,$5.94,1440252694533,"22,000",Not yet rated,NULL,N/A
IART,$60.71,1440252694561,"233,404",100% bearish,of 1 rating,$71.50
IESC,$7.27,1440252694694,"1,500",100% bearish,of 1 rating,N/A
IDTI,$17.29,1440252694722,"2,463,021",60% bullish,of 5 ratings,$25
ISSI,$22.3,1440252694856,"296,636",67% bullish,of 3 ratings,$19.75
IQNT,$19.28,1440252694896,"257,467",86% bullish,of 7 ratings,$20
IPCI,$2.12,1440252695030,"35,773",67% bullish,of 6 ratings,$7.75
IPAR,$27.27,1440252695062,"59,510",67% bullish,of 3 ratings,$38
ININ,$37,1440252695089,"115,076",67% bearish,of 3 ratings,$57
IBKR,$38.66,1440252695162,"576,484",100% bullish,of 1 rating,N/A
ICPT,$190.6771,1440252695227,"265,072",70% bullish,of 10 ratings,$359.50
ICLD,$1.87,1440252695260,"413,066",75% bullish,of 4 ratings,N/A
IDCC,$47.38,1440252695330,"294,240",80% bullish,of 5 ratings,$63
INTC,$26.7,1440252695361,"36,675,246",82% bullish,of 238 ratings,$36
ICLDW,$0.9601,1440252695388,"1,250",100% bearish,of 1 rating,N/A
TILE,$24.33,1440252695417,"583,565",67% bearish,of 3 ratings,$27
IMI,$2.13,1440252695517,"9,131",67% bullish,of 3 ratings,$2.22
INAP,$8.27,1440252695621,"157,177",75% bullish,of 4 ratings,$11
IBOC,$26.0269,1440252695726,"200,228",100% bearish,of 1 rating,N/A
ISCA,$31.76,1440252695752,"75,500",100% bearish,of 1 rating,N/A
IGLD,$7.15,1440252695784,"2,377",50% bullish,of 2 ratings,N/A
IIJI,$8.9299,1440252695813,"1,000",50% bullish,of 2 ratings,$11.50
INPH,$0.3099,1440252695971,"9,140",50% bullish,of 2 ratings,N/A
ISIL,$10.2,1440252696001,"911,504",50% bullish,of 6 ratings,$15
INTX,$2.44,1440252696069,"40,947",67% bullish,of 3 ratings,N/A
XENT,$27.72,1440252696095,"196,800",50% bullish,of 2 ratings,$36.50
PTNT,$3.05,1440252696116,"4,282",Not yet rated,NULL,N/A
IILG,$20.03,1440252696154,"307,013",100% bearish,of 1 rating,$30.50
IVAC,$4.89,1440252696176,"16,408",Not yet rated,NULL,$6.625
INTLL,$25.77,1440252696315,"1,100",Not yet rated,NULL,N/A
ITCI,$28.5,1440252696385,"400,140",75% bearish,of 4 ratings,$40
IIN,$6.38,1440252696523,"6,399",100% bearish,of 1 rating,$12
INTL,$25.88,1440252696552,"119,017",67% bearish,of 3 ratings,N/A
INTU,$89.98,1440252696628,"5,254,872",86% bullish,of 7 ratings,$110.50
INVT,$0.2713,1440252696716,"28,221",67% bullish,of 3 ratings,N/A
SNAK,$8.47,1440252696747,"286,014",50% bullish,of 2 ratings,$14
ISRG,$506.65,1440252696777,"238,287",67% bullish,of 3 ratings,$600
ISBC,$11.8686,1440252696799,"2,158,729",100% bullish,of 1 rating,$13.25
ISTR,$15.85,1440252696830,"2,506",100% bearish,of 1 rating,$18.50
ITIC,$71.35,1440252696881,16,100% bearish,of 2 ratings,N/A
NVIV,$9.83,1440252697016,"458,296",50% bullish,of 4 ratings,$24.50
IVTY,$12.69,1440252697074,"13,088",Not yet rated,NULL,$18
IPAS,$1.01,1440252697100,"153,876",67% bullish,of 3 ratings,N/A
DFVL,NULL,1440252697160,0,Not yet rated,NULL,N/A
IPCM,$79.5,1440252697233,"605,193",50% bullish,of 2 ratings,$80.125
DTUL,NULL,1440252697258,0,Not yet rated,NULL,N/A
IRIX,$7.16,1440252697418,"14,066",100% bearish,of 1 rating,N/A
IRMD,$25.1,1440252697445,"16,337",67% bearish,of 3 ratings,$25
IPGP,$84.18,1440252697471,"196,618",100% bearish,of 2 ratings,$109.50
IRDM,$6.69,1440252697510,"599,667",60% bullish,of 5 ratings,$11.50
IRDMB,$266.65,1440252697538,"1,378",67% bearish,of 3 ratings,N/A
IRCP,$32,1440252697687,651,100% bullish,of 2 ratings,N/A
IRBT,$29.9,1440252697717,"240,464",67% bullish,of 6 ratings,$37
GNMA,$50.25,1440252697742,"2,022",Not yet rated,NULL,N/A
COMT,$32.24,1440252697777,"20,256",100% bearish,of 1 rating,N/A
IRWD,$10.95,1440252697874,"1,059,107",100% bearish,of 1 rating,$13
FCHI,$47.8,1440252697904,"4,334",Not yet rated,NULL,N/A
IFEU,$39.05,1440252698008,"52,081",Not yet rated,NULL,N/A
IFGL,$28.84,1440252698114,"124,298",Not yet rated,NULL,N/A
IFNA,$56.26,1440252698176,2,Not yet rated,NULL,N/A
ACWX,$40.41,1440252698202,"332,696",100% bearish,of 1 rating,N/A
IFAS,$28.76,1440252698270,"9,892",Not yet rated,NULL,N/A
AAXJ,$52.27,1440252698302,"1,955,125",Not yet rated,NULL,N/A
ACWI,$55.66,1440252698402,"1,415,661",Not yet rated,NULL,N/A
AAIT,$30.53,1440252698430,"1,424",100% bullish,of 1 rating,N/A
AXJS,NULL,1440252698484,0,Not yet rated,NULL,N/A
EEMA,$48.76,1440252698559,"380,775",Not yet rated,NULL,N/A
EMDI,$46.16,1440252698690,300,Not yet rated,NULL,N/A
EMEY,$24.77,1440252698717,200,Not yet rated,NULL,N/A
EEME,$38.47,1440252698744,"1,248",100% bearish,of 1 rating,N/A
EGRW,$47,1440252698765,"2,678",Not yet rated,NULL,N/A
EEML,$27.35,1440252698909,700,Not yet rated,NULL,N/A
EUFN,$21.91,1440252699071,"205,824",100% bearish,of 1 rating,N/A
IEUS,$45.52,1440252699101,"8,328",100% bearish,of 1 rating,N/A
EVAL,$36.84,1440252699122,"4,617",Not yet rated,NULL,N/A
UAE,$17.61,1440252699164,"11,802",Not yet rated,NULL,N/A
SOXX,$78.63,1440252699257,"710,879",50% bullish,of 2 ratings,N/A
QAT,$20.45,1440252699283,"23,345",Not yet rated,NULL,N/A
IBB,$340.47,1440252699308,"2,475,808",63% bullish,of 8 ratings,N/A
EMIF,$28.27,1440252699451,"15,998",Not yet rated,NULL,N/A
ICLN,$9.42,1440252699479,"40,619",50% bullish,of 2 ratings,N/A
INDY,$27.85,1440252699611,"903,318",50% bullish,of 2 ratings,N/A
WOOD,$49.3,1440252699675,"53,527",50% bullish,of 2 ratings,N/A
ISHG,$80.2,1440252699745,"83,600",100% bearish,of 1 rating,N/A
IGOV,$92.1372,1440252699770,"25,494",100% bearish,of 1 rating,N/A
ISRL,$128.55,1440252699985,"1,003",100% bearish,of 1 rating,N/A
ISIS,$47.09,1440252700015,"1,346,021",53% bullish,of 15 ratings,$67
XXIA,$15.37,1440252700041,"314,105",71% bullish,of 7 ratings,$14.625
ITRI,$31.94,1440252700072,"253,746",Not yet rated,NULL,$37
ISLE,$16.59,1440252700097,"295,431",50% bullish,of 4 ratings,$16
ITRN,$24.7,1440252700119,"30,305",50% bullish,of 2 ratings,N/A
ITUS,$4.16,1440252700205,"6,967",Not yet rated,NULL,N/A
IXYS,$10.57,1440252700269,"247,242",50% bullish,of 4 ratings,N/A
JJSF,$113.14,1440252700371,"100,391",100% bearish,of 1 rating,N/A
MAYS,NULL,1440252700396,0,Not yet rated,NULL,N/A
JBHT,$76.18,1440252700453,"901,669",50% bullish,of 4 ratings,$89.50
JCOM,$69.56,1440252700480,"218,346",100% bullish,of 2 ratings,$77
JKHY,$68.27,1440252700686,"285,534",50% bullish,of 2 ratings,$72
JXSB,$24.05,1440252700728,742,Not yet rated,NULL,N/A
JASO,$7,1440252700757,"1,435,775",82% bullish,of 17 ratings,$10
JAXB,$12.76,1440252700790,"1,300",100% bullish,of 1 rating,N/A
JAGX,$2.5784,1440252700818,"18,491",Not yet rated,NULL,N/A
JACK,$81.43,1440252700848,"546,557",83% bullish,of 6 ratings,$105
JAKK,$9.07,1440252700869,"491,312",60% bearish,of 5 ratings,$11
JRVR,$26.32,1440252700903,"51,011",Not yet rated,NULL,$32
ERW,NULL,1440252701032,0,Not yet rated,NULL,N/A
JMBA,$13.18,1440252701059,"107,503",75% bullish,of 4 ratings,$18
JASN,$4.81,1440252701235,"34,092",50% bullish,of 2 ratings,$9.50
JASNW,$0.18,1440252701298,"12,833",50% bullish,of 2 ratings,N/A
JTPY,$3.02,1440252701435,"5,165",100% bearish,of 1 rating,N/A
JAZZ,$170.2996,1440252701464,"486,735",80% bullish,of 15 ratings,$206.50
JCTCF,NULL,1440252701493,0,100% bullish,of 1 rating,N/A
JBLU,$21.8,1440252701519,"7,445,018",94% bullish,of 17 ratings,$27
JD,$25.2,1440252701547,"9,448,374",75% bullish,of 16 ratings,$36
JST,$4,1440252701599,"43,984",75% bullish,of 4 ratings,N/A
DATE,$6.47,1440252701706,"197,033",75% bullish,of 4 ratings,$9
JIVE,$4.1,1440252701770,"633,964",75% bullish,of 4 ratings,$5
JBSS,$48.96,1440252701849,"138,677",67% bearish,of 3 ratings,N/A
WYIGU,$10.0227,1440252701911,100,Not yet rated,NULL,N/A
JOUT,$23.01,1440252701936,"16,294",100% bearish,of 1 rating,$34
JOEZ,$0.185,1440252701961,"70,020",92% bullish,of 12 ratings,N/A
