Symbol,Price,Date,Volume,Rating,RatingVoteCount,OneYearEstimate
FCCY,$11.538,1440526802433,"1,069",100% bullish,of 1 rating,$13
PIH,$7.13,1440526802464,"1,207",100% bearish,of 1 rating,N/A
TFSCR,NULL,1440526802526,0,Not yet rated,NULL,N/A
TFSCU,$10.14,1440526802560,907,Not yet rated,NULL,N/A
TFSCW,$0.2,1440526802590,"3,500",100% bearish,of 1 rating,N/A
FLWS,$9.26,1440526802617,"100,179",100% bullish,of 5 ratings,$15
TFSC,NULL,1440526802637,0,100% bearish,of 1 rating,N/A
FCTY,$7.7,1440526802693,"7,690",100% bullish,of 1 rating,$8.50
VNET,$18.22,1440526802912,"283,966",60% bullish,of 5 ratings,$29.50
DGLD,$80.6016,1440526802943,"21,969",100% bullish,of 1 rating,N/A
SRCE,$28.79,1440526803043,"12,124",100% bullish,of 3 ratings,$33
UGLD,$9.373,1440526803121,"197,771",100% bearish,of 1 rating,N/A
TWOU,$34.32,1440526803150,"123,924",50% bullish,of 2 ratings,$39
DSLV,$69.0201,1440526803179,"11,607",100% bearish,of 1 rating,N/A
JOBS,$27.62,1440526803280,"95,590",50% bullish,of 4 ratings,$36
USLV,$12.8099,1440526803380,"247,401",86% bullish,of 7 ratings,N/A
SIXD,$2.8401,1440526803540,"1,302,485",Not yet rated,NULL,N/A
AVHI,$13.84,1440526803595,"21,765",100% bearish,of 1 rating,$19
CAFD,$14.55,1440526803643,"1,268,664",Not yet rated,NULL,$25
EGHT,$7.81,1440526803669,"326,573",82% bullish,of 17 ratings,$11
ABAX,$46.87,1440526803797,"73,802",100% bearish,of 1 rating,$60
AAON,$20.35,1440526803824,"35,579",100% bearish,of 1 rating,$24
ABGB,$4.98,1440526803979,"124,564",67% bullish,of 3 ratings,$5.50
ABEO,$4.53,1440526804027,"65,175",50% bullish,of 4 ratings,$15.50
ABY,$20.11,1440526804056,"617,677",100% bearish,of 2 ratings,$46
ABEOW,$1.85,1440526804110,"13,888",100% bullish,of 1 rating,N/A
ABMD,$95.77,1440526804159,"312,951",75% bullish,of 4 ratings,$100.50
AXAS,$1.539,1440526804264,"500,903",78% bullish,of 9 ratings,$3.50
ACTG,$8.85,1440526804398,"140,427",67% bullish,of 3 ratings,$18.50
ACHC,$70.995,1440526804465,"410,854",50% bullish,of 2 ratings,$92
SHLM,$32.975,1440526804496,"53,355",100% bearish,of 1 rating,$50
ACAD,$35.17,1440526804524,"464,906",80% bullish,of 20 ratings,$48
ACST,$0.3634,1440526804571,"29,249",100% bullish,of 2 ratings,N/A
AXDX,$18.9,1440526804597,"92,097",100% bearish,of 1 rating,N/A
XLRN,$27.695,1440526804733,"63,664",50% bullish,of 2 ratings,$57
ANCX,$19.44,1440526804783,"35,301",Not yet rated,NULL,$19
ARAY,$6.555,1440526804840,"482,051",100% bearish,of 1 rating,$10.50
VXUP,$1.58,1440526804972,"286,445",100% bearish,of 1 rating,N/A
ACET,$22.645,1440526805021,"36,920",75% bullish,of 4 ratings,$30
ACRX,$4.125,1440526805051,"214,240",67% bearish,of 6 ratings,$5.50
AKAO,$6.35,1440526805157,"32,573",75% bullish,of 4 ratings,$15
ACHN,$7.53,1440526805190,"944,547",90% bullish,of 21 ratings,$16
VXDN,$1.91,1440526805226,"213,734",100% bearish,of 1 rating,N/A
ACNB,$20.05,1440526805383,720,Not yet rated,NULL,N/A
ACIW,$20.9975,1440526805444,"204,555",50% bullish,of 2 ratings,$24
ACOR,$32.66,1440526805469,"1,849,151",67% bearish,of 3 ratings,$38.50
ACTS,$1.6,1440526805523,"73,568",100% bearish,of 1 rating,N/A
ACPW,$1.8005,1440526805600,"42,121",100% bullish,of 4 ratings,$3.50
ATVI,$26.7201,1440526805626,"2,336,321",68% bullish,of 84 ratings,$31.50
ACXM,$19.94,1440526805872,"201,086",67% bullish,of 3 ratings,N/A
ACTA,$13.35,1440526805900,"77,587",67% bearish,of 3 ratings,$25
ACUR,$0.53,1440526805921,"159,897",100% bullish,of 5 ratings,$1
ADMS,$19.78,1440526805943,"41,554",100% bearish,of 2 ratings,$36
ADMP,$3.54,1440526805977,"36,775",50% bullish,of 2 ratings,$10
ADUS,$28.5,1440526806113,"25,316",100% bearish,of 1 rating,$31
AEY,$2.36,1440526806247,"16,511",100% bearish,of 2 ratings,N/A
ADMA,$9.1,1440526806279,"16,185",Not yet rated,NULL,$19
ADAP,$11.545,1440526806354,"82,908",67% bullish,of 3 ratings,$22
ADEP,$6.72,1440526806381,"15,787",50% bullish,of 2 ratings,$10.75
ADRO,$18.77,1440526806406,"202,998",80% bullish,of 5 ratings,$45.50
ADBE,$76.27,1440526806432,"2,165,382",65% bullish,of 17 ratings,$90
AEIS,$23.79,1440526806649,"68,344",50% bullish,of 2 ratings,$32.50
AMD,$1.71,1440526806712,"4,729,660",83% bullish,of 103 ratings,$2
ADTN,$15.06,1440526806741,"125,478",67% bullish,of 3 ratings,$17.125
ADXS,$13.3901,1440526806786,"501,008",64% bullish,of 14 ratings,$27
ADXSW,$9.2,1440526806928,"2,100",100% bullish,of 1 rating,N/A
MULT,NULL,1440526806958,0,100% bearish,of 1 rating,N/A
YPRO,$22.93,1440526807021,"3,718",100% bearish,of 1 rating,N/A
AEGR,$17.455,1440526807057,"138,303",50% bullish,of 6 ratings,$26
AEGN,$17.98,1440526807210,"94,875",100% bearish,of 2 ratings,$21
AEPI,$53.3,1440526807250,"4,665",100% bearish,of 1 rating,N/A
AEHR,$2.25,1440526807338,"8,766",50% bullish,of 2 ratings,N/A
AMTX,$2.6499,1440526807383,"18,227",50% bullish,of 2 ratings,$26.11
AERI,$15.71,1440526807429,"160,931",75% bullish,of 4 ratings,$31.50
AVAV,$23.34,1440526807485,"58,017",50% bullish,of 4 ratings,$31
AEZS,$0.09,1440526807523,"6,260,685",90% bullish,of 21 ratings,$1.50
AEMD,$7.1611,1440526807674,"8,180",Not yet rated,NULL,$27.50
AFMD,$9.75,1440526807699,"98,260",50% bullish,of 4 ratings,$15
AFFX,$9.0599,1440526807882,"138,369",80% bullish,of 5 ratings,$12
AGEN,$6.7792,1440526807933,"443,869",85% bullish,of 13 ratings,$14
AGRX,$8.11,1440526807984,"5,750",100% bearish,of 1 rating,$17.50
AGYS,$9.435,1440526808011,"12,260",100% bearish,of 1 rating,N/A
AGFSW,$1.85,1440526808154,"5,743",100% bearish,of 2 ratings,N/A
AGFS,$9.87,1440526808179,"127,038",100% bearish,of 1 rating,N/A
AGIO,$84.25,1440526808238,"183,522",88% bullish,of 8 ratings,$114
AIMT,$20.665,1440526808311,"60,825",Not yet rated,NULL,N/A
AIRM,$35.68,1440526808342,"103,515",80% bearish,of 5 ratings,$53
ATSG,$8.63,1440526808394,"85,282",67% bullish,of 3 ratings,$13
AIRT,$21.27,1440526808446,800,100% bullish,of 1 rating,N/A
AIXG,$5.7148,1440526808576,"23,942",67% bearish,of 3 ratings,$5.25
AKBA,$6.25,1440526808875,"137,168",100% bearish,of 1 rating,$18
AKER,$2.48,1440526808900,"7,025",Not yet rated,NULL,N/A
AKAM,$67.11,1440526808928,"1,166,309",63% bullish,of 8 ratings,$77
AKRX,$39.62,1440526808957,"326,540",78% bullish,of 9 ratings,$56
AMCN,$4.44,1440526809062,"487,342",83% bullish,of 6 ratings,N/A
ALSK,$1.99,1440526809126,"63,358",78% bullish,of 18 ratings,$2
AMRI,$19.46,1440526809197,"149,276",75% bearish,of 4 ratings,$24
ALRM,$16.375,1440526809233,"138,579",100% bearish,of 1 rating,$22
ALDX,$6.99,1440526809262,"18,058",100% bearish,of 1 rating,$14.50
ALDR,$38,1440526809330,"270,856",67% bearish,of 3 ratings,$62
ABDC,$11.8072,1440526809357,"31,211",Not yet rated,NULL,$15
ADHD,$8.14,1440526809492,"104,327",50% bullish,of 4 ratings,$18
ALXA,$1.0901,1440526809546,"8,881",83% bullish,of 6 ratings,$2.125
ALXN,$170.63,1440526809585,"722,867",88% bullish,of 8 ratings,$223
ALCO,$41.42,1440526809716,"6,062",50% bullish,of 2 ratings,N/A
ALGN,$55.2,1440526809760,"264,434",100% bearish,of 2 ratings,$73
ALKS,$59.545,1440526809844,"272,535",67% bullish,of 3 ratings,$75
ALIM,$3.16,1440526809931,"36,191",80% bullish,of 5 ratings,$10
ALGT,$216.46,1440526809956,"54,427",100% bearish,of 2 ratings,$235
ALLB,$22.87,1440526810088,400,Not yet rated,NULL,N/A
AIQ,$13.62,1440526810113,"5,127",67% bullish,of 3 ratings,N/A
ARLP,$24.2618,1440526810142,"64,607",67% bearish,of 3 ratings,$32
AFOP,$18,1440526810175,"154,009",75% bullish,of 8 ratings,$21
AHGP,$35.57,1440526810278,"26,603",67% bullish,of 3 ratings,N/A
AHPI,$1.4454,1440526810332,415,50% bullish,of 2 ratings,N/A
ALQA,$4.2544,1440526810465,"30,994",75% bullish,of 4 ratings,$8.50
AMOT,$17.79,1440526810490,"51,973",100% bearish,of 1 rating,N/A
ALLT,$4.89,1440526810652,"63,834",75% bullish,of 4 ratings,$6.25
AFAM,$44.13,1440526810721,"10,563",50% bullish,of 2 ratings,$44
MDRX,$13.28,1440526810753,"841,268",60% bullish,of 5 ratings,$16
ALNY,$97.89,1440526810787,"236,822",67% bullish,of 3 ratings,$148.50
SMCP,$22.69,1440526810851,"1,609",Not yet rated,NULL,N/A
ALTR,$47.1001,1440526810880,"1,212,463",80% bearish,of 5 ratings,$54
ATEC,$0.5799,1440526810931,"72,635",100% bullish,of 1 rating,$2
AOSL,$7.09,1440526810956,"52,293",67% bullish,of 3 ratings,$9
AMAG,$60.5,1440526811143,"209,155",100% bullish,of 2 ratings,$77.50
AIMC,$24.34,1440526811168,"38,814",100% bearish,of 2 ratings,$28.50
AMRN,$2.01,1440526811299,"2,614,437",85% bullish,of 39 ratings,$8
ASPS,$25.6525,1440526811333,"106,535",67% bullish,of 3 ratings,$46.50
AMRK,$10.5,1440526811467,"2,103",50% bullish,of 2 ratings,$14
AYA,$20.47,1440526811597,"33,393",100% bearish,of 1 rating,$40
AMBCW,$7.47,1440526811646,"4,376",100% bearish,of 1 rating,N/A
AMZN,$479.74,1440526811672,"1,712,160",81% bullish,of 263 ratings,$646
AMBC,$15.36,1440526811707,"97,409",100% bearish,of 1 rating,$16.50
AMBA,$88.703,1440526811801,"1,439,509",83% bullish,of 12 ratings,$102.50
EPAX,$2.66,1440526811829,"32,125",100% bearish,of 1 rating,N/A
AMCX,$69.58,1440526811858,"603,402",67% bullish,of 3 ratings,$87.50
DOX,$56.16,1440526812049,"284,468",50% bullish,of 2 ratings,$60
AMDA,$0.44,1440526812103,"839,216",90% bullish,of 10 ratings,$1
UHAL,$362.74,1440526812128,"11,973",100% bullish,of 2 ratings,$393.50
AMED,$38.22,1440526812185,"116,351",100% bearish,of 1 rating,$42
AMOV,$17.52,1440526812414,"9,955",100% bearish,of 1 rating,N/A
ASBI,$22.26,1440526812510,100,Not yet rated,NULL,N/A
AGNC,$19.39,1440526812570,"1,419,873",71% bullish,of 28 ratings,$22
AGNCB,$24.2258,1440526812599,"5,393",Not yet rated,NULL,N/A
ATAX,$5.15,1440526812639,"238,136",100% bullish,of 1 rating,$6.50
MTGEP,$24.4015,1440526812666,"6,300",Not yet rated,NULL,N/A
AAL,$38.39,1440526812694,"5,172,762",93% bullish,of 88 ratings,$57
AGNCP,$25.2824,1440526812727,"12,524",Not yet rated,NULL,N/A
MTGE,$15.33,1440526812826,"200,595",75% bullish,of 4 ratings,$19.50
ACAS,$13.41,1440526813004,"321,240",60% bullish,of 5 ratings,$16.75
ACSF,$12.05,1440526813029,"39,470",100% bearish,of 1 rating,$15
ANCI,$1.43,1440526813243,400,100% bearish,of 1 rating,N/A
AETI,NULL,1440526813294,0,67% bearish,of 3 ratings,N/A
AMIC,NULL,1440526813423,0,Not yet rated,NULL,N/A
AMNB,$22.69,1440526813482,"5,355",Not yet rated,NULL,$25.50
ANAT,$97.39,1440526813627,"32,981",100% bullish,of 1 rating,N/A
AMRB,$10.085,1440526813697,"4,500",Not yet rated,NULL,$11
APEI,$20.89,1440526813794,"23,343",100% bearish,of 1 rating,$25.50
ASEI,$36.8,1440526813824,"24,100",100% bearish,of 1 rating,$52.50
ARII,$38.09,1440526813849,"134,437",67% bearish,of 3 ratings,$45
AMSWA,$8.58,1440526813884,"15,156",100% bearish,of 2 ratings,$10.75
AMSC,$3.96,1440526814017,"160,587",50% bullish,of 4 ratings,N/A
AMWD,$65.015,1440526814095,"105,305",50% bullish,of 2 ratings,$70
CRMT,$37.25,1440526814149,"36,390",100% bearish,of 1 rating,$39
ABCB,$26.2438,1440526814227,"44,433",Not yet rated,NULL,$31
AMSF,$47.24,1440526814358,"27,538",Not yet rated,NULL,$57.50
ASRV,$3.29,1440526814429,301,100% bullish,of 2 ratings,N/A
AMGN,$151.08,1440526814518,"2,230,619",89% bullish,of 19 ratings,$185
FOLD,$13.98,1440526814571,"880,156",56% bullish,of 9 ratings,$21
ASRVP,$28.17,1440526814603,394,Not yet rated,NULL,N/A
ATLO,$22.22,1440526814652,"4,693",Not yet rated,NULL,N/A
AMKR,$4.63,1440526814701,"1,325,171",100% bearish,of 2 ratings,$5
AMPH,$13.12,1440526814727,"82,629",50% bullish,of 2 ratings,$20
AMSG,$79.525,1440526815021,"183,951",100% bearish,of 1 rating,$85.50
ASYS,$5.07,1440526815052,"13,012",67% bullish,of 3 ratings,$12
AMSGP,NULL,1440526815103,0,Not yet rated,NULL,N/A
AMRS,$1.58,1440526815193,"31,986",70% bullish,of 10 ratings,N/A
AFSI,$58.71,1440526815222,"157,110",60% bullish,of 5 ratings,$72
ANAC,$129.57,1440526815248,"396,056",80% bullish,of 5 ratings,$180.50
ANAD,$0.3203,1440526815328,"166,815",100% bullish,of 2 ratings,$.50
ALOG,$78.59,1440526815385,"34,500",100% bearish,of 2 ratings,$100.50
ADI,$52.11,1440526815489,"1,137,075",67% bullish,of 3 ratings,$69
ABCW,$39.395,1440526815572,"4,904",67% bullish,of 3 ratings,N/A
ANGI,$4.715,1440526815631,"323,726",64% bullish,of 11 ratings,$5.50
AMCF,$0.22,1440526815704,"6,000",100% bullish,of 7 ratings,N/A
ANGO,$14.41,1440526815763,"19,438",67% bullish,of 3 ratings,$19
ANCB,NULL,1440526815840,0,Not yet rated,NULL,$23
ANIP,$49.1,1440526815895,"41,100",89% bullish,of 19 ratings,$66
ANIK,$33.4,1440526815977,"26,895",60% bullish,of 5 ratings,$51.25
ANTH,$7.17,1440526816218,"344,720",80% bullish,of 10 ratings,$13
ANSS,$87.37,1440526816247,"317,697",100% bearish,of 1 rating,$100
ABAC,$0.6999,1440526816348,"28,393",100% bearish,of 1 rating,N/A
ATRS,$1.6974,1440526816396,"402,487",92% bullish,of 12 ratings,$4.50
APOG,$50.86,1440526816427,"137,549",100% bullish,of 1 rating,$67
ATNY,$2.32,1440526816499,"2,808",50% bullish,of 2 ratings,$3.75
APIC,$6.16,1440526816529,"159,805",100% bearish,of 1 rating,$19
AINV,$6.39,1440526816569,"596,155",50% bullish,of 4 ratings,$8
APOL,$10.6,1440526816628,"475,768",87% bearish,of 68 ratings,$14
APPF,$15.83,1440526816699,"10,826",50% bullish,of 2 ratings,$22
AAPL,$107.8,1440526816774,"42,433,865",86% bullish,of 2345 ratings,$150
ARCI,$1.11,1440526816919,"1,000",Not yet rated,NULL,N/A
APDN,$3.14,1440526817022,"47,498",Not yet rated,NULL,$9
AGTC,$15.465,1440526817164,"72,086",50% bullish,of 2 ratings,$33
AMCC,$5.37,1440526817232,"352,426",80% bullish,of 5 ratings,$8
APDNW,$1.02,1440526817262,"13,896",Not yet rated,NULL,N/A
AAOI,$19.29,1440526817291,"148,790",50% bullish,of 4 ratings,$26
AMAT,$15.23,1440526817319,"8,330,279",82% bullish,of 11 ratings,$23
APRI,$1.2599,1440526817423,"140,098",83% bullish,of 6 ratings,$4.86
AREX,$1.79,1440526817470,"558,862",100% bearish,of 1 rating,$3
APTO,$4.55,1440526817553,"1,120",Not yet rated,NULL,$17
AUMAU,NULL,1440526817706,0,Not yet rated,NULL,N/A
AQMS,$4.9987,1440526817731,"36,920",Not yet rated,NULL,N/A
AUMA,NULL,1440526817765,0,Not yet rated,NULL,N/A
AUMAW,NULL,1440526817873,0,Not yet rated,NULL,N/A
AQXP,$18.7799,1440526817903,"1,271,029",50% bullish,of 2 ratings,$2
ARDM,$6.97,1440526818006,527,100% bullish,of 1 rating,$26
ABUS,$6.78,1440526818164,"227,798",86% bullish,of 14 ratings,$23
PETX,$17.425,1440526818207,"205,792",100% bearish,of 2 ratings,$26
ARCW,$3.22,1440526818293,"8,996",100% bearish,of 2 ratings,$10.50
ABIO,$0.8687,1440526818319,"51,486",50% bullish,of 2 ratings,$3.75
ARCB,$27.65,1440526818379,"123,613",67% bearish,of 3 ratings,$39.50
RKDA,$5.88,1440526818404,"18,573",100% bearish,of 2 ratings,$10
ACGL,$67.97,1440526818628,"113,784",50% bullish,of 2 ratings,$72
ARDX,$17.67,1440526818673,"34,945",50% bullish,of 2 ratings,$24.50
ARNA,$2.74,1440526818700,"1,117,834",90% bullish,of 77 ratings,$5.50
ACAT,$25.35,1440526818725,"48,540",100% bearish,of 3 ratings,$33
ARCC,$15.0572,1440526818868,"1,348,600",67% bearish,of 3 ratings,$17.875
AGIIL,$25.1901,1440526818968,"7,875",Not yet rated,NULL,N/A
AGII,$55.23,1440526818995,"62,773",Not yet rated,NULL,$59.50
ARGS,$6.1273,1440526819025,"31,089",50% bullish,of 2 ratings,$19.50
ARIA,$6.57,1440526819124,"1,319,919",87% bullish,of 46 ratings,$9
ARKR,$24.995,1440526819215,"1,497",50% bullish,of 2 ratings,N/A
ARWA,NULL,1440526819418,0,Not yet rated,NULL,N/A
ARTX,$1.4,1440526819446,"111,474",88% bullish,of 16 ratings,$4.50
ARIS,$3.2518,1440526819481,"21,331",Not yet rated,NULL,$4.50
ARWAR,$0.27,1440526819508,"1,000",Not yet rated,NULL,N/A
ARMH,$41.24,1440526819529,"1,305,066",54% bearish,of 13 ratings,$61
ARWAU,NULL,1440526819662,0,100% bullish,of 1 rating,N/A
ARQL,$1.64,1440526819825,"70,269",75% bullish,of 4 ratings,$5
ARWAW,NULL,1440526819854,0,Not yet rated,NULL,N/A
ARRY,$5.555,1440526819875,"746,095",100% bullish,of 7 ratings,$10
DWAT,$9.74,1440526819908,"4,254",100% bearish,of 1 rating,N/A
ARRS,$25.48,1440526820002,"653,995",50% bullish,of 2 ratings,$38
ARWR,$5.27,1440526820071,"414,208",75% bullish,of 4 ratings,$10.50
AROW,$27.14,1440526820099,"5,016",Not yet rated,NULL,N/A
ARTNA,$21.8967,1440526820154,"9,265",100% bearish,of 1 rating,$29
ARTW,$4.33,1440526820291,200,75% bearish,of 4 ratings,N/A
ASBB,NULL,1440526820394,0,Not yet rated,NULL,N/A
ASTI,$0.1122,1440526820552,"1,326,527",83% bullish,of 6 ratings,$3
ASNA,$10.9725,1440526820592,"1,143,782",50% bullish,of 2 ratings,$18
ASCMA,$26.6,1440526820622,"54,792",100% bearish,of 1 rating,$45
ASMI,NULL,1440526820640,0,NULL,NULL,NULL
APWC,$1.9,1440526820660,100,100% bearish,of 1 rating,N/A
ASND,$19.2,1440526820700,"34,367",100% bullish,of 1 rating,$30
ASML,$87.86,1440526820807,"490,447",50% bullish,of 4 ratings,$127
ASMB,$12.7525,1440526820951,"27,835",67% bullish,of 3 ratings,N/A
ASFI,$8.88,1440526821021,"5,410",100% bullish,of 1 rating,N/A
ALOT,NULL,1440526821048,0,100% bearish,of 1 rating,N/A
ASTE,$35.68,1440526821080,"34,491",100% bearish,of 1 rating,$48
AZPN,$36.83,1440526821211,"377,640",50% bullish,of 2 ratings,$42
ATRO,$50.87,1440526821268,"81,594",100% bearish,of 2 ratings,$80
ATRA,$39.9499,1440526821415,"117,836",50% bullish,of 2 ratings,$68
ATAI,$2.42,1440526821443,"8,052",100% bearish,of 1 rating,N/A
ASTC,$2.1087,1440526821485,"25,410",100% bullish,of 5 ratings,N/A
ATHN,$130.66,1440526821576,"115,683",67% bearish,of 3 ratings,$153
AFCB,$27.6,1440526821624,700,Not yet rated,NULL,N/A
ASUR,$5.48,1440526821649,"2,089",50% bullish,of 2 ratings,$8
AAPC,$10.2,1440526821674,583,Not yet rated,NULL,N/A
ATHX,$1.12,1440526821872,"146,580",89% bullish,of 9 ratings,$5
ACFC,$5.8425,1440526821965,"29,544",Not yet rated,NULL,$6.50
AAME,$3.53,1440526822003,100,Not yet rated,NULL,N/A
ATLC,$3.7,1440526822062,"8,731",67% bullish,of 3 ratings,N/A
ATNI,$70.43,1440526822107,"31,783",100% bearish,of 1 rating,$69.50
AAWW,$40.12,1440526822248,"127,900",50% bullish,of 2 ratings,$65
ATML,$7.5,1440526822347,"5,494,753",78% bullish,of 9 ratings,$9.50
AFH,$16.35,1440526822377,"17,226",Not yet rated,NULL,$21.50
ATRI,$375,1440526822443,783,Not yet rated,NULL,N/A
ATRC,$24.93,1440526822506,"76,812",100% bullish,of 1 rating,$30
ATOS,$0.8199,1440526822572,"91,509",100% bullish,of 7 ratings,$7
ATRM,NULL,1440526822598,0,50% bullish,of 2 ratings,N/A
ATTU,$13,1440526822730,"49,025",100% bearish,of 1 rating,$20.50
AUBN,$26.43,1440526822819,100,Not yet rated,NULL,N/A
LIFE,$13.5,1440526822864,"25,687",86% bullish,of 7 ratings,$43
AUPH,$3,1440526823083,"22,058",100% bearish,of 1 rating,$8
EARS,$4.48,1440526823114,"5,143",100% bearish,of 2 ratings,$11.50
ADAT,$0.3501,1440526823167,"2,427,960",100% bullish,of 2 ratings,N/A
ABTL,$16.86,1440526823213,"159,925",100% bullish,of 4 ratings,$20.25
ADSK,$49.5125,1440526823244,"1,141,410",67% bullish,of 6 ratings,$69.50
AUDC,$3.09,1440526823270,"24,958",80% bullish,of 5 ratings,$5
ADP,$75.55,1440526823347,"1,060,644",100% bearish,of 1 rating,$88
AVGO,$110.66,1440526823399,"1,658,896",88% bullish,of 8 ratings,$165
AAVL,$10.26,1440526823482,"166,938",100% bearish,of 1 rating,$20
AVNU,$12.16,1440526823514,581,Not yet rated,NULL,$14
AVEO,$1.2901,1440526823612,"356,637",75% bullish,of 8 ratings,$3
AVID,$8.05,1440526823806,"235,258",100% bearish,of 1 rating,$20
AVGR,$14.39,1440526823911,"12,700",100% bearish,of 1 rating,$20
AVNW,$1.125,1440526823944,"91,559",50% bullish,of 2 ratings,$2.20
CAR,$41.015,1440526823982,"1,135,265",80% bullish,of 5 ratings,$60
AWRE,$3.1,1440526824043,"37,403",67% bullish,of 3 ratings,N/A
AXPW,$1.13,1440526824077,"26,239",83% bullish,of 6 ratings,N/A
ACLS,$3.075,1440526824099,"235,666",67% bullish,of 6 ratings,$4.75
AXGN,$3.85,1440526824130,"13,698",Not yet rated,NULL,$5
AXPWW,$1.1027,1440526824171,100,Not yet rated,NULL,N/A
RILY,$9.97,1440526824470,200,Not yet rated,NULL,N/A
BOSC,$2.29,1440526824536,"7,616",50% bullish,of 2 ratings,N/A
BIDU,$143.08,1440526824606,"2,947,943",81% bullish,of 88 ratings,$210
BCOM,NULL,1440526824632,0,100% bearish,of 1 rating,N/A
AXTI,$2.15,1440526824653,"58,203",50% bullish,of 2 ratings,$2.75
BEAV,$47.3,1440526824681,"568,021",67% bearish,of 3 ratings,$59
BWINA,NULL,1440526824824,0,Not yet rated,NULL,N/A
BCPC,$56.3692,1440526824958,"103,284",100% bearish,of 1 rating,$75
BLDP,$1.1821,1440526824985,"287,650",91% bullish,of 22 ratings,$2.50
BANFP,NULL,1440526825006,0,Not yet rated,NULL,N/A
BWINB,$22.75,1440526825050,"7,493",Not yet rated,NULL,N/A
BANF,$59.07,1440526825071,"6,625",Not yet rated,NULL,$68
BKMU,$6.8693,1440526825141,"19,109",Not yet rated,NULL,$8
BOCH,$5.73,1440526825169,"8,937",Not yet rated,NULL,$6.50
BMRC,$48,1440526825298,"1,900",Not yet rated,NULL,$52
BKSC,$15.3,1440526825400,"4,688",Not yet rated,NULL,N/A
OZRK,$40.2,1440526825654,"281,447",67% bullish,of 3 ratings,$49.50
BFIN,$11.85,1440526825684,"16,180",Not yet rated,NULL,$13
BOTJ,$10.9001,1440526825712,"1,500",Not yet rated,NULL,N/A
BANR,$43.18,1440526825733,"30,579",100% bullish,of 3 ratings,$50
BWFG,$17.9525,1440526825785,"1,453",100% bearish,of 1 rating,N/A
BHACU,NULL,1440526825873,0,Not yet rated,NULL,N/A
BZUN,$4.5228,1440526825920,"455,107",50% bullish,of 2 ratings,$12.60
BHAC,$9.78,1440526825978,"1,000",Not yet rated,NULL,N/A
BHACR,NULL,1440526826109,0,Not yet rated,NULL,N/A
BHACW,NULL,1440526826216,0,Not yet rated,NULL,N/A
BBSI,$33.94,1440526826246,"18,300",67% bearish,of 3 ratings,$62.50
TAPR,$31.2,1440526826268,"1,200",100% bearish,of 1 rating,N/A
BSET,$28.4827,1440526826290,"22,726",100% bearish,of 1 rating,$35
BYBK,$4.93,1440526826321,600,100% bearish,of 1 rating,N/A
BYLK,$12.715,1440526826494,"2,400",Not yet rated,NULL,$14
BV,$5.09,1440526826575,"223,319",67% bullish,of 6 ratings,$9
BBCN,$14.16,1440526826626,"101,410",100% bearish,of 1 rating,$16
BCBP,$11.5,1440526826652,"7,080",Not yet rated,NULL,N/A
BSF,$8.29,1440526826733,"9,433",Not yet rated,NULL,N/A
BECN,$34.49,1440526826839,"239,616",50% bullish,of 2 ratings,$40
BDCV,$4.867,1440526826884,"6,381",100% bearish,of 1 rating,$10.19
BBGI,$4.24,1440526826909,"2,361",100% bearish,of 1 rating,N/A
BEBE,$1.72,1440526826983,"85,088",75% bullish,of 4 ratings,$3.075
BELFA,$15.3,1440526827036,839,100% bearish,of 1 rating,N/A
BBBY,$60.9,1440526827065,"1,209,684",71% bullish,of 7 ratings,$75
BLPH,$5.02,1440526827138,"23,696",100% bearish,of 1 rating,$12.50
BELFB,$17.56,1440526827165,"7,000",100% bearish,of 1 rating,N/A
BNCL,$12.24,1440526827349,"191,393",100% bullish,of 3 ratings,$12.50
BNFT,$34.77,1440526827378,"64,660",67% bullish,of 3 ratings,$46
BLCM,$16.82,1440526827452,"145,840",50% bullish,of 4 ratings,$40
BGMD,$0.7701,1440526827508,"95,917",100% bullish,of 10 ratings,N/A
BNTC,$8.015,1440526827533,"22,998",100% bullish,of 1 rating,N/A
BGCP,$8.615,1440526827594,"476,857",88% bullish,of 8 ratings,$14
BGFV,$10.45,1440526827620,"24,931",57% bullish,of 7 ratings,$12
ORPN,$5.37,1440526827752,"6,463",100% bullish,of 1 rating,$28.50
BIND,$4.3,1440526827799,"18,423",75% bullish,of 4 ratings,$13.50
BIOC,$1.9101,1440526827928,"261,819",83% bullish,of 6 ratings,$3.85
BCRX,$11.24,1440526827959,"419,668",63% bullish,of 8 ratings,$18
BASI,$1.4764,1440526827986,"1,592",Not yet rated,NULL,N/A
BCDA,NULL,1440526828012,0,Not yet rated,NULL,N/A
BDSI,$6.46,1440526828037,"508,963",88% bullish,of 8 ratings,$17
BIOD,$0.67,1440526828122,"46,371",80% bullish,of 5 ratings,$4
BIIB,$291.77,1440526828315,"1,199,481",88% bullish,of 16 ratings,$400
BLFS,$2.0199,1440526828398,"31,494",100% bearish,of 1 rating,$4.75
BIOL,$1.37,1440526828450,"24,024",Not yet rated,NULL,N/A
BLRX,$1.27,1440526828475,"141,159",100% bullish,of 12 ratings,$5
BMRN,$125.2535,1440526828505,"509,620",80% bullish,of 5 ratings,$160
BVXV,$3.5901,1440526828604,"1,550",Not yet rated,NULL,N/A
BRLI,NULL,1440526828647,0,NULL,NULL,NULL
BVXVW,NULL,1440526828777,0,100% bearish,of 1 rating,N/A
BIOS,$2.25,1440526828812,"836,830",71% bullish,of 7 ratings,$4
BSTC,$47.03,1440526828868,"22,270",100% bearish,of 1 rating,$76
BPTH,$1.07,1440526828906,"31,650",100% bullish,of 2 ratings,$5
BBP,$31.405,1440526828936,"25,915",Not yet rated,NULL,N/A
BBC,$29.8701,1440526828968,"14,211",Not yet rated,NULL,N/A
BOTA,$2.161,1440526829035,"30,966",88% bullish,of 8 ratings,N/A
BSPM,$0.6513,1440526829063,"38,247",50% bullish,of 2 ratings,N/A
TECH,$94.75,1440526829288,"89,054",100% bullish,of 1 rating,$117
BEAT,$14.34,1440526829318,"360,884",67% bearish,of 3 ratings,$15
BDMS,$13.13,1440526829414,200,100% bearish,of 1 rating,N/A
BITI,$17.3,1440526829488,"25,333",100% bullish,of 1 rating,$28
BJRI,$43.99,1440526829517,"119,048",50% bullish,of 2 ratings,$55
BBOX,$14.645,1440526829574,"27,565",100% bearish,of 1 rating,N/A
BDE,$7.14,1440526829616,"42,160",50% bullish,of 2 ratings,$9
BBRY,$6.785,1440526829707,"2,678,621",61% bullish,of 330 ratings,$9
HAWK,$40.34,1440526829736,"219,623",91% bullish,of 11 ratings,$49
BLKB,$57.81,1440526829757,"76,195",100% bearish,of 2 ratings,$66
ADRA,$26.205,1440526829922,"1,201",100% bearish,of 1 rating,N/A
ADRD,$21.6956,1440526830001,"4,831",100% bearish,of 1 rating,N/A
ADRE,$28.91,1440526830100,"9,296",100% bearish,of 1 rating,N/A
BLMN,$19.4,1440526830184,"720,219",83% bullish,of 6 ratings,$27.50
BKCC,$9.04,1440526830210,"211,536",100% bullish,of 2 ratings,$10
ADRU,$21.6301,1440526830278,"1,676",100% bearish,of 1 rating,N/A
BCOR,$13.26,1440526830378,"61,722",57% bullish,of 7 ratings,$15
BLBD,$11.84,1440526830403,"5,957",Not yet rated,NULL,N/A
BHBK,$14,1440526830571,"48,966",100% bullish,of 1 rating,$14.50
BBLU,$0.78,1440526830598,"64,203",100% bullish,of 2 ratings,$4.43
BUFF,$26.57,1440526830638,"161,223",83% bullish,of 12 ratings,$31.50
BKEP,$6.21,1440526830766,"74,428",100% bearish,of 1 rating,$8.50
BKEPP,$7.45,1440526830792,"3,565",100% bearish,of 1 rating,N/A
BLUE,$125.51,1440526830818,"277,304",71% bullish,of 7 ratings,$217.50
NILE,$33.02,1440526830839,"61,559",50% bullish,of 2 ratings,$34
BPMC,$27.28,1440526830872,"44,925",50% bullish,of 2 ratings,$47.50
BNCN,$20.355,1440526831087,"66,028",Not yet rated,NULL,$23
BOFI,$122.798,1440526831228,"98,954",100% bullish,of 6 ratings,$144
BOBE,$42.96,1440526831254,"72,359",75% bullish,of 4 ratings,$57
BOKF,$59.313,1440526831276,"154,747",100% bearish,of 1 rating,$70.50
WIFI,$7.43,1440526831309,"161,419",50% bullish,of 2 ratings,$13.50
BNSO,$1.317,1440526831412,"1,900",100% bearish,of 1 rating,N/A
BONA,$11.61,1440526831476,"209,466",75% bullish,of 4 ratings,$8.50
BAMM,$3.157,1440526831607,"8,473",60% bullish,of 5 ratings,N/A
BPFHP,$25.64,1440526831643,608,100% bearish,of 1 rating,N/A
BOJA,$20.69,1440526831665,"138,504",100% bullish,of 1 rating,$30
BPFH,$11.55,1440526831694,"140,799",100% bearish,of 1 rating,$14
BPFHW,NULL,1440526831740,0,100% bearish,of 1 rating,N/A
EPAY,$24.965,1440526831829,"43,743",100% bearish,of 2 ratings,$30
BDBD,$8.14,1440526831870,"427,109",60% bullish,of 5 ratings,$10
BCLI,$2.8699,1440526831897,"43,886",80% bullish,of 5 ratings,$12
BBRG,$12.08,1440526832179,"67,248",67% bullish,of 3 ratings,$14.50
BDGE,$26.605,1440526832257,"3,555",Not yet rated,NULL,$31.75
BLIN,$1.3,1440526832284,800,50% bullish,of 2 ratings,$2.20
BBEPP,$12.5799,1440526832305,"52,367",100% bearish,of 1 rating,N/A
BRCM,$48.48,1440526832441,"1,603,123",75% bullish,of 12 ratings,$56
BBEP,$2.4,1440526832471,"1,120,676",69% bullish,of 13 ratings,$5.625
BCOV,$5.16,1440526832492,"33,038",67% bullish,of 3 ratings,$10.20
BRID,NULL,1440526832578,0,100% bearish,of 1 rating,N/A
BYFC,$1.49,1440526832648,"3,026",50% bullish,of 2 ratings,N/A
BSFT,$29.8,1440526832676,"77,860",57% bullish,of 7 ratings,$40.50
BVSN,$5.9699,1440526832722,905,60% bearish,of 5 ratings,N/A
BRCD,$10.2648,1440526832751,"2,128,609",92% bullish,of 13 ratings,$11.50
BRKS,$10.06,1440526833008,"32,637",67% bullish,of 3 ratings,$15.25
BWEN,$3.16,1440526833108,"36,280",100% bullish,of 3 ratings,$8
BRKR,$18.45,1440526833162,"140,771",100% bearish,of 2 ratings,$22
BMTC,$28.44,1440526833191,"13,819",Not yet rated,NULL,$34
BSQR,$5.94,1440526833246,"57,908",67% bullish,of 3 ratings,N/A
BLMT,$20.855,1440526833274,"7,701",Not yet rated,NULL,N/A
BWLD,$190.1,1440526833304,"142,041",82% bullish,of 11 ratings,$205
BRKL,$10.405,1440526833406,"100,357",100% bearish,of 1 rating,$10.75
BLDR,$13.97,1440526833508,"401,703",50% bullish,of 2 ratings,$22
CCMP,$42.31,1440526833641,"57,799",50% bullish,of 2 ratings,$59
CA,$26.31,1440526833673,"1,158,562",50% bullish,of 4 ratings,$33
CFFI,$34.83,1440526833695,"5,869",100% bearish,of 1 rating,N/A
CHRW,$65.68,1440526833716,"679,387",Not yet rated,NULL,$72
BUR,$1.81,1440526833757,406,100% bearish,of 1 rating,$8
CDNS,$19.18,1440526833846,"733,854",75% bullish,of 4 ratings,$22.50
CDZI,$7.53,1440526834075,"15,114",100% bearish,of 1 rating,N/A
CACQ,$7.13,1440526834122,"33,067",100% bearish,of 1 rating,$12.25
CSTE,$42.54,1440526834208,"274,821",100% bearish,of 1 rating,$65
CZR,$8.77,1440526834239,"787,570",60% bearish,of 5 ratings,$10.50
CLMS,$10.25,1440526834343,"50,207",Not yet rated,NULL,$10.50
CHI,$10.485,1440526834448,"233,548",100% bearish,of 1 rating,N/A
CHY,$11.0844,1440526834483,"170,633",Not yet rated,NULL,N/A
CLBS,$1.2793,1440526834509,"60,702",79% bullish,of 14 ratings,$4
CCD,$18.9,1440526834534,"79,659",Not yet rated,NULL,N/A
CFGE,$10.3256,1440526834582,528,Not yet rated,NULL,N/A
CGO,$11.66,1440526834713,"58,806",100% bearish,of 1 rating,N/A
PRSS,$4.3165,1440526834739,"12,287",80% bullish,of 5 ratings,$4.50
CSQ,$9.59,1440526834761,"312,515",Not yet rated,NULL,N/A
CAMP,$15.64,1440526834896,"122,213",88% bullish,of 8 ratings,$25
CHW,$7.3068,1440526834928,"180,738",100% bearish,of 1 rating,N/A
CVGW,$55.7,1440526835025,"72,920",50% bullish,of 2 ratings,$58.50
CALA,$4.6152,1440526835083,"184,500",100% bullish,of 3 ratings,$19.50
CFNB,NULL,1440526835298,0,100% bearish,of 1 rating,N/A
CALD,$14.99,1440526835324,"129,832",100% bearish,of 1 rating,$20.50
CALM,$47.7,1440526835345,"367,480",80% bullish,of 5 ratings,$65
CAMBW,NULL,1440526835479,0,Not yet rated,NULL,N/A
ABCD,$4.86,1440526835517,"31,772",83% bullish,of 6 ratings,N/A
CAMB,$10.05,1440526835544,400,Not yet rated,NULL,N/A
CLMT,$25.11,1440526835582,"202,516",75% bullish,of 8 ratings,$31
CAMBU,NULL,1440526835675,0,100% bearish,of 1 rating,N/A
CAC,$39.89,1440526835702,"3,119",Not yet rated,NULL,N/A
CAMT,$2.68,1440526835730,"25,190",73% bullish,of 11 ratings,$4
CSIQ,$18.115,1440526835832,"2,467,119",86% bullish,of 28 ratings,$45
CGIX,$9.22,1440526835941,"9,228",67% bullish,of 3 ratings,$14.375
CPHC,$10.24,1440526836007,400,100% bearish,of 1 rating,N/A
CPLA,$47.13,1440526836176,"66,636",67% bearish,of 3 ratings,$65
CBF,$28.88,1440526836228,"45,857",Not yet rated,NULL,$32
CCBG,$14.6,1440526836363,"1,917",Not yet rated,NULL,$17.25
CSWC,$44.63,1440526836396,"3,728",Not yet rated,NULL,N/A
CFFN,$11.8,1440526836426,"345,208",Not yet rated,NULL,$12.75
CPLP,$6.6399,1440526836527,"239,313",71% bullish,of 7 ratings,$11
CPTA,$13.42,1440526836566,"49,060",100% bearish,of 1 rating,$18.50
CAPN,$1.7999,1440526836595,"83,852",100% bullish,of 1 rating,$10.85
CBNJ,$10.78,1440526836698,"6,192",100% bullish,of 1 rating,N/A
CAPNW,NULL,1440526836792,0,Not yet rated,NULL,N/A
CARA,$19.3,1440526836821,"198,411",50% bullish,of 4 ratings,$25
CAPR,$4.21,1440526836846,"11,904",Not yet rated,NULL,$12
CPST,$0.3603,1440526836871,"386,639",95% bullish,of 22 ratings,$1.25
CARB,$11,1440526837091,"151,493",75% bullish,of 4 ratings,$12
CRDC,$0.36,1440526837121,"123,633",100% bullish,of 1 rating,$1.25
CBYL,$5.24,1440526837146,"15,368",100% bearish,of 1 rating,$20
CRME,$8.74,1440526837225,"15,880",89% bullish,of 9 ratings,$11.25
CFNL,$21.54,1440526837279,"26,458",Not yet rated,NULL,$24
CATM,$33.58,1440526837304,"90,363",100% bearish,of 1 rating,$44
CDNA,$6.4,1440526837459,"6,195",100% bearish,of 1 rating,$9
CLBH,$12.5196,1440526837669,839,Not yet rated,NULL,$16.50
CARO,$15.25,1440526837703,"3,411",100% bearish,of 1 rating,$19
CTRE,$11.642,1440526837725,"300,513",50% bullish,of 2 ratings,N/A
CKEC,$22.02,1440526837757,"109,814",50% bullish,of 2 ratings,$35.915
CECO,$3.34,1440526837778,"262,918",67% bearish,of 3 ratings,$6
CART,$5.3,1440526837810,830,100% bearish,of 1 rating,N/A
CRZO,$28.6,1440526837944,"603,908",67% bearish,of 3 ratings,$57
CSII,$23.18,1440526838047,"81,589",100% bearish,of 2 ratings,$42.125
CRTN,$2.52,1440526838176,"3,102",100% bearish,of 1 rating,N/A
CARV,$6.7,1440526838206,"24,083",50% bullish,of 2 ratings,N/A
CASM,$1.13,1440526838227,"6,182",100% bullish,of 1 rating,$3.50
TAST,$11.92,1440526838268,"156,670",Not yet rated,NULL,$14.25
CACB,$5.29,1440526838358,"18,042",Not yet rated,NULL,$5.50
CASS,$46.07,1440526838594,"19,711",100% bearish,of 1 rating,N/A
CWST,$5.99,1440526838648,"40,736",50% bullish,of 2 ratings,$7.25
CASI,$1.4648,1440526838678,"7,107",100% bullish,of 1 rating,$3.50
CATB,$11.2504,1440526838732,"3,982",100% bearish,of 1 rating,$28
CATY,$28.38,1440526838781,"324,681",100% bearish,of 1 rating,$33.50
CPRX,$3.365,1440526838810,"441,341",71% bullish,of 7 ratings,$7
CASY,$103.24,1440526838837,"83,644",50% bullish,of 2 ratings,$99.50
CSCD,$14.882,1440526839049,"35,486",100% bullish,of 2 ratings,$17
CVCO,$70.43,1440526839151,"16,321",100% bearish,of 1 rating,N/A
CATYW,$8.26,1440526839186,"1,500",100% bearish,of 1 rating,N/A
CAVM,$64.08,1440526839212,"256,931",67% bearish,of 3 ratings,$72
CNLMR,NULL,1440526839282,0,Not yet rated,NULL,N/A
CBFV,$20.88,1440526839310,"2,990",Not yet rated,NULL,N/A
CNLM,NULL,1440526839339,0,Not yet rated,NULL,N/A
CBOE,$61.28,1440526839559,"147,363",Not yet rated,NULL,$60
CPXX,$2.04,1440526839692,"141,085",100% bullish,of 2 ratings,$7
CNLMW,NULL,1440526839749,0,Not yet rated,NULL,N/A
CDW,$38.47,1440526839797,"419,199",75% bullish,of 4 ratings,$44
CNLMU,$10.37,1440526839829,298,100% bullish,of 1 rating,N/A
CELG,$116.38,1440526839850,"2,907,576",92% bullish,of 13 ratings,$155.50
CDK,$45.915,1440526839925,"270,846",67% bearish,of 3 ratings,$50
CECE,$9.09,1440526839991,"40,244",50% bullish,of 2 ratings,$16
CELGZ,$1.55,1440526840018,"29,266",80% bullish,of 5 ratings,N/A
CLRB,$3.11,1440526840302,"1,800",100% bearish,of 1 rating,N/A
CLDX,$14.36,1440526840352,"1,892,768",89% bullish,of 9 ratings,$36
CBMG,$22.14,1440526840399,"27,146",50% bullish,of 2 ratings,N/A
CLSN,$1.93,1440526840483,"67,384",80% bullish,of 10 ratings,$7.50
CLRBW,NULL,1440526840537,0,Not yet rated,NULL,N/A
CYAD,$51.44,1440526840562,"1,341",100% bullish,of 1 rating,$87.50
CLLS,$29.22,1440526840615,"39,765",75% bullish,of 4 ratings,$51.50
CETX,$2.34,1440526840798,"7,723",Not yet rated,NULL,$5.60
CLDN,$1.03,1440526840830,"88,549",71% bullish,of 7 ratings,$3
CEMP,$34.45,1440526840863,"272,370",71% bullish,of 7 ratings,$52
CLTX,$2.84,1440526840884,"412,145",100% bullish,of 2 ratings,N/A
CETV,$2.01,1440526840930,"24,438",67% bullish,of 3 ratings,$2.80
CSFL,$13.725,1440526840966,"46,411",Not yet rated,NULL,$15
CFBK,NULL,1440526841021,0,Not yet rated,NULL,N/A
CENT,$11.63,1440526841237,"27,084",Not yet rated,NULL,$10
CENX,$4.77,1440526841380,"802,842",67% bullish,of 6 ratings,$9
CVCY,$11.25,1440526841410,6,Not yet rated,NULL,$12
CENTA,$12.27,1440526841432,"177,765",Not yet rated,NULL,N/A
CNBKA,NULL,1440526841514,0,50% bullish,of 2 ratings,N/A
CNTY,$6.0396,1440526841578,"11,011",80% bullish,of 5 ratings,$7.75
CERE,$1.0411,1440526841685,"165,639",88% bullish,of 8 ratings,N/A
CPHD,$47.16,1440526841790,"287,189",50% bullish,of 2 ratings,$66.50
CERU,$3.325,1440526841850,"45,555",75% bullish,of 4 ratings,$15
CERN,$61.55,1440526841878,"771,876",67% bullish,of 3 ratings,$79
CERS,$4.755,1440526841899,"380,396",75% bullish,of 4 ratings,$7
KOOL,$0.6683,1440526842032,"5,954",100% bullish,of 5 ratings,$7
CEVA,$17.67,1440526842131,"42,440",100% bearish,of 1 rating,$25
CRNT,$1.365,1440526842158,"243,072",50% bullish,of 2 ratings,$2
CYOU,$20.14,1440526842223,"66,155",50% bullish,of 6 ratings,$24
HOTRW,NULL,1440526842294,0,Not yet rated,NULL,N/A
HOTR,$1.4799,1440526842319,"206,628",100% bullish,of 2 ratings,$5
CTHR,$1.2101,1440526842557,"1,424",50% bullish,of 2 ratings,$2.50
CHTR,$175.563,1440526842653,"479,882",100% bearish,of 2 ratings,$196
CHEK,$2.66,1440526842748,"6,270",Not yet rated,NULL,$7.75
CHKP,$77.935,1440526842779,"760,888",50% bullish,of 4 ratings,$92
GTLS,$21.67,1440526842804,"97,869",50% bullish,of 4 ratings,$40
CHFN,$12.23,1440526842847,"10,337",Not yet rated,NULL,$14
CHEKW,NULL,1440526842873,0,Not yet rated,NULL,N/A
CCXI,$6.65,1440526843095,"23,247",67% bullish,of 3 ratings,$14
CHMG,$26.275,1440526843199,"2,700",Not yet rated,NULL,$30
CHFC,$30.57,1440526843226,"60,992",100% bearish,of 1 rating,$36
CHKE,$25.54,1440526843252,"11,017",100% bearish,of 1 rating,$32.50
CHMA,$23.49,1440526843308,"64,822",Not yet rated,NULL,$40
CHEV,$14.49,1440526843386,"1,100",Not yet rated,NULL,N/A
CBNK,$16.49,1440526843542,500,100% bearish,of 1 rating,N/A
CADC,$3.1562,1440526843687,200,78% bullish,of 9 ratings,N/A
CALI,$0.959,1440526843748,"5,550",67% bullish,of 3 ratings,N/A
PLCE,$58.46,1440526843777,"422,306",100% bearish,of 1 rating,$71
CMRX,$46.965,1440526843799,"125,995",50% bullish,of 2 ratings,$57
CEMI,$3.8967,1440526843819,"5,050",50% bullish,of 2 ratings,$7.50
CAAS,$5.86,1440526843963,"24,973",93% bullish,of 14 ratings,$11.50
CBAK,$1.7099,1440526844047,"50,308",67% bullish,of 9 ratings,N/A
CCCL,$0.75,1440526844179,"6,045",100% bullish,of 6 ratings,N/A
CCCR,$0.83,1440526844309,"12,500",67% bearish,of 3 ratings,N/A
CBPO,$96.505,1440526844340,"134,200",75% bullish,of 8 ratings,$140.50
JRJC,$3.1,1440526844368,"142,368",82% bullish,of 11 ratings,N/A
HGSH,$1.68,1440526844443,"14,905",67% bullish,of 3 ratings,N/A
CHOP,$1.22,1440526844503,"2,800",50% bullish,of 2 ratings,N/A
CHLN,$2.1101,1440526844635,"25,690",67% bullish,of 3 ratings,N/A
CNIT,$1.36,1440526844683,"73,055",67% bullish,of 6 ratings,N/A
HTHT,$24.14,1440526844827,"34,443",50% bullish,of 2 ratings,$28.40
CREG,$0.6799,1440526844857,"31,363",100% bullish,of 3 ratings,N/A
CHNR,$1.74,1440526844890,"4,104",100% bearish,of 1 rating,N/A
CSUN,$1.442,1440526844994,"16,203",80% bullish,of 5 ratings,N/A
CPGI,$6.8649,1440526845022,206,Not yet rated,NULL,N/A
CJJD,$1.74,1440526845048,"82,071",100% bullish,of 1 rating,N/A
CNTF,$0.8399,1440526845181,"41,234",Not yet rated,NULL,N/A
CXDC,$5.98,1440526845318,"15,361",67% bullish,of 3 ratings,N/A
CNET,$0.8259,1440526845452,"15,953",50% bullish,of 2 ratings,N/A
IMOS,$16.44,1440526845486,"135,260",60% bullish,of 5 ratings,$21.50
CNYD,$3,1440526845512,"10,200",67% bullish,of 3 ratings,N/A
CCIH,$6.51,1440526845555,"174,762",67% bullish,of 6 ratings,$12.65
CHSCL,$26.88,1440526845582,"11,466",Not yet rated,NULL,N/A
CHSCN,$26.31,1440526845644,"11,422",Not yet rated,NULL,N/A
CHSCO,$28,1440526845900,"6,800",Not yet rated,NULL,N/A
CHDN,$132.5,1440526845938,"17,838",Not yet rated,NULL,$165
CHUY,$30.865,1440526846004,"112,696",50% bullish,of 2 ratings,$34
CDTX,$14.15,1440526846032,"6,904",Not yet rated,NULL,$22
CHSCM,$25.63,1440526846053,"18,975",Not yet rated,NULL,N/A
CIFC,$7.1,1440526846084,200,100% bearish,of 1 rating,N/A
CHSCP,$30.39,1440526846109,"2,698",Not yet rated,NULL,N/A
CMPR,$67.9,1440526846415,"189,303",50% bullish,of 2 ratings,$72.50
CTAS,$83.06,1440526846485,"187,066",100% bearish,of 1 rating,$91
CPHR,$5.88,1440526846510,"5,479",100% bearish,of 1 rating,$17
CMCT,$15.33,1440526846538,714,100% bearish,of 1 rating,N/A
CRUS,$27.35,1440526846568,"469,010",75% bullish,of 12 ratings,$44.50
CINF,$51.99,1440526846593,"366,399",50% bullish,of 4 ratings,$50.50
CSCO,$25.26,1440526846780,"11,630,701",84% bullish,of 208 ratings,$32
CIDM,$0.6042,1440526846915,"80,356",50% bullish,of 2 ratings,$2.10
CTRN,$27.3,1440526846992,"70,808",100% bearish,of 1 rating,$31.50
CZWI,$8.89,1440526847047,301,Not yet rated,NULL,N/A
CZNC,$19.51,1440526847179,"23,797",Not yet rated,NULL,N/A
CTXS,$68.05,1440526847225,"841,307",86% bullish,of 7 ratings,$80
CIZN,$19.54,1440526847274,"1,060",Not yet rated,NULL,N/A
CZFC,NULL,1440526847302,0,Not yet rated,NULL,N/A
CHCO,$46.19,1440526847405,"26,221",Not yet rated,NULL,$46
CDTI,$1.555,1440526847492,"85,168",75% bullish,of 4 ratings,$3.20
CIVBP,NULL,1440526847517,0,Not yet rated,NULL,N/A
CIVB,$10.04,1440526847560,"2,295",Not yet rated,NULL,$11
CLNT,$1.39,1440526847650,"48,571",75% bullish,of 8 ratings,N/A
CLNE,$4.19,1440526847678,"614,624",80% bullish,of 15 ratings,$9
CLFD,$16.78,1440526847705,"17,875",67% bullish,of 3 ratings,$18
CLRO,$11.47,1440526847874,"4,751",50% bullish,of 2 ratings,$14.25
CLIR,$4.7314,1440526848078,"8,600",100% bullish,of 3 ratings,N/A
CLVS,$69.74,1440526848155,"435,280",60% bullish,of 5 ratings,$101.50
CSBK,$13.65,1440526848188,"59,099",Not yet rated,NULL,N/A
CBLI,$3.705,1440526848235,"19,828",60% bullish,of 5 ratings,N/A
CCNE,$16.48,1440526848287,"2,800",50% bullish,of 2 ratings,$21.50
CMFN,$11.34,1440526848312,"8,350",100% bearish,of 1 rating,$15.50
CISG,$7.35,1440526848340,"122,316",100% bullish,of 5 ratings,$10
CNV,$4.45,1440526848365,"14,742",50% bullish,of 2 ratings,$7.15
CWAY,$11.21,1440526848514,700,Not yet rated,NULL,N/A
COBZ,$12.67,1440526848624,"74,352",100% bullish,of 1 rating,$14
CME,$91.0899,1440526848650,"752,493",67% bullish,of 3 ratings,$102
COKE,$161.07,1440526848787,"9,199",79% bullish,of 19 ratings,N/A
CVLY,$20.35,1440526848921,"3,402",Not yet rated,NULL,N/A
CDXS,$3.59,1440526848949,"25,502",64% bullish,of 11 ratings,$6
CDRB,$10.24,1440526849087,"8,755",67% bullish,of 3 ratings,N/A
JVA,$4.46,1440526849115,"10,182",83% bullish,of 6 ratings,$7
CGNT,$1.5801,1440526849147,"33,670",100% bullish,of 2 ratings,$2
CCOI,$27.61,1440526849249,"131,895",50% bullish,of 4 ratings,$35
CTSH,$60.99,1440526849274,"1,909,700",90% bullish,of 10 ratings,$75
CGNX,$34.135,1440526849435,"697,967",50% bullish,of 2 ratings,$47
COHR,$55.54,1440526849579,"63,354",50% bullish,of 2 ratings,$72
CLCT,$18.405,1440526849609,"9,377",100% bearish,of 1 rating,N/A
CHRS,$28,1440526849705,"112,178",67% bearish,of 3 ratings,$37
CLRX,$0.545,1440526849780,"40,123",50% bullish,of 2 ratings,N/A
COHU,$9.45,1440526849801,"46,825",100% bearish,of 1 rating,$14.25
CIGI,$42.35,1440526849888,"7,614",100% bearish,of 1 rating,$52
COLL,$14.5,1440526849993,"31,950",100% bearish,of 1 rating,$26
CBAN,$8.89,1440526850057,"1,000",Not yet rated,NULL,N/A
CLCD,$6.6,1440526850154,"61,970",100% bearish,of 1 rating,$20.50
COLB,$29.3,1440526850190,"71,895",Not yet rated,NULL,$36
CMCO,$18.04,1440526850290,"15,977",60% bullish,of 5 ratings,$28
CBMX,$1.15,1440526850318,"33,289",83% bullish,of 6 ratings,$3.15
COLM,$59.75,1440526850346,"40,760",100% bearish,of 1 rating,$71
CMCSA,$55.11,1440526850398,"5,042,879",66% bullish,of 35 ratings,$69.50
CMCSK,$55.54,1440526850489,"1,487,528",Not yet rated,NULL,$84
CBSH,$43.43,1440526850660,"197,329",50% bullish,of 2 ratings,$46
CUBN,NULL,1440526850791,0,Not yet rated,NULL,N/A
CBSHP,$25.2129,1440526850822,"1,285",100% bearish,of 1 rating,N/A
CVGI,$4.53,1440526850872,"47,378",50% bullish,of 2 ratings,$6
CSAL,$19.9,1440526850925,"214,979",75% bullish,of 4 ratings,$30
COMM,$28.5,1440526851018,"341,268",67% bearish,of 3 ratings,$35
JCS,$8.5,1440526851043,"6,726",67% bullish,of 3 ratings,N/A
ESXB,$5,1440526851090,"70,563",Not yet rated,NULL,N/A
CYHHZ,$0.01,1440526851288,"302,433",100% bullish,of 1 rating,N/A
CTBI,$34.25,1440526851351,"17,172",Not yet rated,NULL,$36
CVLT,$35,1440526851385,"190,559",75% bullish,of 4 ratings,$44.50
COB,$10.26,1440526851416,"2,932",100% bullish,of 1 rating,$11.75
CWBC,NULL,1440526851442,0,Not yet rated,NULL,N/A
CIZ,$33.05,1440526851474,"3,061",100% bearish,of 1 rating,N/A
CIL,$33.3,1440526851576,200,Not yet rated,NULL,N/A
CID,$33.19,1440526852098,200,Not yet rated,NULL,N/A
CSF,$35.86,1440526852124,"2,548",100% bearish,of 1 rating,N/A
CSA,$32.64,1440526852151,400,Not yet rated,NULL,N/A
CFO,$34.6521,1440526852176,"28,372",100% bearish,of 1 rating,N/A
CDC,$33.85,1440526852201,"43,774",Not yet rated,NULL,N/A
CFA,$34.7801,1440526852331,589,100% bearish,of 1 rating,N/A
CDL,NULL,1440526852356,0,Not yet rated,NULL,N/A
CSB,$32.18,1440526852422,525,Not yet rated,NULL,N/A
SCOR,$54.69,1440526852594,"221,922",100% bearish,of 1 rating,$66
CGEN,$4.95,1440526852629,"125,949",50% bullish,of 2 ratings,$11
CPSI,$45,1440526852658,"50,374",100% bearish,of 1 rating,$45.50
CHCI,$0.6542,1440526852816,"5,658",50% bullish,of 2 ratings,N/A
CMTL,$26.02,1440526852879,"15,304",100% bearish,of 2 ratings,$37
CNSI,$18.4,1440526852906,"68,496",100% bearish,of 2 ratings,$29
CTG,$6.41,1440526852931,"14,441",100% bearish,of 1 rating,$8.50
CNCE,$15.36,1440526853207,"101,847",75% bullish,of 4 ratings,$22
CNAT,$3.6,1440526853239,"37,644",83% bullish,of 6 ratings,$13
CCUR,$5.18,1440526853297,"9,756",75% bullish,of 4 ratings,N/A
CXRX,$69.3,1440526853336,400,100% bearish,of 1 rating,$90
CDORP,$6.3,1440526853432,"2,008",100% bearish,of 1 rating,N/A
CDORO,$16.6,1440526853462,150,100% bearish,of 1 rating,N/A
CDOR,$1.3,1440526853487,"1,650",100% bullish,of 1 rating,N/A
CFMS,$20.01,1440526853534,"118,732",Not yet rated,NULL,$27
CNFR,$10.35,1440526853670,"17,100",Not yet rated,NULL,N/A
CNMD,$52.74,1440526853850,"47,922",Not yet rated,NULL,$59
CNOB,$19.027,1440526853935,"43,584",100% bullish,of 1 rating,$23.50
CTWS,$34.52,1440526853961,"11,415",100% bearish,of 1 rating,$44
CONN,$30.65,1440526854091,"127,224",67% bullish,of 3 ratings,$48.50
CNSL,$18.95,1440526854117,"102,076",100% bearish,of 1 rating,$23
CNXR,$6.54,1440526854247,"25,324",100% bearish,of 1 rating,$12
CPSS,$5.48,1440526854273,"56,538",100% bullish,of 1 rating,$10
CWCO,$10.11,1440526854298,"34,800",67% bullish,of 3 ratings,$14.50
CTCT,$23.9,1440526854525,"188,102",67% bullish,of 3 ratings,$37
CFRXZ,$0.46,1440526854572,550,Not yet rated,NULL,N/A
CFRX,$5.1148,1440526854606,"6,139",Not yet rated,NULL,$14
CTRL,$7.89,1440526854636,"53,317",50% bullish,of 2 ratings,$11
CFRXW,$1.9,1440526854703,"6,066",100% bearish,of 1 rating,N/A
CTRV,$3.85,1440526854732,"6,899",Not yet rated,NULL,$6.40
CPRT,$33.9982,1440526854835,"137,887",67% bearish,of 3 ratings,$40
CORT,$4.525,1440526855075,"133,927",67% bullish,of 3 ratings,$12
BVA,$3.51,1440526855133,100,50% bullish,of 2 ratings,N/A
CRBP,$1.8201,1440526855201,"279,681",100% bullish,of 2 ratings,$6.25
CORI,$10.36,1440526855229,"39,032",100% bearish,of 1 rating,$18
CORE,$60.46,1440526855260,"35,713",100% bearish,of 1 rating,$72
COSI,$1.04,1440526855405,"141,355",100% bullish,of 1 rating,N/A
CRVL,$31.15,1440526855501,"26,587",100% bearish,of 1 rating,N/A
CSGP,$172.8725,1440526855538,"63,887",50% bullish,of 2 ratings,$235
CSOD,$34.65,1440526855579,"277,805",50% bullish,of 2 ratings,$42
COST,$136.33,1440526855606,"1,686,097",79% bullish,of 24 ratings,$154.50
CPAH,$0.4501,1440526855670,"1,500",50% bullish,of 2 ratings,N/A
ICBK,$17.99,1440526855806,400,Not yet rated,NULL,$21
CVTI,$21.801,1440526855854,"91,174",67% bearish,of 3 ratings,$39
COWNL,$27.0999,1440526856014,"1,930",Not yet rated,NULL,N/A
COWN,$5.095,1440526856057,"375,359",75% bullish,of 4 ratings,$7
COVS,$2.605,1440526856085,"42,001",67% bullish,of 3 ratings,N/A
CPSH,$2.0501,1440526856110,"5,800",Not yet rated,NULL,N/A
CBRL,$140.21,1440526856274,"245,511",50% bullish,of 2 ratings,$155
CRAI,$21.66,1440526856299,"11,453",100% bearish,of 1 rating,$36
BREW,$7.225,1440526856324,"60,478",67% bullish,of 6 ratings,$15
CRAY,$19.92,1440526856478,"100,999",83% bullish,of 6 ratings,$38.50
CACC,$191.6613,1440526856505,"47,360",50% bullish,of 2 ratings,$158.50
GLDI,$11.05,1440526856575,"14,747",100% bearish,of 1 rating,N/A
SLVO,$10.045,1440526856645,"8,182",100% bearish,of 1 rating,N/A
CREE,$26.17,1440526856709,"730,678",65% bullish,of 17 ratings,$29.50
CRESY,$9.64,1440526856735,"28,783",100% bearish,of 1 rating,$19
CRTO,$42.8629,1440526856865,"192,464",67% bullish,of 6 ratings,$64
CCRN,$13.65,1440526856995,"114,416",100% bearish,of 1 rating,$14.25
CROX,$13.625,1440526857023,"218,487",63% bullish,of 8 ratings,$16.50
CRWS,$7.89,1440526857048,"15,240",Not yet rated,NULL,$10
CRDS,$1.03,1440526857075,"36,197",50% bullish,of 4 ratings,$4.50
CRWN,$4.49,1440526857270,"36,157",75% bullish,of 4 ratings,N/A
CYRXW,$0.9001,1440526857415,500,Not yet rated,NULL,N/A
CSGS,$30.31,1440526857443,"66,157",Not yet rated,NULL,$40
CCLP,$13.2289,1440526857484,"93,414",67% bearish,of 3 ratings,$20
CTCM,$1.7,1440526857573,"154,469",80% bearish,of 5 ratings,$3.90
CYRX,$2.84,1440526857599,"14,742",Not yet rated,NULL,$9
CSPI,$5.87,1440526857628,317,67% bullish,of 3 ratings,N/A
CTIC,$1.63,1440526857677,"472,418",84% bullish,of 76 ratings,$5.75
CUNB,$21.07,1440526857922,"5,969",Not yet rated,NULL,$24.50
CTIB,$3.55,1440526857949,400,100% bearish,of 1 rating,N/A
CPIX,$5.88,1440526858077,"3,933",Not yet rated,NULL,N/A
CTRP,$64.65,1440526858108,"1,667,910",75% bullish,of 8 ratings,$92
CUTR,$14.21,1440526858204,"25,535",67% bearish,of 3 ratings,$18
CUI,$5.11,1440526858234,"70,800",50% bullish,of 2 ratings,$10
CRIS,$2.44,1440526858303,"184,889",100% bullish,of 8 ratings,$6
CMLS,$1.3,1440526858330,"304,421",50% bullish,of 4 ratings,$6
CYBR,$49.09,1440526858475,"991,985",86% bullish,of 7 ratings,$66
CVV,$10.8601,1440526858500,"5,893",100% bullish,of 5 ratings,N/A
CVBF,$15.66,1440526858581,"204,994",Not yet rated,NULL,$18
CYAN,$6.92,1440526858688,200,100% bearish,of 1 rating,N/A
CYBE,$5.82,1440526858716,"4,556",100% bearish,of 1 rating,N/A
CYBX,$64.815,1440526858741,"111,509",50% bullish,of 4 ratings,$71.50
CYCC,$0.56,1440526858766,"27,038",73% bullish,of 11 ratings,N/A
CYCCP,NULL,1440526858945,0,100% bearish,of 1 rating,N/A
CBAY,$2.65,1440526859050,"38,744",100% bullish,of 1 rating,$4
CYNO,$31.69,1440526859124,"78,153",67% bearish,of 3 ratings,$45.50
CYNA,$16.25,1440526859155,"11,851",100% bullish,of 1 rating,$31.50
CYRN,$1.71,1440526859227,"52,276",67% bullish,of 3 ratings,$4
CONE,$31.535,1440526859255,"210,668",67% bearish,of 3 ratings,$35
CY,$9.015,1440526859284,"3,051,843",80% bullish,of 10 ratings,$15.50
CYTK,$6.69,1440526859386,"90,883",71% bullish,of 14 ratings,$13.50
CYTX,$0.3552,1440526859519,"524,276",83% bullish,of 12 ratings,$5.50
CYTR,$2.105,1440526859547,"520,553",67% bullish,of 6 ratings,$10
CTSO,$6.5204,1440526859702,"32,990",Not yet rated,NULL,$15.625
TVIZ,$17.55,1440526859729,"10,340",100% bearish,of 1 rating,N/A
TVIX,$11.317,1440526859750,"13,164,874",81% bullish,of 16 ratings,N/A
DAEG,$0.3101,1440526859807,"5,841",100% bearish,of 1 rating,N/A
ZIV,$41.461,1440526860018,"79,759",Not yet rated,NULL,N/A
XIV,$29.2332,1440526860044,"19,615,924",75% bearish,of 4 ratings,N/A
DJCO,NULL,1440526860303,0,Not yet rated,NULL,N/A
DAIO,$2.6064,1440526860332,"8,624",Not yet rated,NULL,N/A
DARA,$0.8417,1440526860379,"49,927",83% bullish,of 6 ratings,$1.50
DAKT,$9.21,1440526860408,"460,456",50% bullish,of 2 ratings,$14
DRAM,$1.149,1440526860463,"37,104",78% bullish,of 9 ratings,N/A
DTLK,$5.37,1440526860489,"31,481",100% bearish,of 1 rating,$9
DWCH,$4.84,1440526860539,"7,332",75% bullish,of 4 ratings,$8.25
PLAY,$32.9,1440526860694,"107,183",100% bullish,of 5 ratings,$42
DTEA,$13.09,1440526860800,"54,935",100% bearish,of 2 ratings,$24
DBVT,$37.81,1440526860951,"52,872",100% bearish,of 1 rating,$53
DWSN,$4.315,1440526861025,"8,950",67% bullish,of 3 ratings,$6
TRAK,$62.87,1440526861050,"422,455",50% bullish,of 2 ratings,$62.50
DHRM,$1.48,1440526861098,"29,873",Not yet rated,NULL,N/A
DFRG,$14.25,1440526861127,"124,490",100% bearish,of 1 rating,$20
TACOW,$3.9,1440526861231,"1,825",100% bullish,of 1 rating,N/A
DGAS,$20.23,1440526861295,"22,686",67% bearish,of 3 ratings,N/A
TACO,$12.79,1440526861321,"137,321",75% bullish,of 4 ratings,$20
DCTH,$0.4383,1440526861401,"57,930",78% bullish,of 9 ratings,N/A
DELTW,NULL,1440526861578,0,Not yet rated,NULL,N/A
XRAY,$52.22,1440526861667,"202,876",100% bullish,of 1 rating,$58
DELT,$2.59,1440526861694,750,Not yet rated,NULL,N/A
DEPO,$28.29,1440526861770,"439,733",60% bullish,of 5 ratings,$29
DENN,$11.4,1440526861795,"120,464",100% bullish,of 3 ratings,$15
DSCI,$6.02,1440526861952,"17,574",50% bullish,of 2 ratings,$16
DEST,$11.36,1440526862049,"35,689",50% bullish,of 2 ratings,N/A
DERM,$24.5901,1440526862080,"61,830",100% bearish,of 1 rating,$33.50
DXLG,$4.38,1440526862109,"44,947",100% bearish,of 1 rating,$8
DXCM,$90.92,1440526862179,"533,427",57% bullish,of 7 ratings,$98
DXM,$0.29,1440526862251,"92,024",50% bullish,of 2 ratings,N/A
DSWL,$1.75,1440526862317,"1,000",100% bullish,of 1 rating,N/A
DHXM,NULL,1440526862393,0,Not yet rated,NULL,N/A
DMND,$28.94,1440526862524,"68,017",75% bullish,of 12 ratings,$32
DHIL,$189.3379,1440526862658,500,Not yet rated,NULL,N/A
FANG,$61.935,1440526862708,"429,072",50% bullish,of 2 ratings,$86.50
DCIX,$1.6401,1440526862814,"23,958",50% bullish,of 4 ratings,$3.50
DGII,$9.55,1440526862861,"11,987",100% bearish,of 1 rating,$10
DMRC,$34.5,1440526862944,"49,388",100% bearish,of 1 rating,$44
DRNA,$10.325,1440526863006,"34,705",67% bearish,of 3 ratings,$25
DGLY,$6.76,1440526863139,"114,782",50% bullish,of 6 ratings,$20
DRAD,$3.65,1440526863309,"13,267",100% bullish,of 1 rating,$5.25
APPS,$2.28,1440526863339,"36,076",100% bearish,of 1 rating,$10.25
DPRX,$12.735,1440526863418,"12,644",100% bullish,of 2 ratings,$27.75
DIOD,$19.22,1440526863447,"93,353",75% bearish,of 4 ratings,$24
DISCA,$26.13,1440526863487,"2,521,125",67% bullish,of 3 ratings,$34
DCOM,$16.4,1440526863546,"36,656",100% bearish,of 2 ratings,$16.50
DSCO,$0.4,1440526863882,"157,995",83% bullish,of 6 ratings,$2.75
DISCK,$24.6,1440526863904,"1,031,687",100% bearish,of 1 rating,$32
DISCB,$26,1440526863943,200,100% bearish,of 1 rating,$35
DISH,$59.42,1440526863980,"400,291",69% bullish,of 13 ratings,$73
BAGR,$2.76,1440526864041,"26,404",100% bearish,of 1 rating,$6
DVCR,$11.2499,1440526864063,"7,600",100% bullish,of 1 rating,N/A
DLHC,$2.3593,1440526864144,"2,130",100% bearish,of 1 rating,N/A
DLTR,$75.06,1440526864192,"741,338",82% bullish,of 11 ratings,$88
DNBF,$26.3,1440526864291,"2,745",Not yet rated,NULL,$27.50
DGICA,$14.085,1440526864395,"4,771",100% bearish,of 1 rating,$17
DGICB,NULL,1440526864530,0,100% bearish,of 1 rating,N/A
DMLP,$13.66,1440526864559,"17,583",100% bearish,of 1 rating,N/A
DORM,$50.046,1440526864661,"98,006",100% bearish,of 1 rating,$56
HILL,$9.665,1440526864704,"1,053,270",60% bearish,of 5 ratings,$9.75
DRWIW,$0.0474,1440526864757,117,Not yet rated,NULL,N/A
DRWI,$0.23,1440526864787,"215,861",60% bullish,of 5 ratings,$.45
DWA,$19.53,1440526864812,"485,715",63% bullish,of 8 ratings,$26
DRYS,$0.3575,1440526864980,"2,975,099",77% bullish,of 31 ratings,$.60
DSKX,$2.902,1440526865044,"162,798",100% bullish,of 1 rating,N/A
DSPG,$8.3599,1440526865086,"68,448",100% bearish,of 1 rating,$13.50
CADT,NULL,1440526865147,0,Not yet rated,NULL,N/A
CADTR,NULL,1440526865171,0,Not yet rated,NULL,N/A
CADTU,NULL,1440526865238,0,Not yet rated,NULL,N/A
CADTW,NULL,1440526865407,0,Not yet rated,NULL,N/A
DTSI,$25.75,1440526865551,"89,758",100% bearish,of 2 ratings,$39.50
DNKN,$50.63,1440526865598,"588,913",67% bullish,of 15 ratings,$56.50
DXPE,$27.7566,1440526865629,"73,700",50% bullish,of 2 ratings,N/A
DRRX,$1.955,1440526865657,"74,159",50% bullish,of 6 ratings,$3
DYAX,$22.27,1440526865729,"319,119",89% bullish,of 9 ratings,$30
DYNT,$2.9035,1440526865827,"5,209",75% bullish,of 4 ratings,N/A
BOOM,$9.41,1440526865874,"31,405",67% bullish,of 3 ratings,$12
DYSL,$1.5,1440526865959,"20,400",100% bullish,of 2 ratings,N/A
DVAX,$26.312,1440526866019,"187,865",70% bullish,of 10 ratings,$40
ETFC,$25.09,1440526866091,"1,519,944",57% bullish,of 14 ratings,$33
EGBN,$41.1701,1440526866575,"81,449",Not yet rated,NULL,$48
EBMT,$11.325,1440526866603,"10,714",Not yet rated,NULL,$13.50
EGRX,$71.89,1440526866645,"216,160",67% bullish,of 3 ratings,$97
EROC,$1.2,1440526866704,"235,518",50% bullish,of 2 ratings,$3
ELNK,$8.19,1440526866835,"308,304",60% bullish,of 5 ratings,$9.50
EGLE,$6.03,1440526866919,"6,511",60% bullish,of 5 ratings,N/A
EML,$16.2301,1440526866982,"6,936",Not yet rated,NULL,N/A
EACQU,$10.2,1440526867012,400,Not yet rated,NULL,N/A
EVBS,$6.4501,1440526867034,"6,603",Not yet rated,NULL,$7
EWBC,$38.39,1440526867067,"878,535",100% bearish,of 1 rating,$50
EBIX,$26.4297,1440526867122,"161,951",69% bullish,of 13 ratings,$40
EBAY,$25.75,1440526867198,"6,686,979",81% bullish,of 117 ratings,$48
ELON,$0.54,1440526867294,"76,298",50% bullish,of 2 ratings,N/A
ECHO,$23.74,1440526867374,"211,801",67% bearish,of 3 ratings,$35.50
SATS,$42.443,1440526867403,"70,365",50% bullish,of 2 ratings,$60
ECTE,$1.45,1440526867545,"14,954",75% bullish,of 4 ratings,N/A
ECACU,NULL,1440526867788,0,Not yet rated,NULL,N/A
EDGW,$6.79,1440526867818,"2,704",100% bearish,of 1 rating,N/A
EEI,$11.0001,1440526867848,"7,708",67% bearish,of 3 ratings,N/A
EDAP,$3.35,1440526867877,"48,402",60% bullish,of 5 ratings,$4.50
EHTH,$13.4001,1440526867919,"36,824",50% bullish,of 4 ratings,$16.50
ESES,$3.2,1440526867950,"27,811",100% bearish,of 1 rating,$7
EDUC,$4.988,1440526868011,"7,748",100% bearish,of 1 rating,N/A
EGLT,$10.99,1440526868045,"46,289",50% bullish,of 2 ratings,$21
EFUT,$4.03,1440526868183,850,Not yet rated,NULL,N/A
LOCO,$12.5701,1440526868285,"900,649",69% bullish,of 13 ratings,$20
EGAN,$3.3,1440526868312,"29,100",50% bullish,of 2 ratings,$6.25
ESLT,$77.7,1440526868443,"8,068",67% bullish,of 3 ratings,N/A
EMITF,$1.25,1440526868470,"12,918",75% bullish,of 4 ratings,N/A
ERI,$9.2,1440526868621,"24,855",100% bearish,of 1 rating,$10
ELRC,$10.3,1440526868670,"20,144",100% bearish,of 1 rating,N/A
ESIO,$4.39,1440526868718,"41,800",50% bullish,of 2 ratings,$10
EA,$65.11,1440526868748,"2,102,946",77% bullish,of 35 ratings,$80
ELECU,NULL,1440526869043,0,Not yet rated,NULL,N/A
ELSE,$3.8801,1440526869086,200,60% bullish,of 5 ratings,N/A
ELECW,NULL,1440526869124,0,Not yet rated,NULL,N/A
EFII,$43.58,1440526869145,"144,831",80% bullish,of 5 ratings,$55
EBIO,$3.3799,1440526869174,"77,649",100% bearish,of 2 ratings,$8.35
RDEN,$10.03,1440526869206,"27,410",100% bearish,of 4 ratings,$15
ELEC,NULL,1440526869230,0,Not yet rated,NULL,N/A
CAPX,$22.15,1440526869584,200,Not yet rated,NULL,N/A
ESBK,$19.515,1440526869611,600,Not yet rated,NULL,N/A
LONG,$16.08,1440526869632,"151,959",67% bullish,of 3 ratings,$15.75
EMCI,$22.14,1440526869664,"6,521",Not yet rated,NULL,N/A
ELTK,$1.08,1440526869686,"1,230",67% bearish,of 3 ratings,N/A
EMMS,$1.1,1440526869835,"26,394",67% bullish,of 6 ratings,N/A
EMCF,NULL,1440526869873,0,100% bearish,of 1 rating,N/A
EMKR,$6.91,1440526869903,"51,299",75% bullish,of 4 ratings,$8.50
ENTA,$40.69,1440526870003,"65,277",50% bullish,of 2 ratings,$42
NYNY,$4.05,1440526870029,"22,778",50% bullish,of 2 ratings,N/A
EMMSP,NULL,1440526870055,0,100% bearish,of 1 rating,N/A
ERS,$2.8101,1440526870085,"3,758",Not yet rated,NULL,N/A
WIRE,$31.155,1440526870211,"68,631",100% bearish,of 1 rating,$37
ENDP,$75.8,1440526870243,"991,617",50% bullish,of 6 ratings,$104
ECPG,$38.63,1440526870348,"79,399",100% bullish,of 2 ratings,$52
ECYT,$4.9001,1440526870456,"143,469",83% bullish,of 6 ratings,$12
EIGI,$15.3,1440526870521,"440,004",67% bearish,of 3 ratings,$22.50
ELGX,$12.56,1440526870619,"352,900",75% bullish,of 4 ratings,$17
EFOI,$17.0001,1440526870723,"429,881",50% bullish,of 2 ratings,$20.50
ERII,$2.895,1440526870768,"36,713",80% bullish,of 5 ratings,$2.50
WATT,$5.73,1440526870800,"151,985",50% bullish,of 2 ratings,$13
EXXI,$1.34,1440526870907,"702,978",86% bullish,of 7 ratings,$3.50
ENG,$0.98,1440526870942,"46,578",100% bullish,of 3 ratings,N/A
ENOC,$8.22,1440526870968,"142,534",75% bullish,of 4 ratings,$18
ESGR,$147,1440526871124,"14,308",100% bearish,of 1 rating,$185
ENPH,$4.46,1440526871151,"460,545",75% bullish,of 4 ratings,$11
ENTG,$13.26,1440526871177,"210,498",100% bearish,of 1 rating,$18
ENFC,$17.99,1440526871230,"3,800",Not yet rated,NULL,N/A
ETRM,$0.2703,1440526871417,"2,175,715",69% bearish,of 35 ratings,$1.625
ENTL,$21.14,1440526871457,"9,174",Not yet rated,NULL,$28
EBTC,$20.91,1440526871515,600,Not yet rated,NULL,N/A
EFSC,$23.82,1440526871641,"26,562",Not yet rated,NULL,$27
EGT,$1.82,1440526871718,"4,343",100% bullish,of 1 rating,N/A
ENVI,$1.82,1440526871744,"7,429",67% bullish,of 3 ratings,N/A
ENZY,$9.15,1440526871878,"8,670",67% bullish,of 3 ratings,$9.50
ENZN,$0.9639,1440526871982,"438,228",100% bullish,of 9 ratings,N/A
EPRS,$4.98,1440526872133,"29,238",82% bullish,of 11 ratings,$15
EPZM,$17.9,1440526872166,"189,227",60% bullish,of 5 ratings,$34
EPIQ,$12.88,1440526872187,"23,047",100% bearish,of 1 rating,$18
PLUS,$74.01,1440526872221,"51,918",50% bullish,of 2 ratings,$88
EQFN,NULL,1440526872268,0,100% bearish,of 1 rating,N/A
EQIX,$260.13,1440526872320,"283,386",75% bullish,of 4 ratings,$312.50
EAC,$3.27,1440526872511,"16,507",100% bearish,of 1 rating,$8
ERIC,$9.57,1440526872618,"1,215,415",63% bullish,of 8 ratings,$12.20
ESCA,$17,1440526872648,"4,084",100% bearish,of 1 rating,$22
ERIE,$81.93,1440526872750,"31,346",Not yet rated,NULL,$73
ESCR,$0.1799,1440526872775,"36,657",50% bullish,of 2 ratings,N/A
ESCRP,$1.22,1440526872833,400,100% bearish,of 1 rating,N/A
ESPR,$52.53,1440526873157,"360,581",70% bearish,of 10 ratings,$123
ESMC,NULL,1440526873195,0,Not yet rated,NULL,N/A
ESSX,$0.412,1440526873289,"53,981",50% bullish,of 2 ratings,N/A
ESSA,$12.65,1440526873322,"2,450",100% bearish,of 1 rating,N/A
ETSY,$13.03,1440526873343,"312,838",80% bullish,of 5 ratings,$16
EPIX,NULL,1440526873378,0,Not yet rated,NULL,N/A
CLWT,$2.5,1440526873399,306,100% bearish,of 1 rating,N/A
ESND,$33.6,1440526873477,"43,034",100% bearish,of 2 ratings,$40
EVK,NULL,1440526873764,0,75% bearish,of 4 ratings,N/A
ESEA,$5.5501,1440526873791,"1,500",100% bullish,of 1 rating,$15
EEFT,$63.48,1440526873812,"92,507",100% bearish,of 1 rating,$67.50
EVEP,$7.125,1440526873868,"183,832",50% bullish,of 2 ratings,$15
EVLV,$2.03,1440526873952,"120,212",60% bullish,of 5 ratings,$6.50
EXAC,$17.9,1440526874083,"26,004",100% bearish,of 1 rating,$22.50
EVOK,$3.7989,1440526874111,"34,636",100% bearish,of 1 rating,$13.375
EXA,$10.74,1440526874308,"3,900",100% bearish,of 1 rating,$13
EXAS,$20.36,1440526874333,"591,844",78% bullish,of 9 ratings,$31
EXEL,$5.3,1440526874407,"2,523,590",81% bullish,of 16 ratings,$6
EXPE,$112.33,1440526874444,"521,696",64% bullish,of 11 ratings,$130
EXFO,$2.56,1440526874474,"15,052",67% bearish,of 3 ratings,$3.95
EVOL,$5.94,1440526874542,"13,201",75% bullish,of 4 ratings,$10
EXLS,$35.26,1440526874570,"64,802",50% bullish,of 2 ratings,$41
EXPD,$47.89,1440526874706,"729,351",80% bullish,of 5 ratings,$51.50
EXPO,$41.21,1440526874840,"21,155",100% bearish,of 1 rating,$45.50
EXTR,$2.73,1440526875045,"234,013",80% bullish,of 5 ratings,$3
EXLP,$18.19,1440526875075,"114,164",100% bearish,of 1 rating,$25
FFIV,$120.1,1440526875143,"350,197",63% bullish,of 8 ratings,$132
EYEG,$3.96,1440526875171,"21,900",Not yet rated,NULL,N/A
ESRX,$83.175,1440526875199,"1,875,457",67% bearish,of 6 ratings,$101
EYEGW,NULL,1440526875226,0,Not yet rated,NULL,N/A
EZCH,$21.2215,1440526875254,"30,869",75% bullish,of 8 ratings,$19.50
EZPW,$5.85,1440526875477,"171,671",50% bullish,of 4 ratings,$7.50
FB,$85.3111,1440526875582,"22,443,429",73% bullish,of 1066 ratings,$111
FRP,$15.51,1440526875614,"29,851",100% bearish,of 1 rating,$18
FCS,$12.86,1440526875750,"271,903",67% bearish,of 3 ratings,$17
FWM,$2.4212,1440526875776,"206,719",100% bearish,of 2 ratings,$3.20
FALC,$1.51,1440526875907,"29,979",63% bearish,of 8 ratings,N/A
DAVE,$13.98,1440526875953,"7,607",100% bearish,of 1 rating,$15.50
FARM,$21.64,1440526875978,"17,535",100% bearish,of 1 rating,$35
FARO,$37.51,1440526876040,"64,554",50% bullish,of 2 ratings,$48
FFKT,$25.79,1440526876067,"5,529",Not yet rated,NULL,$29
FMNB,$8,1440526876112,"5,100",Not yet rated,NULL,N/A
FBSS,$15.92,1440526876147,"1,615",Not yet rated,NULL,N/A
FAST,$37.5,1440526876168,"2,004,595",80% bullish,of 5 ratings,$45.50
FATE,$6.1562,1440526876534,"21,797",50% bullish,of 2 ratings,$11
FBRC,$21.55,1440526876564,"10,538",100% bearish,of 1 rating,$29
FDML,$8.59,1440526876664,"113,986",50% bullish,of 4 ratings,$14
FEIC,$73.8,1440526876734,"117,082",50% bullish,of 2 ratings,$95.50
FNHC,$21.63,1440526876761,"27,824",100% bearish,of 1 rating,$35
FCSC,$5.53,1440526876791,"130,043",100% bearish,of 1 rating,$8.125
FHCO,$1.3699,1440526876895,"37,901",50% bullish,of 4 ratings,N/A
FGEN,$22.89,1440526876931,"137,573",100% bearish,of 1 rating,$39
ONEQ,$181.28,1440526876956,"37,763",100% bullish,of 1 rating,N/A
FENX,$9.52,1440526876998,"44,067",100% bullish,of 1 rating,$14.25
LION,$18.2356,1440526877200,"53,298",100% bullish,of 1 rating,$20
FSAM,$8.56,1440526877230,"4,716",100% bearish,of 1 rating,$11
FRGI,$51.35,1440526877261,"67,028",50% bullish,of 2 ratings,$70
FSCFL,$24.7999,1440526877358,"2,821",Not yet rated,NULL,N/A
FSC,$6.21,1440526877444,"625,492",75% bullish,of 4 ratings,$8
FDUS,$13.5899,1440526877490,"28,409",50% bullish,of 2 ratings,$18
FITB,$18.74,1440526877718,"3,241,084",54% bullish,of 13 ratings,$22
FITBI,$27.45,1440526877744,"17,770",Not yet rated,NULL,N/A
FSFR,$8.899,1440526877816,"113,967",100% bearish,of 1 rating,$11.50
FISI,$24.4008,1440526877872,"27,985",100% bullish,of 2 ratings,$24.50
FNGN,$31.85,1440526878019,"131,368",67% bullish,of 3 ratings,$47
FNJN,$1.6018,1440526878046,"24,133",100% bearish,of 1 rating,$5
FNSR,$14.99,1440526878086,"340,021",71% bullish,of 7 ratings,$24.50
FNTC,NULL,1440526878258,0,Not yet rated,NULL,N/A
FNTCW,$0.3111,1440526878288,514,Not yet rated,NULL,N/A
FEYE,$37.57,1440526878394,"2,453,852",87% bullish,of 15 ratings,$55.50
FBNC,$16.54,1440526878420,"13,787",100% bullish,of 1 rating,$20
FNTCU,$10.42,1440526878493,186,Not yet rated,NULL,N/A
FNLC,$18,1440526878643,"6,738",100% bullish,of 1 rating,N/A
FRBA,$6.016,1440526878668,"1,702",Not yet rated,NULL,$8
FBIZ,$43.5,1440526878812,"2,695",100% bearish,of 2 ratings,$52
FCVA,NULL,1440526878839,0,Not yet rated,NULL,N/A
BUSE,$6.29,1440526878869,"257,289",Not yet rated,NULL,$6.875
FCAP,$26.5,1440526878992,937,Not yet rated,NULL,N/A
FCFS,$38.18,1440526879030,"81,043",100% bearish,of 3 ratings,$48
FCNCA,$229.98,1440526879055,"2,444",Not yet rated,NULL,N/A
FCLF,$9.08,1440526879129,100,Not yet rated,NULL,N/A
FCBC,$17.18,1440526879194,"4,655",Not yet rated,NULL,$18
FCCO,$11.73,1440526879232,100,Not yet rated,NULL,$13.25
FCFP,$6.82,1440526879363,"2,300",Not yet rated,NULL,N/A
FBNK,$16.61,1440526879409,"5,701",100% bearish,of 1 rating,$17.50
FDEF,$36.83,1440526879555,"16,084",Not yet rated,NULL,$38
FFNM,$6.3699,1440526879686,500,Not yet rated,NULL,N/A
FFBC,$17.965,1440526879746,"60,081",67% bearish,of 3 ratings,$20.25
THFF,$33.03,1440526879776,"5,011",Not yet rated,NULL,$35
FFNW,$11.92,1440526879814,"23,399",Not yet rated,NULL,$14
FFBCW,$6.3,1440526879843,100,100% bearish,of 1 rating,N/A
FFWM,$20.9,1440526879872,"1,000",Not yet rated,NULL,$24
FFIN,$29.8399,1440526879898,"125,942",50% bullish,of 2 ratings,$31.75
INBK,$29.99,1440526880076,"9,960",50% bullish,of 2 ratings,$37
FRME,$25,1440526880236,"37,032",Not yet rated,NULL,$26.50
FMBH,NULL,1440526880261,0,Not yet rated,NULL,N/A
FIBK,$25.9901,1440526880322,"54,049",Not yet rated,NULL,$32
FMBI,$17.07,1440526880407,"159,482",Not yet rated,NULL,$20
FNBC,$33.3,1440526880480,"27,457",Not yet rated,NULL,$41.50
FNFG,$8.77,1440526880533,"1,240,996",80% bullish,of 5 ratings,$9
FNWB,$11.8599,1440526880561,"5,196",Not yet rated,NULL,N/A
FSFG,$30.41,1440526880591,"1,800",Not yet rated,NULL,N/A
FSLR,$45.93,1440526880635,"1,180,119",74% bullish,of 39 ratings,$65
FSGI,$2.46,1440526880692,"2,686",Not yet rated,NULL,N/A
FSBK,$7.45,1440526880828,"3,444",100% bullish,of 1 rating,N/A
BICK,$18.9801,1440526880916,520,100% bullish,of 1 rating,N/A
FBZ,$10.06,1440526880941,240,Not yet rated,NULL,N/A
FCAN,$23.54,1440526880966,"21,111",Not yet rated,NULL,N/A
FTCS,$35.6806,1440526881101,"32,601",100% bearish,of 1 rating,N/A
FV,$22.7001,1440526881265,"1,836,872",100% bearish,of 1 rating,N/A
IFV,$17.53,1440526881295,"687,006",100% bearish,of 1 rating,N/A
FEMB,NULL,1440526881337,0,Not yet rated,NULL,N/A
FTSM,$59.9024,1440526881366,"11,450",100% bearish,of 1 rating,N/A
FEUZ,$30.92,1440526881393,208,Not yet rated,NULL,N/A
TDIV,$23.8103,1440526881422,"170,881",100% bearish,of 1 rating,N/A
FCA,$19.35,1440526881525,"1,525",Not yet rated,NULL,N/A
FGM,$35.335,1440526881672,"18,324",Not yet rated,NULL,N/A
FTGC,$21.7502,1440526881730,"178,814",Not yet rated,NULL,N/A
MDIV,$18.85,1440526881809,"129,368",Not yet rated,NULL,N/A
HYLS,$49,1440526882017,"19,418",100% bearish,of 1 rating,N/A
FTHI,$19.1644,1440526882042,"2,698",Not yet rated,NULL,N/A
FPXI,$26.89,1440526882072,"1,000",Not yet rated,NULL,N/A
FHK,$32.42,1440526882206,"43,158",Not yet rated,NULL,N/A
PLTM,$6.3399,1440526882237,"4,324",100% bearish,of 1 rating,N/A
SKYY,$27.929,1440526882260,"69,910",100% bullish,of 1 rating,N/A
YDIV,$16.46,1440526882290,"6,193",Not yet rated,NULL,N/A
CU,$12.5299,1440526882312,"9,050",100% bearish,of 1 rating,N/A
FJP,$45.0401,1440526882447,"9,465",Not yet rated,NULL,N/A
FTLB,$19.05,1440526882519,300,100% bearish,of 1 rating,N/A
LMBS,$50.07,1440526882714,"3,018",Not yet rated,NULL,N/A
QABA,$36.4799,1440526882745,"19,424",100% bearish,of 1 rating,N/A
FMB,$51.25,1440526882766,"4,349",Not yet rated,NULL,N/A
CIBR,$17.6701,1440526882843,"75,465",Not yet rated,NULL,N/A
FONE,$34.2499,1440526882897,150,Not yet rated,NULL,N/A
QCLN,$14.34,1440526882985,"20,413",Not yet rated,NULL,N/A
CARZ,$33.5701,1440526883012,"35,612",100% bearish,of 1 rating,N/A
GRID,NULL,1440526883179,0,100% bearish,of 1 rating,N/A
QQXT,$39.17,1440526883209,"29,404",Not yet rated,NULL,N/A
RDVY,$20.5401,1440526883230,"5,957",Not yet rated,NULL,N/A
QQEW,$40.407,1440526883262,"253,932",Not yet rated,NULL,N/A
AIRR,$15.72,1440526883366,"5,163",100% bearish,of 1 rating,N/A
QINC,$19.96,1440526883403,904,Not yet rated,NULL,N/A
QTEC,$38.35,1440526883431,"31,437",Not yet rated,NULL,N/A
FTSL,$48.64,1440526883662,"86,188",100% bearish,of 1 rating,N/A
FKO,$22,1440526883711,"1,130",Not yet rated,NULL,N/A
FSZ,$38.9017,1440526883735,"41,117",Not yet rated,NULL,N/A
FDIV,$47.25,1440526883762,"3,060",100% bearish,of 1 rating,N/A
FTW,$29.95,1440526883935,"1,800",Not yet rated,NULL,N/A
TUSA,NULL,1440526883966,0,Not yet rated,NULL,N/A
FKU,$41.2857,1440526883987,"21,454",Not yet rated,NULL,N/A
SVVC,$9.41,1440526884020,"11,555",50% bullish,of 2 ratings,$26
FUNC,$8.1999,1440526884067,"1,100",Not yet rated,NULL,N/A
FMER,$17.325,1440526884199,"872,517",50% bullish,of 2 ratings,$20
FISV,$82.31,1440526884272,"550,701",100% bearish,of 3 ratings,$90
FSV,$31.42,1440526884342,"9,356",Not yet rated,NULL,$33.60
FIVE,$36,1440526884398,"279,929",75% bearish,of 4 ratings,$44
FIVN,$4.12,1440526884500,"61,883",100% bullish,of 1 rating,$8.50
FPRX,$19,1440526884547,"150,090",50% bullish,of 2 ratings,$35
FLML,$21.642,1440526884574,"92,294",50% bullish,of 2 ratings,$30
FLKS,$12.71,1440526884824,"25,136",50% bullish,of 2 ratings,$27
FLXN,$23.365,1440526884851,"29,361",100% bearish,of 1 rating,$40
MBSD,$24.96,1440526884871,800,Not yet rated,NULL,N/A
SKOR,NULL,1440526884908,0,Not yet rated,NULL,N/A
FLIR,$27.7,1440526885006,"434,887",100% bearish,of 1 rating,$38.50
FLEX,$10.165,1440526885034,"1,535,232",63% bullish,of 8 ratings,$12
FLXS,$31.39,1440526885100,"14,398",100% bearish,of 2 ratings,N/A
FFIC,$19.62,1440526885267,"35,398",Not yet rated,NULL,$21
FLDM,$11.89,1440526885297,"155,840",67% bearish,of 3 ratings,$21.50
FOMX,$9.56,1440526885318,"62,606",50% bullish,of 2 ratings,$23.50
FOGO,$17.9,1440526885448,"100,248",50% bullish,of 2 ratings,$25.50
FONR,$9.1,1440526885474,"10,666",100% bullish,of 1 rating,N/A
FES,$0.92,1440526885603,"9,979",50% bullish,of 2 ratings,$1
FORM,$6.06,1440526885672,"130,617",67% bullish,of 3 ratings,$10.50
FORR,$31.89,1440526885770,"10,573",Not yet rated,NULL,N/A
FORTY,$31.46,1440526885795,150,100% bearish,of 1 rating,N/A
FWRD,$45.09,1440526885951,"97,063",100% bearish,of 1 rating,$50
FORD,$1.8,1440526885982,"5,316,083",50% bullish,of 2 ratings,N/A
FTNT,$41.58,1440526886030,"711,531",80% bullish,of 10 ratings,$52
FBIO,$2.59,1440526886093,"130,758",83% bullish,of 6 ratings,N/A
FOSL,$58.63,1440526886984,"537,289",50% bullish,of 4 ratings,$80
FMI,$20.53,1440526887126,"94,597",100% bearish,of 2 ratings,$27.50
FWP,$25.82,1440526887320,"34,434",100% bearish,of 1 rating,$45
FXCB,$17.08,1440526887511,"6,177",Not yet rated,NULL,$19
FOXF,$15.32,1440526887678,"46,825",100% bearish,of 1 rating,$19
FRAN,$10.38,1440526887704,"199,999",50% bullish,of 4 ratings,$15
FREE,$0.3617,1440526887750,"368,668",92% bullish,of 12 ratings,N/A
FELE,$28.18,1440526887775,"58,484",50% bullish,of 4 ratings,$33
FRED,$13.05,1440526887836,"53,167",50% bullish,of 2 ratings,$16.50
RAIL,$19.11,1440526887862,"62,697",100% bearish,of 1 rating,$24.50
FEIM,$10.81,1440526887936,"1,007",100% bearish,of 1 rating,N/A
FRPT,$13.01,1440526888112,"232,053",67% bearish,of 3 ratings,$23.50
FRPH,$30.2,1440526888172,"1,535",100% bearish,of 1 rating,N/A
FTRPR,$99.55,1440526888242,"120,162",100% bearish,of 1 rating,N/A
FTR,$4.9634,1440526888268,"7,727,560",78% bullish,of 27 ratings,$6.25
FSBW,$22.72,1440526888445,860,Not yet rated,NULL,N/A
FTD,$29.03,1440526888499,"38,587",100% bearish,of 1 rating,$40
FCEL,$0.74,1440526888588,"1,182,595",88% bullish,of 40 ratings,$2.65
FSYS,$6.0548,1440526888626,"17,318",67% bullish,of 3 ratings,$10
FTEK,$2.06,1440526888655,"29,947",75% bullish,of 4 ratings,N/A
FULLL,$25,1440526888723,"4,500",Not yet rated,NULL,N/A
FLL,$1.48,1440526888752,"2,479",75% bullish,of 4 ratings,$3.50
FULL,$3.08,1440526888782,"30,039",67% bearish,of 3 ratings,$4.25
FULT,$11.87,1440526888892,"394,413",100% bearish,of 1 rating,$13
FFHL,NULL,1440526888998,0,50% bullish,of 4 ratings,N/A
FXEN,$0.79,1440526889048,"51,159",75% bullish,of 4 ratings,$1.10
FSNN,$2.37,1440526889143,"6,500",67% bullish,of 3 ratings,$6
FXENP,$16.2,1440526889174,800,100% bearish,of 1 rating,N/A
GK,$67.71,1440526889206,"39,312",Not yet rated,NULL,$78
WILC,NULL,1440526889310,0,100% bullish,of 2 ratings,N/A
GAIA,$5.88,1440526889467,"12,384",50% bullish,of 2 ratings,$8.50
GLPG,$64.015,1440526889555,"13,987",100% bullish,of 1 rating,$75
GALT,$1.865,1440526889599,"56,664",80% bullish,of 5 ratings,N/A
GALTW,NULL,1440526889633,0,100% bullish,of 1 rating,N/A
GALE,$1.615,1440526889665,"1,083,446",89% bullish,of 47 ratings,$4
GALTU,NULL,1440526889691,0,100% bearish,of 1 rating,N/A
GLPI,$31.38,1440526889766,"216,866",100% bearish,of 1 rating,$37.50
GLMD,$7.98,1440526889826,"12,240",67% bullish,of 3 ratings,$20.50
GPIC,$9.81,1440526889959,"1,700",100% bearish,of 1 rating,N/A
GRMN,$37.58,1440526890058,"601,528",50% bullish,of 6 ratings,$48
GGACR,NULL,1440526890131,0,100% bullish,of 1 rating,N/A
GGAC,$9.82,1440526890162,"2,200",100% bearish,of 1 rating,N/A
GGACW,$0.1068,1440526890233,"2,100",Not yet rated,NULL,N/A
GGACU,NULL,1440526890258,0,Not yet rated,NULL,N/A
GENC,$9.3189,1440526890288,"1,700",100% bearish,of 1 rating,N/A
GARS,$14.16,1440526890390,"22,213",Not yet rated,NULL,$16
GNCMA,$16.27,1440526890474,"74,663",100% bearish,of 1 rating,$12
GNMK,$9.26,1440526890944,"94,436",67% bullish,of 6 ratings,$14
GFN,$3.5,1440526890969,"52,125",100% bearish,of 2 ratings,$8
GFNCP,$89.01,1440526891021,204,Not yet rated,NULL,N/A
GENE,$2.1499,1440526891046,"66,032",100% bullish,of 12 ratings,N/A
GFNSL,$26.1899,1440526891108,"2,350",Not yet rated,NULL,N/A
GNCA,$12.42,1440526891134,"62,545",100% bearish,of 1 rating,$20
GHDX,$24.89,1440526891264,"58,184",50% bullish,of 2 ratings,$30
THRM,$43.175,1440526891473,"90,557",75% bearish,of 4 ratings,$55.50
GNVC,$2.23,1440526891499,"34,579",90% bullish,of 10 ratings,$8.50
GTWN,$18.51,1440526891528,"1,635",Not yet rated,NULL,N/A
GNTX,$15.045,1440526891562,"979,916",Not yet rated,NULL,$20
GEOS,$14.37,1440526891592,"75,701",100% bearish,of 3 ratings,$21
GABC,$29.1,1440526891660,"11,073",Not yet rated,NULL,$31.50
GERN,$3.085,1440526891688,"864,909",88% bullish,of 16 ratings,$5.25
GEVO,$2.4,1440526891820,"715,230",75% bullish,of 12 ratings,$5
ROCK,$16.39,1440526891957,"49,917",80% bullish,of 5 ratings,$24
GIGA,$1.5211,1440526892033,"206,274",100% bearish,of 1 rating,N/A
GIGM,$0.571,1440526892089,"63,201",100% bullish,of 2 ratings,N/A
GIII,$64.76,1440526892135,"93,634",67% bullish,of 3 ratings,$75
GILD,$105.99,1440526892298,"6,732,480",91% bullish,of 87 ratings,$129
GLAD,$8.0634,1440526892326,"74,621",50% bullish,of 2 ratings,$8.75
GBCI,$24.79,1440526892456,"127,976",50% bullish,of 2 ratings,$31
GILT,$4.29,1440526892484,"14,713",50% bullish,of 2 ratings,N/A
GOOD,$14.3201,1440526892678,"85,093",Not yet rated,NULL,$19
GOODN,$25.3001,1440526892707,900,Not yet rated,NULL,N/A
GLADO,$25.35,1440526892737,"1,551",Not yet rated,NULL,N/A
GOODO,$25.2601,1440526892774,500,Not yet rated,NULL,N/A
GOODP,$25.1161,1440526892807,200,Not yet rated,NULL,N/A
GAIN,$7.36,1440526892910,"146,304",100% bullish,of 2 ratings,$8.25
GAINN,$25.2601,1440526893138,"68,497",Not yet rated,NULL,N/A
GAINO,$25.22,1440526893209,"2,103",Not yet rated,NULL,N/A
GAINP,$26.1099,1440526893271,"3,164",Not yet rated,NULL,N/A
LAND,$9.258,1440526893299,"19,130",50% bullish,of 2 ratings,$13.75
GLBZ,NULL,1440526893329,0,Not yet rated,NULL,N/A
GDEF,NULL,1440526893350,0,Not yet rated,NULL,N/A
GBT,$44.55,1440526893403,"60,374",100% bearish,of 1 rating,N/A
GPACU,NULL,1440526893481,0,Not yet rated,NULL,N/A
ENT,$11,1440526893547,"191,283",100% bearish,of 1 rating,$18
GSOL,$8.215,1440526893681,"21,949",100% bearish,of 1 rating,N/A
QQQC,$18.68,1440526893723,"4,425",100% bearish,of 1 rating,N/A
ACTX,$12.75,1440526893766,2,100% bullish,of 1 rating,N/A
GBLI,$26.47,1440526893793,"7,220",Not yet rated,NULL,N/A
SOCL,$16.84,1440526893933,"57,706",100% bullish,of 2 ratings,N/A
ALTY,NULL,1440526893959,0,Not yet rated,NULL,N/A
SRET,$13.2399,1440526894134,"1,783",Not yet rated,NULL,N/A
GAI,$5.81,1440526894270,"3,445",50% bullish,of 2 ratings,N/A
YLCO,$11.4316,1440526894297,510,Not yet rated,NULL,N/A
GBIM,$2.1301,1440526894326,"4,484",50% bullish,of 2 ratings,N/A
GSM,$12.36,1440526894353,"109,471",50% bullish,of 2 ratings,$23
GLBS,$1.08,1440526894374,54,67% bullish,of 3 ratings,N/A
GLUU,$4.245,1440526894432,"822,225",92% bullish,of 26 ratings,$9
GLYC,$7,1440526894567,"15,769",50% bullish,of 2 ratings,$14
GLRI,$1.05,1440526894664,"6,434",100% bearish,of 1 rating,$4.25
GLDC,$4.0999,1440526894771,"1,000",50% bullish,of 2 ratings,N/A
GLNG,$34.08,1440526894796,"339,455",83% bullish,of 6 ratings,$58
GMLP,$17.88,1440526894826,"182,589",50% bullish,of 4 ratings,$32.50
GOGO,$15.09,1440526894928,"727,179",80% bullish,of 5 ratings,$25
GDEN,$8.95,1440526894992,"4,118",50% bullish,of 2 ratings,N/A
GOGL,$2.6401,1440526895140,"168,137",75% bullish,of 4 ratings,$5
GTIM,$6.725,1440526895167,"43,345",Not yet rated,NULL,$11.50
GBDC,$16.55,1440526895188,"102,216",Not yet rated,NULL,$17.75
GOOGL,$637.73,1440526895222,"992,339",88% bullish,of 1080 ratings,$749
GOOG,$607.25,1440526895251,"1,037,086",89% bullish,of 70 ratings,$825
GPRO,$48.65,1440526895349,"4,216,903",78% bullish,of 58 ratings,$72
GMAN,$4.32,1440526895527,"26,662",60% bullish,of 5 ratings,$8.50
GPIA,NULL,1440526895598,0,Not yet rated,NULL,N/A
LOPE,$36.16,1440526895659,"80,286",100% bearish,of 2 ratings,$50
GPIAU,$9.94,1440526895685,"1,400",Not yet rated,NULL,N/A
GPIAW,NULL,1440526895753,0,Not yet rated,NULL,N/A
GBSN,$0.6399,1440526895819,"2,988,726",100% bearish,of 1 rating,$8.25
GBSNU,NULL,1440526895919,0,NULL,NULL,NULL
GRVY,$3.2899,1440526895944,"1,100",50% bullish,of 2 ratings,N/A
GNBC,$11.215,1440526896126,"31,141",100% bearish,of 1 rating,$17
GLDD,$5.1539,1440526896173,"110,500",100% bearish,of 4 ratings,$7.75
GRBK,$12.22,1440526896201,"109,656",77% bullish,of 13 ratings,N/A
GPP,$13.67,1440526896222,"35,475",Not yet rated,NULL,$20.50
GPRE,$18.23,1440526896257,"294,616",67% bullish,of 6 ratings,$28.50
GSBC,$38.85,1440526896286,"18,594",100% bullish,of 1 rating,$44
GCBC,NULL,1440526896390,0,100% bullish,of 1 rating,N/A
GLRE,$24.21,1440526896549,"68,175",50% bullish,of 2 ratings,$41
GRIF,NULL,1440526896617,0,100% bearish,of 1 rating,N/A
GRPN,$4.1,1440526896642,"2,586,178",61% bullish,of 71 ratings,$6.75
GRFS,$30.79,1440526896823,"95,298",50% bullish,of 2 ratings,$35
GSIG,$12.52,1440526896851,"24,705",100% bearish,of 2 ratings,N/A
GBNK,$15.245,1440526896958,"15,426",100% bearish,of 1 rating,$18
GTXI,$0.84,1440526897028,"52,419",100% bullish,of 5 ratings,$.75
GSVC,$8.6415,1440526897053,"27,620",50% bullish,of 2 ratings,$14.50
GSIT,$4.76,1440526897079,"46,667",100% bearish,of 1 rating,N/A
OMAB,$39.22,1440526897105,"16,818",100% bullish,of 1 rating,$44
GGAL,$18.095,1440526897126,"126,334",80% bullish,of 5 ratings,$40
GFED,$14.61,1440526897614,700,Not yet rated,NULL,$17
GUID,$6.885,1440526897687,"48,503",100% bearish,of 3 ratings,$10
GULTU,$0.2801,1440526897713,"31,420",100% bearish,of 1 rating,N/A
GIFI,$11.35,1440526897748,"25,960",100% bearish,of 1 rating,$16
GURE,$1.62,1440526897887,"63,866",88% bullish,of 8 ratings,N/A
GPOR,$33.4,1440526897935,"599,040",75% bullish,of 4 ratings,$55
GYRO,$2.82,1440526897964,"18,550",100% bearish,of 1 rating,N/A
GWGH,$7.28,1440526898032,100,100% bearish,of 1 rating,$15.05
GWPH,$101.8872,1440526898060,"71,350",78% bullish,of 9 ratings,$148.50
HEES,$16.42,1440526898132,"131,986",67% bearish,of 3 ratings,$31
HLG,$7.34,1440526898238,"1,700",100% bearish,of 1 rating,N/A
HNRG,$7.32,1440526898269,"60,653",100% bearish,of 1 rating,$10
HBK,$13.51,1440526898413,300,50% bullish,of 2 ratings,N/A
HMPR,$1.8459,1440526898464,"12,906",100% bullish,of 1 rating,N/A
HALL,$11.27,1440526898489,"13,265",Not yet rated,NULL,N/A
HALO,$17.4256,1440526898559,"635,654",67% bullish,of 3 ratings,$22.50
HBHCL,$24.27,1440526898754,"15,908",Not yet rated,NULL,N/A
HNH,$25.875,1440526898784,"4,635",100% bullish,of 1 rating,N/A
HAFC,$23.69,1440526898896,"79,230",100% bullish,of 2 ratings,$28.50
HBHC,$25.83,1440526898926,"331,585",50% bullish,of 2 ratings,$30
HQCL,$12.31,1440526898997,"90,137",67% bullish,of 3 ratings,$14
HRMNU,NULL,1440526899026,0,Not yet rated,NULL,N/A
HNSN,$0.51,1440526899082,"31,663",88% bullish,of 8 ratings,$.40
HRMN,NULL,1440526899111,0,Not yet rated,NULL,N/A
HLIT,$5.565,1440526899189,"265,469",100% bearish,of 1 rating,$6.50
HDNG,$9.6599,1440526899246,"4,849",50% bullish,of 4 ratings,N/A
TINY,$2.48,1440526899483,"43,141",50% bullish,of 2 ratings,$5.26
HRMNW,NULL,1440526899533,0,Not yet rated,NULL,N/A
HBIO,$4.37,1440526899582,"25,586",Not yet rated,NULL,$10
HART,$0.8694,1440526899679,"79,573",100% bearish,of 1 rating,N/A
HCAPL,$25.4456,1440526899706,"1,600",Not yet rated,NULL,N/A
HAS,$72.6,1440526899765,"1,128,195",63% bullish,of 8 ratings,$84.50
HCAP,$12.11,1440526899834,"1,753",50% bullish,of 2 ratings,$15
HA,$22.39,1440526899915,"318,541",67% bullish,of 9 ratings,$27
HWBK,$13.14,1440526900023,500,100% bearish,of 1 rating,N/A
HWKN,$36.07,1440526900050,"5,204",Not yet rated,NULL,N/A
HCOM,$22.07,1440526900075,"5,948",100% bearish,of 1 rating,$28
HDS,$31.61,1440526900128,"1,084,853",100% bearish,of 2 ratings,$39.50
HIIQ,$4.31,1440526900207,"34,836",50% bullish,of 2 ratings,$7
HAYN,$35.7,1440526900256,"15,434",100% bearish,of 1 rating,$59
HCSG,$32.98,1440526900292,"90,280",50% bullish,of 4 ratings,$35
HQY,$28.77,1440526900496,"49,906",67% bullish,of 3 ratings,$31
HSTM,$24.45,1440526900904,"37,278",50% bullish,of 2 ratings,$33.75
HTLF,$35.53,1440526900995,"7,753",100% bullish,of 1 rating,$39.50
HWAY,$11.8984,1440526901043,"142,180",100% bearish,of 1 rating,$15
HTLD,$20.02,1440526901074,"197,256",Not yet rated,NULL,$22.50
HTBX,$5.16,1440526901137,"7,486",50% bullish,of 2 ratings,$15.50
HELE,$84.72,1440526901173,"80,644",67% bearish,of 3 ratings,$100
HTWR,$81.75,1440526901200,"147,224",50% bullish,of 2 ratings,$103
HSII,$20.02,1440526901225,"59,416",100% bullish,of 3 ratings,$25
HNNA,$24.5,1440526901431,"4,966",Not yet rated,NULL,N/A
HMNY,$2.21,1440526901458,553,100% bearish,of 1 rating,N/A
HERO,NULL,1440526901608,0,NULL,NULL,NULL
HCACU,$9.95,1440526901643,6,Not yet rated,NULL,N/A
HMTV,$13.14,1440526901738,"27,562",100% bearish,of 1 rating,$16
HSIC,$135.12,1440526901764,"179,598",83% bullish,of 6 ratings,$146
HTBK,$10.58,1440526901785,"18,112",Not yet rated,NULL,$12
HFWA,$17.29,1440526902356,"41,556",100% bullish,of 1 rating,$20
HEOP,$7.52,1440526902572,"10,617",Not yet rated,NULL,$8.50
MLHR,$27.04,1440526902706,"142,459",50% bullish,of 2 ratings,$33.50
HSKA,$32.09,1440526902759,"31,462",100% bearish,of 1 rating,$38
HFFC,$15.9001,1440526902780,"3,089",Not yet rated,NULL,N/A
HCCI,$10.68,1440526902813,"1,982",100% bearish,of 1 rating,$16.50
HRTX,$33.77,1440526902862,"222,527",67% bullish,of 6 ratings,$41
HPJ,$2.18,1440526902915,"16,723",75% bullish,of 4 ratings,$12.43
HIHO,$3.82,1440526902967,"5,104",Not yet rated,NULL,N/A
HIMX,$6.36,1440526903125,"462,122",86% bullish,of 21 ratings,$8.50
HIFS,$114.46,1440526903468,"1,580",Not yet rated,NULL,N/A
HSGX,$5.6801,1440526903495,"3,200",100% bearish,of 1 rating,$17
HIBB,$37.635,1440526903567,"129,731",100% bearish,of 1 rating,$48.50
HMSY,$9.85,1440526903627,"1,753,242",67% bullish,of 3 ratings,$19.35
HMNF,$11.126,1440526903655,"14,608",Not yet rated,NULL,N/A
HOLI,$17.45,1440526903676,"218,948",50% bullish,of 4 ratings,$27
HOLX,$38.67,1440526903939,"1,003,768",67% bullish,of 3 ratings,$42
HBCP,$24.83,1440526903971,200,Not yet rated,NULL,$29
HMST,$21.46,1440526904074,"93,596",100% bullish,of 2 ratings,$27
HFBL,$22,1440526904107,400,Not yet rated,NULL,N/A
HMIN,$27.13,1440526904134,"125,874",100% bearish,of 2 ratings,$35
AWAY,$27.71,1440526904165,"582,821",67% bullish,of 3 ratings,$36
HOMB,$37.04,1440526904194,"60,524",Not yet rated,NULL,$41
HTBI,$17.8901,1440526904264,"17,437",67% bullish,of 3 ratings,$18.625
CETC,$0.69,1440526904482,"26,215",86% bullish,of 7 ratings,N/A
HKTV,$4.41,1440526904512,"73,599",100% bearish,of 1 rating,N/A
HOFT,$23.38,1440526904579,"46,202",100% bearish,of 1 rating,N/A
HFBC,$10.88,1440526904611,"3,913",Not yet rated,NULL,N/A
HBNC,$23.11,1440526904681,"7,373",100% bullish,of 1 rating,$27
ZINC,$6.87,1440526904847,"290,988",100% bearish,of 1 rating,$17
HDP,$23.425,1440526904902,"155,967",67% bearish,of 3 ratings,$30.50
HRZN,$9.8601,1440526904936,"157,206",100% bearish,of 1 rating,$14.25
HMHC,$22.622,1440526904958,"391,875",Not yet rated,NULL,$27
HZNP,$28.75,1440526904994,"1,314,726",85% bullish,of 20 ratings,$40
HBMD,$14.5,1440526905034,200,100% bearish,of 1 rating,N/A
HWCC,$7.27,1440526905096,"32,828",100% bearish,of 1 rating,$9
HOVNP,NULL,1440526905287,0,100% bearish,of 1 rating,N/A
HTGM,$5.8,1440526905354,"5,700",100% bearish,of 1 rating,$19.50
HSNI,$60.29,1440526905393,"185,205",Not yet rated,NULL,$80
HUBG,$37.33,1440526905536,"42,553",100% bearish,of 1 rating,$43
HCBK,$9.16,1440526905578,"1,227,475",83% bullish,of 6 ratings,$8.61
HSON,$2.6,1440526905604,"19,280",100% bearish,of 1 rating,$5
HDSN,$3.0001,1440526905676,"14,325",100% bullish,of 1 rating,$6.25
HBAN,$10.49,1440526905736,"3,974,353",76% bullish,of 17 ratings,$12.29
HBANP,$1358,1440526905765,86,100% bearish,of 1 rating,N/A
HURN,$72.92,1440526905866,"98,063",50% bullish,of 2 ratings,$80
HURC,$28.6,1440526905934,"9,123",100% bearish,of 1 rating,N/A
HTCH,$1.4199,1440526905998,"96,811",100% bearish,of 1 rating,$3.50
HBP,$3.12,1440526906084,"14,862",100% bullish,of 1 rating,N/A
HDRA,$9.65,1440526906114,"3,600",Not yet rated,NULL,N/A
HDRAR,NULL,1440526906139,0,Not yet rated,NULL,N/A
HDRAU,NULL,1440526906218,0,Not yet rated,NULL,N/A
HYGS,$7.5599,1440526906396,"17,796",50% bullish,of 2 ratings,$13
HDRAW,NULL,1440526906480,0,Not yet rated,NULL,N/A
IKGH,$1.59,1440526906508,"26,136",75% bullish,of 4 ratings,N/A
IACI,$69.29,1440526906640,"435,867",75% bullish,of 4 ratings,$90
IBKC,$58.06,1440526906674,"82,741",100% bullish,of 1 rating,$70
IDSY,$3.8499,1440526906726,"5,246",100% bearish,of 1 rating,$7
ICAD,$3.39,1440526906772,"48,162",50% bullish,of 2 ratings,$7.25
ICFI,$34.01,1440526906801,"19,469",50% bullish,of 2 ratings,$48.50
IEP,$69.771,1440526906905,"107,170",75% bullish,of 4 ratings,$99
ICON,$12.53,1440526907129,"409,254",50% bullish,of 2 ratings,$18.50
ICUI,$111.45,1440526907156,"46,356",Not yet rated,NULL,$122
IPWR,$7.06,1440526907215,"12,043",100% bullish,of 1 rating,$15
INVE,$4.37,1440526907244,"37,727",75% bullish,of 4 ratings,$4
ICLR,$77.38,1440526907266,"239,345",100% bearish,of 3 ratings,$85
IDRA,$2.72,1440526907345,"634,511",89% bullish,of 9 ratings,$6.50
IDXX,$70.73,1440526907444,"288,399",100% bearish,of 1 rating,$77
DSKY,$10.88,1440526907470,"356,605",67% bullish,of 6 ratings,$11.50
IRG,$4.54,1440526907665,"5,904",100% bearish,of 1 rating,$4.50
IROQ,$16.72,1440526907695,"2,370",100% bullish,of 1 rating,N/A
RXDX,$12.62,1440526907722,"88,581",100% bullish,of 1 rating,$20
KANG,$14.74,1440526907766,"441,112",50% bullish,of 2 ratings,$22.55
IIVI,$16.955,1440526907851,"43,384",100% bearish,of 1 rating,$22
IKAN,$2.7201,1440526907935,"114,414",83% bullish,of 6 ratings,$5
ILMN,$195.35,1440526908095,"446,907",80% bullish,of 5 ratings,$240
IKNX,$12.0352,1440526908225,250,100% bearish,of 1 rating,N/A
ISNS,$3.96,1440526908285,"28,545",50% bullish,of 2 ratings,N/A
ICCC,$7.67,1440526908356,"3,870",100% bullish,of 1 rating,N/A
IMMR,$11.45,1440526908487,"83,153",80% bullish,of 5 ratings,$15.50
IMGN,$13.4636,1440526908514,"468,610",75% bullish,of 4 ratings,$17.50
IMDZ,$14.23,1440526908542,"29,115",100% bearish,of 1 rating,$33
IMNP,$1.22,1440526908642,"91,662",50% bullish,of 2 ratings,$6
IMMU,$1.895,1440526908966,"326,157",86% bullish,of 7 ratings,$2
INCR,$41.95,1440526909111,"349,045",50% bullish,of 2 ratings,$53
IPXL,$41.89,1440526909138,"246,390",67% bullish,of 3 ratings,$46.50
SAAS,$7.085,1440526909159,"255,283",50% bullish,of 2 ratings,$15
IMMY,$7.4,1440526909192,"2,718",100% bearish,of 1 rating,$11
INCY,$103.36,1440526909290,"436,122",50% bullish,of 6 ratings,$125.50
IBTX,$39.29,1440526909362,"55,768",100% bullish,of 2 ratings,$47.25
IBCP,$13.92,1440526909429,"38,047",100% bullish,of 1 rating,$14.50
INDB,$43.85,1440526909529,"48,574",Not yet rated,NULL,$44
INFI,$8.77,1440526909573,"201,726",50% bullish,of 4 ratings,$18
INFN,$20.78,1440526909603,"851,030",71% bullish,of 7 ratings,$28
IDSA,$3.45,1440526909635,"1,700",Not yet rated,NULL,N/A
IPCC,$78.63,1440526909703,"9,177",Not yet rated,NULL,$77.50
III,$4.04,1440526909841,"60,068",57% bullish,of 7 ratings,$6
IFON,$1.24,1440526909867,"40,529",75% bullish,of 4 ratings,N/A
IMKTA,$50.16,1440526909895,"51,133",100% bearish,of 1 rating,N/A
INWK,$6.9,1440526910169,"46,749",50% bullish,of 2 ratings,$10
INNL,$13.3101,1440526910272,"2,300",100% bearish,of 1 rating,$16.50
INGN,$46.6,1440526910315,"90,805",100% bearish,of 1 rating,$50.50
INOD,$2.34,1440526910372,"13,089",100% bearish,of 1 rating,N/A
IPHS,$46,1440526910393,"48,462",100% bearish,of 1 rating,$60
ISSC,$2.71,1440526910414,"3,400",67% bearish,of 3 ratings,N/A
IOSP,$46.97,1440526910453,"96,757",100% bearish,of 1 rating,N/A
ITEK,$12.2649,1440526910547,"391,990",100% bearish,of 3 ratings,$20
NSIT,$24.975,1440526910634,"47,262",50% bullish,of 2 ratings,N/A
INOV,$21.01,1440526910682,"281,558",100% bearish,of 1 rating,$33
INO,$6.7501,1440526910711,"644,868",89% bullish,of 18 ratings,$20
INSM,$23.66,1440526910812,"243,534",71% bullish,of 7 ratings,$31.50
ISIG,$2.59,1440526910910,"2,152",100% bearish,of 1 rating,N/A
NTEC,$5.89,1440526911086,"2,303",100% bearish,of 1 rating,N/A
INSY,$32.95,1440526911112,"481,019",75% bullish,of 4 ratings,$48
PODD,$28.46,1440526911142,"230,664",67% bearish,of 3 ratings,$35
IART,$59.72,1440526911168,"95,501",100% bearish,of 1 rating,$71.50
IIIN,$16.8699,1440526911198,"12,779",100% bearish,of 2 ratings,N/A
ISSI,$22.12,1440526911301,"47,588",67% bullish,of 3 ratings,$19.75
IESC,$7.39,1440526911378,"1,900",100% bearish,of 1 rating,N/A
IQNT,$17.99,1440526911527,"109,387",86% bullish,of 7 ratings,$20
IDTI,$17.2348,1440526911558,"765,859",60% bullish,of 5 ratings,$25
INTC,$26.4899,1440526911592,"16,669,715",82% bullish,of 238 ratings,$36
IPCI,$2.1001,1440526911630,"43,061",67% bullish,of 6 ratings,$8
IPAR,$25.495,1440526911689,"38,032",67% bullish,of 3 ratings,$38
IBKR,$37.61,1440526911918,"469,635",100% bullish,of 1 rating,N/A
ICPT,$180.83,1440526911980,"136,356",70% bullish,of 10 ratings,$359.50
IDCC,$48.05,1440526912430,"226,311",80% bullish,of 5 ratings,$63
ININ,$35.68,1440526912457,"26,886",67% bearish,of 3 ratings,$57
TILE,$23.78,1440526912525,"296,166",67% bearish,of 3 ratings,$27
ICLDW,NULL,1440526912553,0,100% bearish,of 1 rating,N/A
ICLD,$1.765,1440526912574,"84,756",75% bullish,of 4 ratings,N/A
IMI,$2.01,1440526912609,"12,088",67% bullish,of 3 ratings,$2.22
INAP,$7.758,1440526912630,"105,501",75% bullish,of 4 ratings,$11
ISCA,$30.94,1440526912918,"43,734",100% bearish,of 1 rating,N/A
IGLD,$6.5611,1440526912966,"7,515",50% bullish,of 2 ratings,N/A
PTNT,NULL,1440526913021,0,Not yet rated,NULL,N/A
INPH,$0.3,1440526913063,"8,357",50% bullish,of 2 ratings,N/A
IBOC,$24.71,1440526913089,"76,552",100% bearish,of 1 rating,N/A
IIJI,$8.82,1440526913156,"1,300",50% bullish,of 2 ratings,$11.50
XENT,$26.29,1440526913262,"176,591",50% bullish,of 2 ratings,$36.50
INTX,$2.16,1440526913456,"4,537",67% bullish,of 3 ratings,N/A
ISIL,$10.01,1440526913489,"242,027",50% bullish,of 6 ratings,$15
IVAC,$4.69,1440526913518,"11,600",100% bearish,of 1 rating,$6.625
INTL,$25.91,1440526913547,"68,936",67% bearish,of 3 ratings,N/A
IILG,$19.445,1440526913578,"39,693",100% bearish,of 1 rating,$29
INTLL,$25.5101,1440526913606,"2,400",Not yet rated,NULL,N/A
INTU,$82.83,1440526913653,"1,150,685",86% bullish,of 7 ratings,$107.50
ITCI,$25.95,1440526913755,"358,173",75% bearish,of 4 ratings,$40
IIN,$6.06,1440526913984,624,100% bearish,of 1 rating,$12
ISRG,$504.6,1440526914011,"125,575",67% bullish,of 3 ratings,$600
INVT,$0.2661,1440526914162,"22,595",67% bullish,of 3 ratings,N/A
ISTR,$15.814,1440526914192,"1,312",100% bearish,of 1 rating,$18.50
ISBC,$11.505,1440526914237,"1,176,255",100% bullish,of 1 rating,$13.25
SNAK,$8.1299,1440526914325,"85,638",50% bullish,of 2 ratings,$14
ITIC,$71.5,1440526914350,100,100% bearish,of 2 ratings,N/A
NVIV,$9.9502,1440526914377,"174,026",50% bullish,of 4 ratings,$24.50
IVTY,$12.36,1440526914739,"3,129",Not yet rated,NULL,$18
DFVL,NULL,1440526914768,0,Not yet rated,NULL,N/A
IPAS,$1.04,1440526914796,"12,500",67% bullish,of 3 ratings,N/A
DTUL,NULL,1440526914827,0,Not yet rated,NULL,N/A
IPCM,$79.165,1440526914848,"398,561",50% bullish,of 2 ratings,$80.125
IPGP,$82.39,1440526914926,"128,228",100% bearish,of 2 ratings,$109.50
IRMD,$24.6,1440526914977,"14,868",67% bearish,of 3 ratings,$25
IRIX,$6.795,1440526915145,"3,500",100% bearish,of 1 rating,N/A
IRDM,$6.75,1440526915246,"344,036",60% bullish,of 5 ratings,$11.50
IRDMB,$274.21,1440526915272,"1,134",67% bearish,of 3 ratings,N/A
IRWD,$11,1440526915401,"639,662",100% bearish,of 1 rating,$13
IRBT,$28.39,1440526915426,"114,414",67% bullish,of 6 ratings,$37
FCHI,NULL,1440526915455,0,NULL,NULL,NULL
IRCP,$26,1440526915480,300,100% bullish,of 2 ratings,N/A
GNMA,$50.1985,1440526915555,"1,923",Not yet rated,NULL,N/A
IFAS,NULL,1440526915610,0,NULL,NULL,NULL
COMT,$31.5,1440526915636,"10,932",100% bearish,of 1 rating,N/A
IFEU,$38.01,1440526915711,"10,874",Not yet rated,NULL,N/A
IFNA,NULL,1440526915764,0,NULL,NULL,NULL
IFGL,$28.27,1440526915913,"60,796",Not yet rated,NULL,N/A
ACWX,$39.945,1440526915963,"450,244",100% bearish,of 1 rating,N/A
ACWI,$54.68,1440526916042,"2,508,981",Not yet rated,NULL,N/A
AAXJ,$51.88,1440526916076,"1,056,392",Not yet rated,NULL,N/A
EMDI,NULL,1440526916139,0,NULL,NULL,NULL
AAIT,NULL,1440526916168,0,NULL,NULL,NULL
AXJS,NULL,1440526916194,0,NULL,NULL,NULL
EEMA,$48.675,1440526916297,"11,287",Not yet rated,NULL,N/A
EEME,NULL,1440526916335,0,NULL,NULL,NULL
EMEY,NULL,1440526916391,0,NULL,NULL,NULL
EGRW,NULL,1440526916421,0,NULL,NULL,NULL
EEML,$26.92,1440526916563,"2,205",Not yet rated,NULL,N/A
EUFN,$21.72,1440526916592,"64,976",100% bearish,of 1 rating,N/A
EVAL,NULL,1440526916611,0,NULL,NULL,NULL
QAT,NULL,1440526916874,0,Not yet rated,NULL,N/A
IEUS,$45.27,1440526916956,"2,062",100% bearish,of 1 rating,N/A
UAE,$17.43,1440526917002,"22,498",Not yet rated,NULL,N/A
IBB,$335.25,1440526917027,"908,801",63% bullish,of 8 ratings,N/A
EMIF,$27.7378,1440526917057,"2,163",Not yet rated,NULL,N/A
SOXX,$77.73,1440526917087,"247,229",50% bullish,of 2 ratings,N/A
WOOD,$47.01,1440526917162,"124,308",50% bullish,of 2 ratings,N/A
ICLN,$9.264,1440526917192,"18,813",50% bullish,of 2 ratings,N/A
INDY,$27.139,1440526917329,"213,206",50% bullish,of 2 ratings,N/A
ISIS,$47.015,1440526917500,"876,401",53% bullish,of 15 ratings,$67
IGOV,$92.2382,1440526917526,"26,516",100% bearish,of 1 rating,N/A
ISHG,$80.61,1440526917547,"8,425",100% bearish,of 1 rating,N/A
ISLE,$16.55,1440526917691,"171,258",50% bullish,of 4 ratings,$16
ISRL,$125,1440526917752,200,100% bearish,of 1 rating,N/A
ITRN,$24.0735,1440526917823,"1,389",50% bullish,of 2 ratings,N/A
XXIA,$14.94,1440526917923,"145,896",71% bullish,of 7 ratings,$14.625
ITRI,$30.34,1440526917953,"76,755",Not yet rated,NULL,$37
JJSF,$110.68,1440526918009,"17,200",100% bearish,of 1 rating,N/A
IXYS,$10.4,1440526918079,"74,681",50% bullish,of 4 ratings,N/A
ITUS,$3.98,1440526918104,"2,601",Not yet rated,NULL,N/A
JBHT,$73.96,1440526918184,"496,042",50% bullish,of 4 ratings,$89.50
JASO,$7.34,1440526918239,"702,047",82% bullish,of 17 ratings,$10
MAYS,NULL,1440526918309,0,Not yet rated,NULL,N/A
JCOM,$67.064,1440526918591,"103,923",100% bullish,of 2 ratings,$77
JKHY,$66.87,1440526918784,"130,110",50% bullish,of 2 ratings,$72
JAXB,$13.33,1440526918915,100,100% bullish,of 1 rating,N/A
JXSB,$24.19,1440526919106,436,Not yet rated,NULL,N/A
JACK,$79.92,1440526919251,"230,426",83% bullish,of 6 ratings,$105
ERW,NULL,1440526919377,0,Not yet rated,NULL,N/A
JRVR,$26.3135,1440526919407,"19,533",Not yet rated,NULL,$32
JMBA,$13.11,1440526919433,"39,580",75% bullish,of 4 ratings,$18
JAKK,$9.38,1440526919467,"153,988",60% bearish,of 5 ratings,$11
JASN,$4.75,1440526919497,"11,400",50% bullish,of 2 ratings,$9.50
JAGX,$2.8601,1440526919522,"1,056",Not yet rated,NULL,N/A
JASNW,NULL,1440526919563,0,50% bullish,of 2 ratings,N/A
JAZZ,$163.34,1440526919692,"159,509",80% bullish,of 15 ratings,$206.50
JD,$25.495,1440526919784,"5,208,816",75% bullish,of 16 ratings,$36
JTPY,$2.96,1440526919851,456,100% bearish,of 1 rating,N/A
JBLU,$21.85,1440526919876,"4,116,825",94% bullish,of 18 ratings,$27
JCTCF,NULL,1440526920134,0,100% bullish,of 1 rating,N/A
JST,$3.8801,1440526920198,"11,549",75% bullish,of 4 ratings,N/A
WYIGU,$10,1440526920226,"2,500",Not yet rated,NULL,N/A
JOEZ,$0.17,1440526920263,"163,635",92% bullish,of 12 ratings,N/A
JIVE,$4.18,1440526920293,"189,944",75% bullish,of 4 ratings,$5
DATE,$5.75,1440526920315,"274,789",75% bullish,of 4 ratings,$9
JBSS,$51.0799,1440526920347,"18,143",67% bearish,of 3 ratings,N/A
JOUT,$22.28,1440526920373,"13,843",100% bearish,of 1 rating,$34
JNP,$9.62,1440526920539,"8,070",100% bullish,of 3 ratings,$15
JUNO,$36.21,1440526920631,"636,694",73% bullish,of 11 ratings,$71.50
KTWO,$21.54,1440526920671,"74,760",100% bearish,of 1 rating,$28.50
KBIO,$1.821,1440526920775,"7,377",50% bullish,of 4 ratings,N/A
KALU,$79.53,1440526920800,"55,062",67% bearish,of 3 ratings,$91
