Symbol,Price,Date,Volume,Rating,RatingVoteCount,OneYearEstimate
FCTY,$7.98,1441303802727,100,100% bullish,of 1 rating,$8.50
FLWS,$8.65,1441303802837,"131,047",80% bullish,of 5 ratings,$15
TFSCW,NULL,1441303802869,0,100% bearish,of 1 rating,N/A
PIH,$7.62,1441303802901,"2,535",100% bearish,of 1 rating,N/A
TFSCU,$10.23,1441303802938,"2,300",Not yet rated,NULL,N/A
FCCY,NULL,1441303802963,0,100% bullish,of 1 rating,$13
TWOU,$34.84,1441303803175,"156,527",50% bullish,of 2 ratings,$39
JOBS,$26.6,1441303803365,"29,826",50% bullish,of 4 ratings,$36
SRCE,$29.92,1441303803393,"18,402",100% bullish,of 3 ratings,$33
DGLD,$83.3599,1441303803500,"3,707",100% bullish,of 1 rating,N/A
UGLD,$9.02,1441303803540,"113,835",100% bearish,of 1 rating,N/A
VNET,$17.495,1441303803568,"245,103",60% bullish,of 5 ratings,$35
USLV,$12.71,1441303803589,"221,043",86% bullish,of 7 ratings,N/A
DSLV,$67.7601,1441303803876,"14,004",100% bearish,of 1 rating,N/A
CAFD,$15.06,1441303803979,"191,975",Not yet rated,NULL,$24.50
SIXD,$2.73,1441303804205,"29,565",Not yet rated,NULL,N/A
EGHT,$7.83,1441303804340,"102,257",82% bullish,of 17 ratings,$11
ABAX,$47.42,1441303804365,"13,987",100% bearish,of 1 rating,$60
SHLM,$33,1441303804391,"74,511",100% bearish,of 1 rating,$47
AAON,$20.15,1441303804420,"23,980",100% bearish,of 1 rating,$24
AVHI,$13.83,1441303804520,"12,514",100% bearish,of 1 rating,$19
ABEO,$4.63,1441303804784,"19,410",50% bullish,of 4 ratings,$15.50
ABEOW,$1.77,1441303804853,"6,540",100% bullish,of 1 rating,N/A
AXAS,$1.691,1441303804884,"455,833",78% bullish,of 9 ratings,$3.50
ABY,$22.29,1441303804909,"204,060",100% bearish,of 2 ratings,$46
ABMD,$95,1441303804941,"159,867",75% bullish,of 4 ratings,$100.50
ABGB,$4.81,1441303804984,"43,238",67% bullish,of 3 ratings,$5.50
ACHC,$73.2,1441303805580,"207,569",50% bullish,of 2 ratings,$92
ACTG,$9.16,1441303805633,"102,922",67% bullish,of 3 ratings,$18.50
AXDX,$18.95,1441303805659,"25,214",100% bearish,of 1 rating,N/A
ACST,$0.32,1441303805688,"42,503",100% bullish,of 2 ratings,N/A
XLRN,$28.27,1441303805714,"64,008",50% bullish,of 2 ratings,$57
ACAD,$39.395,1441303805791,"1,682,938",80% bullish,of 20 ratings,$48
VXDN,$1.9,1441303806086,"49,636",100% bearish,of 1 rating,N/A
ANCX,$19.62,1441303806111,"5,052",Not yet rated,NULL,$20
VXUP,$1.5,1441303806143,"31,613",100% bearish,of 1 rating,N/A
ARAY,$6.67,1441303806243,"297,109",100% bearish,of 1 rating,$10.50
ACET,$22.185,1441303806379,"43,142",75% bullish,of 4 ratings,$30
ACRX,$4.2501,1441303806456,"173,275",67% bearish,of 6 ratings,$7
AKAO,$6.93,1441303806593,"18,946",75% bullish,of 4 ratings,$15
ACHN,$7.48,1441303806789,"1,097,748",90% bullish,of 21 ratings,$16
ACIW,$21.47,1441303806814,"152,364",67% bearish,of 3 ratings,$24
ACOR,$32.06,1441303806979,"200,545",67% bearish,of 3 ratings,$38.50
ACNB,NULL,1441303807039,0,Not yet rated,NULL,N/A
ACTS,$1.58,1441303807076,"32,656",100% bearish,of 1 rating,N/A
ACPW,$1.9625,1441303807103,"12,666",100% bullish,of 4 ratings,$3.25
ATVI,$28.585,1441303807232,"3,727,941",67% bullish,of 84 ratings,$31.50
ACUR,$2.87,1441303807466,"13,493",100% bullish,of 5 ratings,$5
ACTA,$14,1441303807531,"28,205",67% bearish,of 3 ratings,$25
ACXM,$20.7,1441303807598,"56,243",67% bullish,of 3 ratings,N/A
ADAP,$10.97,1441303807663,"11,267",67% bullish,of 3 ratings,$22
ADMP,$3.58,1441303807733,"29,971",50% bullish,of 2 ratings,$10
ADMS,$19.01,1441303807759,"36,370",100% bearish,of 2 ratings,$36
TFSC,NULL,1441303807890,0,100% bearish,of 1 rating,N/A
TFSCR,NULL,1441303807915,0,Not yet rated,NULL,N/A
AEY,$2.3305,1441303808098,"2,450",100% bearish,of 2 ratings,N/A
ADBE,$78.0825,1441303808128,"944,692",65% bullish,of 17 ratings,$90
ADMA,$8.92,1441303808149,"1,816",Not yet rated,NULL,$19
ADUS,$29.635,1441303808182,"20,614",100% bearish,of 1 rating,$31
ADEP,$7.25,1441303808231,"53,289",50% bullish,of 2 ratings,$10.75
ADTN,$15.82,1441303808544,"44,550",67% bullish,of 3 ratings,$17.125
AMD,$1.785,1441303808574,"3,376,631",83% bullish,of 103 ratings,$2
ADXS,$13.35,1441303808634,"227,548",64% bullish,of 14 ratings,$27
ADRO,$18.5,1441303808659,"49,719",80% bullish,of 5 ratings,$45.50
AEIS,$24.58,1441303808685,"35,278",50% bullish,of 2 ratings,$32.50
YPRO,$22.98,1441303808849,382,100% bearish,of 1 rating,N/A
ADXSW,$9.58,1441303808941,"32,944",100% bullish,of 1 rating,N/A
MULT,NULL,1441303808961,0,100% bearish,of 1 rating,N/A
AEGN,$18.13,1441303809044,"22,688",100% bearish,of 2 ratings,$21
AEGR,$17.76,1441303809114,"130,470",50% bullish,of 6 ratings,$26
AEPI,$56.19,1441303809140,"10,576",100% bearish,of 1 rating,N/A
AEHR,$2.25,1441303809173,"3,330",50% bullish,of 2 ratings,N/A
AERI,$15.779,1441303809272,"195,469",75% bullish,of 4 ratings,$31.50
AMTX,$2.87,1441303809301,"18,439",50% bullish,of 2 ratings,$26.11
AVAV,$20.91,1441303809437,"156,507",50% bullish,of 4 ratings,$30
AEZS,$0.0885,1441303809644,"10,531,414",90% bullish,of 21 ratings,$1.50
AGIO,$84.074,1441303809890,"115,333",88% bullish,of 8 ratings,$114
AFMD,$9.52,1441303809920,"38,442",50% bullish,of 4 ratings,$15
AFFX,$8.98,1441303809946,"433,573",80% bullish,of 5 ratings,$12.50
AGEN,$6.6799,1441303809971,"323,151",85% bullish,of 13 ratings,$14
AEMD,$7.738,1441303809996,"160,283",Not yet rated,NULL,$27.50
AGRX,$8.46,1441303810026,"8,948",100% bearish,of 1 rating,$17.50
AGYS,$9.56,1441303810129,"3,231",100% bearish,of 1 rating,N/A
AGFSW,NULL,1441303810362,0,100% bearish,of 2 ratings,N/A
AGFS,$9.78,1441303810389,"23,751",100% bearish,of 1 rating,N/A
AIMT,$23.415,1441303810439,"106,620",Not yet rated,NULL,$35.50
AIRM,$36.42,1441303810544,"51,340",80% bearish,of 5 ratings,$53
AIRT,NULL,1441303810569,0,100% bullish,of 1 rating,N/A
ATSG,$8.88,1441303810599,"39,766",67% bullish,of 3 ratings,$13
AMCN,$4.56,1441303810768,"33,421",83% bullish,of 6 ratings,N/A
AIXG,$6.485,1441303810915,"5,039",67% bearish,of 3 ratings,$5.25
AKER,$2.7801,1441303811053,"4,650",Not yet rated,NULL,N/A
AKRX,$38.79,1441303811120,"209,764",78% bullish,of 9 ratings,$56
AKAM,$72.91,1441303811148,"912,410",63% bullish,of 8 ratings,$77.50
AKBA,$6.73,1441303811194,"403,786",100% bearish,of 1 rating,$18
ABDC,$12.8925,1441303811462,"15,037",Not yet rated,NULL,$15
ALRM,$16.572,1441303811500,"133,205",100% bearish,of 1 rating,$22
AMRI,$20.16,1441303811533,"57,903",75% bearish,of 4 ratings,$24
ALDR,$40.01,1441303811559,"204,266",67% bearish,of 3 ratings,$62
ALDX,$7.31,1441303811645,"1,401",100% bearish,of 1 rating,$14.50
ALSK,$2.2135,1441303811694,"35,241",78% bullish,of 18 ratings,$2
ALXN,$174.84,1441303811776,"403,669",88% bullish,of 8 ratings,$223.50
ADHD,$7.775,1441303811822,"58,428",50% bullish,of 4 ratings,$18
ALXA,$1.2,1441303811969,"8,646",83% bullish,of 6 ratings,$2.125
ALCO,$42.17,1441303812234,"11,391",50% bullish,of 2 ratings,N/A
ALIM,$3.05,1441303813195,"10,130",80% bullish,of 5 ratings,$10
ALGN,$55.38,1441303813220,"350,931",100% bearish,of 2 ratings,$73
ALLB,$23.03,1441303813952,601,Not yet rated,NULL,N/A
ALGT,$204.68,1441303814023,"65,457",100% bearish,of 2 ratings,$235
ALKS,$63,1441303814298,"405,431",67% bullish,of 3 ratings,$75
AFOP,$19.06,1441303814431,"152,194",75% bullish,of 8 ratings,$21
AIQ,$15.17,1441303814575,"3,206",67% bullish,of 3 ratings,N/A
AHGP,$35.92,1441303814620,"9,179",67% bullish,of 3 ratings,N/A
AMOT,$18.16,1441303814897,"53,072",100% bearish,of 1 rating,N/A
ARLP,$25.16,1441303815160,"49,692",67% bearish,of 3 ratings,$32
AFAM,$45.41,1441303815235,"43,037",50% bullish,of 2 ratings,$44
MDRX,$13.15,1441303815980,"3,445,098",60% bullish,of 5 ratings,$16
ALQA,$4.65,1441303816184,"19,153",75% bullish,of 4 ratings,$8.50
AOSL,$7.98,1441303816361,"17,833",67% bullish,of 3 ratings,$9
ALLT,$5.03,1441303816460,"10,676",75% bullish,of 4 ratings,$6.25
AHPI,$1.5,1441303816521,625,50% bullish,of 2 ratings,N/A
SMCP,$23.3,1441303816626,700,Not yet rated,NULL,N/A
ALNY,$97.4999,1441303816660,"188,475",67% bullish,of 3 ratings,$151.50
ATEC,$0.59,1441303816734,"25,459",100% bullish,of 1 rating,$2
ALTR,$48.9,1441303816939,"561,513",80% bearish,of 5 ratings,$54
AMAG,$61.3,1441303817175,"244,168",100% bullish,of 2 ratings,$75
AIMC,$23.6,1441303817199,"43,783",100% bearish,of 2 ratings,$28.50
AYA,$20.69,1441303817274,"2,483",100% bearish,of 1 rating,$40
AMRN,$2.25,1441303817371,"402,669",85% bullish,of 40 ratings,$8
AMRK,$10.48,1441303817438,"1,000",50% bullish,of 2 ratings,$14
ASPS,$26.18,1441303817570,"62,097",67% bullish,of 3 ratings,$46.50
AMBCW,$8.54,1441303817620,725,100% bearish,of 1 rating,N/A
AMBA,$75.8662,1441303817704,"1,656,941",83% bullish,of 12 ratings,$95
AMZN,$504.75,1441303817779,"980,640",81% bullish,of 267 ratings,$646
AMBC,$16.56,1441303817850,"93,777",100% bearish,of 1 rating,$16.50
EPAX,$2.69,1441303817878,"29,576",100% bearish,of 1 rating,N/A
AMCX,$71.29,1441303818225,"174,996",67% bullish,of 3 ratings,$87.50
DOX,$57.01,1441303818282,"175,973",67% bearish,of 3 ratings,$60
AMDA,$0.4826,1441303818308,"201,054",90% bullish,of 10 ratings,$1
AMED,$40.58,1441303818354,"89,267",100% bearish,of 1 rating,$42
UHAL,$373.77,1441303818380,"12,711",100% bullish,of 2 ratings,$393.50
ATAX,$5.2901,1441303818536,"31,153",100% bullish,of 1 rating,$6.50
ASBI,$22.81,1441303818563,"2,979",Not yet rated,NULL,N/A
AGNC,$19.17,1441303818746,"625,859",71% bullish,of 28 ratings,$22
AGNCP,$25.3066,1441303818843,"5,007",Not yet rated,NULL,N/A
AGNCB,$24.2499,1441303818874,"1,420",Not yet rated,NULL,N/A
MTGE,$15.27,1441303818900,"129,315",75% bullish,of 4 ratings,$19.50
AAL,$40.93,1441303818926,"3,849,622",93% bullish,of 88 ratings,$57
AMOV,$17.99,1441303818955,285,100% bearish,of 1 rating,N/A
MTGEP,$24.23,1441303818976,"3,500",Not yet rated,NULL,N/A
AETI,$3.28,1441303819350,"1,320",67% bearish,of 3 ratings,N/A
ACAS,$13.7027,1441303819483,"576,470",60% bullish,of 5 ratings,$16.75
AMIC,NULL,1441303819508,0,100% bearish,of 1 rating,N/A
APEI,$21.82,1441303819698,"36,859",100% bearish,of 1 rating,$25.50
ARII,$40.28,1441303819728,"70,722",67% bearish,of 3 ratings,$45
AMRB,$10.15,1441303819755,"2,713",Not yet rated,NULL,$11
ANCI,$1.55,1441303819831,1,100% bearish,of 1 rating,N/A
AMNB,$23.3501,1441303819889,"9,557",Not yet rated,NULL,$25.50
ACSF,$12.304,1441303820026,"10,502",100% bearish,of 1 rating,$15
ASEI,$39.3688,1441303820060,"21,096",100% bearish,of 1 rating,$52.50
AMSWA,$8.97,1441303820156,"7,193",100% bearish,of 2 ratings,$10.75
ANAT,$99.07,1441303820187,"10,577",100% bullish,of 1 rating,N/A
AMWD,$66.5,1441303820218,"43,717",50% bullish,of 2 ratings,$70
AMSC,$4.8439,1441303820239,"51,503",50% bullish,of 4 ratings,N/A
ABCB,$27.24,1441303820401,"112,211",Not yet rated,NULL,$31
CRMT,$35.95,1441303820427,"29,043",100% bearish,of 1 rating,$38
AMSF,$46.4175,1441303820708,"7,086",Not yet rated,NULL,$57.50
ASRV,$3.25,1441303820734,"2,801",100% bullish,of 2 ratings,N/A
ASRVP,NULL,1441303820863,0,Not yet rated,NULL,N/A
AMGN,$149.86,1441303820889,"909,660",89% bullish,of 19 ratings,$185
AMSG,$78.12,1441303821129,"84,859",100% bearish,of 1 rating,$85.50
ATLO,$23.41,1441303821158,"3,600",Not yet rated,NULL,N/A
AMKR,$5.365,1441303821259,"373,979",100% bearish,of 2 ratings,$5
AMSGP,NULL,1441303821287,0,Not yet rated,NULL,N/A
FOLD,$14.95,1441303821313,"579,188",56% bullish,of 9 ratings,$21
AMPH,$13.235,1441303821348,"89,497",50% bullish,of 2 ratings,$20
AFSI,$57.79,1441303821451,"104,625",60% bullish,of 5 ratings,$72
ASYS,$5.49,1441303821495,"17,973",67% bullish,of 3 ratings,$12
ANAC,$132.865,1441303821630,"198,673",80% bullish,of 5 ratings,$180.50
AMRS,$1.7101,1441303821657,"51,598",70% bullish,of 10 ratings,N/A
ADI,$55.26,1441303821974,"766,785",75% bullish,of 4 ratings,$69
ANAD,$0.3134,1441303822102,"132,997",100% bullish,of 2 ratings,$.50
ABCW,$41,1441303822128,"1,554",67% bullish,of 3 ratings,N/A
ANCB,$21.47,1441303822161,870,Not yet rated,NULL,$23
AMCF,NULL,1441303822181,0,NULL,NULL,NULL
ALOG,$81.18,1441303822210,"60,100",100% bearish,of 2 ratings,$100.50
ANGO,$14.57,1441303822265,"30,404",67% bullish,of 3 ratings,$19
ANGI,$5.05,1441303822363,"67,891",64% bullish,of 11 ratings,$5.50
ANIK,$35.64,1441303822499,"47,879",60% bullish,of 5 ratings,$51.25
ANSS,$89.84,1441303822540,"142,964",100% bearish,of 1 rating,$100
ANIP,$51.775,1441303822700,"128,266",89% bullish,of 19 ratings,$66
ATRS,$1.83,1441303822730,"243,967",92% bullish,of 12 ratings,$4.50
ANTH,$6.9,1441303822833,"347,772",80% bullish,of 10 ratings,$13
ABAC,$0.8,1441303822864,"12,718",100% bearish,of 1 rating,N/A
APIC,$6.52,1441303823096,"52,372",100% bearish,of 1 rating,$19
APOL,$10.99,1441303823227,"324,233",87% bearish,of 68 ratings,$14
AINV,$6.45,1441303823280,"559,281",50% bullish,of 4 ratings,$8
APOG,$51.9501,1441303823314,"62,156",50% bullish,of 2 ratings,$67
AAPL,$110.12,1441303823335,"19,447,169",86% bullish,of 2363 ratings,$150
APPF,$16.752,1441303823365,"29,392",50% bullish,of 2 ratings,$22
ARCI,NULL,1441303823417,0,Not yet rated,NULL,N/A
ATNY,$2.41,1441303823499,"1,566",50% bullish,of 2 ratings,$3.75
APDNW,$1.42,1441303823599,"3,280",Not yet rated,NULL,N/A
AMAT,$15.75,1441303823878,"4,027,125",82% bullish,of 11 ratings,$23
AGTC,$16.24,1441303823984,"25,185",50% bullish,of 2 ratings,$33
APDN,$3.4028,1441303824028,"8,785",Not yet rated,NULL,$9
AMCC,$5.72,1441303824064,"175,197",80% bullish,of 5 ratings,$8
AREX,$2.405,1441303824115,"404,935",50% bullish,of 2 ratings,$3
AQMS,$4.9999,1441303824195,"9,113",Not yet rated,NULL,N/A
AAOI,$20.49,1441303824220,"67,794",50% bullish,of 4 ratings,$26
APTO,$5.298,1441303824254,"1,314",Not yet rated,NULL,$17
AUMA,NULL,1441303824461,0,Not yet rated,NULL,N/A
AQXP,$16.2931,1441303824487,"64,646",50% bullish,of 2 ratings,$2
AUMAU,NULL,1441303824549,0,Not yet rated,NULL,N/A
APRI,$1.61,1441303824653,"194,011",83% bullish,of 6 ratings,$4.86
AUMAW,NULL,1441303824702,0,Not yet rated,NULL,N/A
PETX,$17.63,1441303824735,"75,036",100% bearish,of 2 ratings,$26
ARDM,NULL,1441303824785,0,100% bullish,of 1 rating,$26
ABIO,$0.9098,1441303825292,"42,297",50% bullish,of 2 ratings,$3.75
ARCW,$3.22,1441303825317,"5,368",100% bearish,of 2 ratings,$10.50
ABUS,$7,1441303825539,"306,997",86% bullish,of 14 ratings,$21.50
ACGL,$68.99,1441303825676,"62,177",50% bullish,of 2 ratings,$72
RKDA,$5.53,1441303825818,"2,800",100% bearish,of 2 ratings,$10
ARCB,$28.34,1441303826120,"48,971",67% bearish,of 3 ratings,$39.50
ACAT,$25.89,1441303827643,"26,921",100% bearish,of 3 ratings,$33
ARNA,$2.76,1441303827932,"1,073,180",90% bullish,of 78 ratings,$5.50
ARDX,$18.495,1441303828376,"54,010",50% bullish,of 2 ratings,$24.50
ARCC,$15.49,1441303828750,"517,374",67% bearish,of 3 ratings,$17.75
AGII,$55.15,1441303828778,"26,667",Not yet rated,NULL,$59.50
ARGS,$6.205,1441303829050,"30,186",50% bullish,of 2 ratings,$19.50
AGIIL,$25.257,1441303829148,"1,544",Not yet rated,NULL,N/A
ARIA,$7.675,1441303829220,"2,607,872",89% bullish,of 46 ratings,$9
ARIS,$3.8286,1441303829269,596,Not yet rated,NULL,$4.50
ARKR,$25.083,1441303829300,"1,061",50% bullish,of 2 ratings,N/A
ARTX,$1.4,1441303829504,"26,611",88% bullish,of 16 ratings,$4.50
ARWA,NULL,1441303829551,0,Not yet rated,NULL,N/A
ARMH,$43,1441303829688,"470,959",54% bearish,of 13 ratings,$60
ARWAW,NULL,1441303829756,0,Not yet rated,NULL,N/A
ARRY,$5.81,1441303829787,"471,143",100% bullish,of 7 ratings,$10
ARWAR,$0.2436,1441303829814,200,Not yet rated,NULL,N/A
ARQL,$1.67,1441303829839,"15,016",75% bullish,of 4 ratings,$5
ARRS,$26.11,1441303829890,"475,923",50% bullish,of 2 ratings,$38
DWAT,NULL,1441303830192,0,100% bearish,of 1 rating,N/A
ARWAU,NULL,1441303830220,0,100% bullish,of 1 rating,N/A
ARWR,$5.44,1441303830249,"554,013",75% bullish,of 4 ratings,$10.50
AROW,$27.2308,1441303830298,"2,345",Not yet rated,NULL,N/A
ARTNA,$21.86,1441303830354,"4,188",100% bearish,of 1 rating,$29
ARTW,$4.0096,1441303830427,"2,467",75% bearish,of 4 ratings,N/A
ASBB,$24,1441303830556,125,Not yet rated,NULL,N/A
ASMI,NULL,1441303830654,0,NULL,NULL,NULL
ASTI,$0.2605,1441303830682,"4,317,342",83% bullish,of 6 ratings,$3
ASND,$19.5,1441303830727,"16,244",50% bullish,of 2 ratings,$30
APWC,$1.65,1441303830811,"1,000",100% bearish,of 1 rating,N/A
ASNA,$12.28,1441303830859,"621,217",50% bullish,of 2 ratings,$18
ASCMA,$27.2,1441303830886,"17,211",100% bearish,of 1 rating,$45
ASML,$92.63,1441303830911,"302,657",50% bullish,of 4 ratings,$127
ASMB,$13.66,1441303831132,"19,901",67% bullish,of 3 ratings,N/A
AZPN,$38.03,1441303831158,"149,299",50% bullish,of 2 ratings,$42
ASFI,$8.8599,1441303831294,"2,868",100% bullish,of 1 rating,N/A
ASTE,$38.35,1441303831361,"39,335",100% bearish,of 1 rating,$49
ATAI,$2.31,1441303831565,"11,398",100% bearish,of 1 rating,N/A
ASTC,$2.19,1441303831594,"8,659",100% bullish,of 5 ratings,N/A
ALOT,$13.98,1441303831654,"1,508",100% bearish,of 1 rating,N/A
ATRO,$50.751,1441303831723,"80,199",100% bearish,of 2 ratings,$80
ATHN,$131.385,1441303831748,"63,933",67% bearish,of 3 ratings,$153
ASUR,$5.36,1441303831810,"6,946",50% bullish,of 2 ratings,$8
ATRA,$41.93,1441303831881,"88,420",50% bullish,of 2 ratings,$68
AFCB,$25.64,1441303831939,101,Not yet rated,NULL,N/A
AAME,$3.57,1441303832113,"3,753",Not yet rated,NULL,N/A
ATHX,$1.12,1441303832241,"143,672",89% bullish,of 9 ratings,$5
ATNI,$73.395,1441303832272,"8,068",100% bearish,of 1 rating,$69.50
AAPC,$10.1,1441303832293,8,Not yet rated,NULL,N/A
ACFC,$5.483,1441303832322,"21,614",100% bearish,of 1 rating,$6.50
ATLC,$3.85,1441303832449,"3,554",67% bullish,of 3 ratings,N/A
AFH,$16.25,1441303832547,"37,702",Not yet rated,NULL,$21.50
AAWW,$38.757,1441303832615,"92,791",50% bullish,of 2 ratings,$65
ATOS,$0.83,1441303832642,"98,163",100% bullish,of 7 ratings,$7
ATML,$7.955,1441303832668,"1,679,915",78% bullish,of 9 ratings,$9.50
ATRC,$24.35,1441303832794,"43,254",100% bullish,of 1 rating,$30
LIFE,$14.61,1441303833034,"18,732",86% bullish,of 7 ratings,$43
ATRM,$2.74,1441303833063,307,50% bullish,of 2 ratings,N/A
ATTU,$13.19,1441303833090,"6,269",100% bearish,of 1 rating,$20.50
ATRI,$382.42,1441303833368,"3,637",Not yet rated,NULL,N/A
AUBN,$26.8499,1441303833400,300,Not yet rated,NULL,N/A
AUDC,$3.28,1441303833438,"49,578",80% bullish,of 5 ratings,$5
ADAT,$0.27,1441303833510,"216,159",100% bullish,of 2 ratings,N/A
AUPH,$3.4,1441303833653,"6,709",100% bearish,of 1 rating,$8
EARS,$4.31,1441303833679,"4,157",100% bearish,of 2 ratings,$11
ABTL,$18.29,1441303833739,"31,465",100% bullish,of 4 ratings,$20.25
AVNU,$12.91,1441303833901,626,Not yet rated,NULL,$14
AVGO,$123.82,1441303834032,"930,269",88% bullish,of 8 ratings,$165
ADSK,$45.82,1441303834061,"2,074,048",67% bullish,of 6 ratings,$66
ADP,$77.42,1441303834090,"584,152",100% bearish,of 1 rating,$88
AVEO,$1.3564,1441303834115,"121,759",75% bullish,of 8 ratings,$3
AAVL,$10.09,1441303834169,"108,491",100% bearish,of 1 rating,$20
AVGR,$14.81,1441303834400,"11,406",100% bearish,of 1 rating,$20
AWRE,$3.22,1441303834686,"11,510",67% bullish,of 3 ratings,N/A
ACLS,$3.235,1441303834714,"198,914",67% bullish,of 6 ratings,$4.75
AVID,$8.45,1441303834742,"156,482",100% bearish,of 1 rating,$20
CAR,$43.7,1441303834768,"575,368",80% bullish,of 5 ratings,$60
AVNW,$1.2199,1441303834789,"51,587",50% bullish,of 2 ratings,N/A
AXGN,$4.65,1441303834933,"113,034",Not yet rated,NULL,$5
AXPW,$2.07,1441303834959,"1,036,056",86% bullish,of 7 ratings,N/A
AXPWW,NULL,1441303835035,0,Not yet rated,NULL,N/A
AXTI,$2.14,1441303835103,"11,800",50% bullish,of 2 ratings,$2.75
BIDU,$148.255,1441303835300,"901,667",81% bullish,of 88 ratings,$210
RILY,NULL,1441303835329,0,Not yet rated,NULL,N/A
BEAV,$49.25,1441303835351,"184,803",67% bearish,of 3 ratings,$59
BCOM,$19.31,1441303835381,610,100% bearish,of 1 rating,N/A
BOSC,$2.11,1441303835402,"1,594",50% bullish,of 2 ratings,N/A
BWINA,NULL,1441303835694,0,Not yet rated,NULL,N/A
BCPC,$57.58,1441303835719,"41,577",100% bearish,of 1 rating,$75
BANF,$60.09,1441303835782,"6,137",Not yet rated,NULL,$68
BWINB,$22.52,1441303835851,"2,884",Not yet rated,NULL,N/A
BLDP,$1.335,1441303835925,"252,324",91% bullish,of 22 ratings,$2.50
BOCH,$5.8,1441303836031,"3,898",Not yet rated,NULL,$6.50
BANFP,NULL,1441303836076,0,Not yet rated,NULL,N/A
BMRC,$47.77,1441303836174,"1,037",Not yet rated,NULL,$52
BKMU,$6.94,1441303836511,"9,114",Not yet rated,NULL,$8
BKSC,$16.79,1441303836557,"4,495",Not yet rated,NULL,N/A
OZRK,$40.83,1441303836582,"123,845",67% bullish,of 3 ratings,$49.50
BOTJ,$10.85,1441303836750,222,Not yet rated,NULL,N/A
BFIN,$12.17,1441303836910,"3,893",Not yet rated,NULL,$13
BANR,$44.09,1441303837051,"11,681",100% bullish,of 3 ratings,$50
BWFG,$18.2,1441303837292,"6,251",100% bearish,of 1 rating,N/A
BZUN,$5.26,1441303839152,"286,617",50% bullish,of 2 ratings,$11.50
TAPR,$33.25,1441303839701,100,100% bearish,of 1 rating,N/A
BHAC,NULL,1441303839920,0,Not yet rated,NULL,N/A
BHACU,NULL,1441303840090,0,Not yet rated,NULL,N/A
BHACW,NULL,1441303840117,0,Not yet rated,NULL,N/A
BHACR,NULL,1441303840144,0,Not yet rated,NULL,N/A
BBSI,$34.26,1441303840180,"31,200",67% bearish,of 3 ratings,$62.50
BYBK,$5.03,1441303840274,500,100% bearish,of 1 rating,N/A
BSET,$28.34,1441303840302,"34,533",100% bearish,of 1 rating,$35
BYLK,$12.9963,1441303840323,"2,100",Not yet rated,NULL,$14
BV,$5.05,1441303840483,"195,724",67% bullish,of 6 ratings,$8.75
BBCN,$14.28,1441303840630,"65,674",100% bearish,of 1 rating,$16
BCBP,$11.4001,1441303840662,435,Not yet rated,NULL,N/A
BDCV,$4.92,1441303840709,"9,741",100% bearish,of 1 rating,$10.19
BECN,$36.08,1441303840795,"113,807",50% bullish,of 2 ratings,$40
BSF,$8.38,1441303840998,"2,613",Not yet rated,NULL,N/A
BBGI,$4.23,1441303841023,1,100% bearish,of 1 rating,N/A
BBBY,$62.31,1441303841277,"425,256",71% bullish,of 7 ratings,$75
BELFA,$15.5,1441303841348,"1,107",100% bearish,of 1 rating,N/A
BEBE,$1.22,1441303841378,"229,643",75% bullish,of 4 ratings,$2.125
BELFB,$18.18,1441303841486,"4,993",100% bearish,of 1 rating,N/A
BNTC,$7.47,1441303841540,"14,117",100% bullish,of 1 rating,N/A
BLPH,$4.2,1441303841565,"7,984",100% bearish,of 1 rating,$12.50
BLCM,$15.81,1441303841596,"81,542",50% bullish,of 4 ratings,$40
BNFT,$36.39,1441303841622,"30,625",67% bullish,of 3 ratings,$46
BGCP,$8.845,1441303841815,"197,934",88% bullish,of 8 ratings,$14
BNCL,$12.375,1441303841847,"55,748",100% bullish,of 3 ratings,$12.50
BGMD,$0.665,1441303841885,"137,524",100% bullish,of 10 ratings,N/A
ORPN,$5.76,1441303842115,"7,410",100% bullish,of 1 rating,$28.50
BGFV,$11.14,1441303842140,"27,432",57% bullish,of 7 ratings,$12
BIND,$4.8,1441303842198,"66,672",75% bullish,of 4 ratings,$13.50
BCDA,NULL,1441303842367,0,Not yet rated,NULL,N/A
BCRX,$11.26,1441303842392,"149,158",63% bullish,of 8 ratings,$18
BIOC,$1.9524,1441303842421,"91,235",83% bullish,of 6 ratings,$3.85
BASI,$1.65,1441303842451,1,Not yet rated,NULL,N/A
BIIB,$303.13,1441303842557,"537,611",88% bullish,of 16 ratings,$400
BIOL,$1.54,1441303842778,"3,549",Not yet rated,NULL,N/A
BDSI,$6.2299,1441303842807,"423,413",88% bullish,of 8 ratings,$17
BLFS,$2.2,1441303842873,"81,256",100% bearish,of 1 rating,$4.75
BIOD,$0.6972,1441303842903,"42,899",80% bullish,of 5 ratings,$4
BMRN,$126.69,1441303842938,"216,362",80% bullish,of 5 ratings,$160
BVXV,$3.83,1441303843204,"99,207",Not yet rated,NULL,N/A
BLRX,$1.65,1441303843242,"233,409",100% bullish,of 12 ratings,$5
BPTH,$1.15,1441303843291,"22,558",100% bullish,of 2 ratings,$5
BVXVW,$0.82,1441303843324,"9,691",100% bearish,of 1 rating,N/A
BRLI,NULL,1441303843347,0,NULL,NULL,NULL
BIOS,$2.42,1441303843433,"301,152",71% bullish,of 7 ratings,$4
BBP,$32.5,1441303843615,"5,434",Not yet rated,NULL,N/A
BSTC,$47.76,1441303843746,"27,706",100% bearish,of 1 rating,$76
BSPM,$0.636,1441303843771,"10,067",50% bullish,of 2 ratings,N/A
TECH,$92.43,1441303843908,"32,988",100% bullish,of 1 rating,$117
BBC,$31.0001,1441303843960,"11,389",Not yet rated,NULL,N/A
BEAT,$15.25,1441303843997,"211,569",67% bearish,of 3 ratings,$15
BOTA,$2.1801,1441303844053,"16,180",88% bullish,of 8 ratings,N/A
BITI,$16.93,1441303844156,"2,800",100% bullish,of 1 rating,$28
BDMS,NULL,1441303844183,0,100% bearish,of 1 rating,N/A
BJRI,$44.32,1441303844214,"87,794",50% bullish,of 2 ratings,$55
BBOX,$15.01,1441303844318,"11,849",100% bearish,of 1 rating,N/A
BLKB,$57.045,1441303844416,"33,171",100% bearish,of 2 ratings,$66
BBRY,$7.38,1441303844516,"1,086,507",61% bullish,of 330 ratings,$9
BKCC,$9.477,1441303844562,"169,888",50% bullish,of 2 ratings,$10
ADRA,$26.86,1441303844687,150,100% bearish,of 1 rating,N/A
BDE,$7.43,1441303844760,"55,116",50% bullish,of 2 ratings,$9
ADRE,$29.665,1441303844862,"1,285",100% bearish,of 1 rating,N/A
HAWK,$39.79,1441303844894,"154,241",91% bullish,of 11 ratings,$49
ADRU,NULL,1441303844925,0,100% bearish,of 1 rating,N/A
BCOR,$13.42,1441303844997,"33,587",57% bullish,of 7 ratings,$15
ADRD,$21.7179,1441303845026,"54,158",100% bearish,of 1 rating,N/A
BLMN,$20.66,1441303845099,"234,320",83% bullish,of 6 ratings,$27.50
BUFF,$23.99,1441303845175,"188,636",77% bullish,of 13 ratings,$31.50
BBLU,$0.8601,1441303845307,"109,521",100% bullish,of 2 ratings,$4.43
NILE,$33.96,1441303845435,"37,998",50% bullish,of 2 ratings,$34
BLBD,$11.8,1441303845461,"2,450",Not yet rated,NULL,N/A
BLUE,$127.95,1441303845509,"151,367",71% bullish,of 7 ratings,$217.50
BHBK,$14.01,1441303845534,"7,366",100% bullish,of 1 rating,$14.50
BNCN,$21.03,1441303845769,"10,995",Not yet rated,NULL,$24
BKEPP,$7.86,1441303845822,"1,004",100% bearish,of 1 rating,N/A
BPMC,$28.23,1441303845865,"30,166",50% bullish,of 2 ratings,$47.50
BKEP,$6.4,1441303845895,"24,002",100% bearish,of 1 rating,$8.50
BOBE,$44.62,1441303845962,"252,392",75% bullish,of 4 ratings,$57
BOFI,$109.305,1441303846027,"210,914",100% bullish,of 6 ratings,$144
WIFI,$7.64,1441303846091,"88,035",50% bullish,of 2 ratings,$13.50
BOKF,$62.64,1441303846198,"78,399",100% bearish,of 1 rating,$69
BOJA,$20.87,1441303846328,"31,974",100% bullish,of 1 rating,$30
BONA,$11.4,1441303846508,"21,054",75% bullish,of 4 ratings,$8.50
BAMM,$3.18,1441303846534,"2,486",60% bullish,of 5 ratings,N/A
BNSO,$1.274,1441303846555,"2,222",100% bearish,of 1 rating,N/A
BPFH,$11.805,1441303846688,"73,329",100% bearish,of 1 rating,$14
BPFHW,NULL,1441303846723,0,100% bearish,of 1 rating,N/A
EPAY,$26.89,1441303846911,"66,787",100% bearish,of 2 ratings,$30
BPFHP,$24.91,1441303846946,"3,150",100% bearish,of 1 rating,N/A
BDBD,$8.37,1441303847046,"180,108",60% bullish,of 5 ratings,$10
BCLI,$3.1599,1441303847074,"16,727",80% bullish,of 5 ratings,$12
BBEPP,$14.6,1441303847101,"12,027",100% bearish,of 1 rating,N/A
BBEP,$2.68,1441303847134,"711,299",69% bullish,of 13 ratings,$5.625
BDGE,$26.2,1441303847238,"2,780",Not yet rated,NULL,$31.75
BBRG,$12.455,1441303847264,"14,494",67% bullish,of 3 ratings,$14.50
BLIN,NULL,1441303847646,0,50% bullish,of 2 ratings,$2.20
BRID,$8.4,1441303847671,1,100% bearish,of 1 rating,N/A
BCOV,$5.26,1441303848056,"32,887",67% bullish,of 3 ratings,$10.20
BVSN,$5.9501,1441303848082,"1,300",60% bearish,of 5 ratings,N/A
BSFT,$32.14,1441303848103,"44,941",57% bullish,of 7 ratings,$40.50
BRCM,$51.16,1441303848137,"971,629",69% bullish,of 13 ratings,$56
BYFC,$1.35,1441303848158,"2,144",50% bullish,of 2 ratings,N/A
BWEN,$3.13,1441303848247,"9,002",75% bullish,of 4 ratings,$8
BRCD,$10.325,1441303848321,"1,067,013",92% bullish,of 13 ratings,$12
BRKR,$17.97,1441303848422,"367,511",100% bearish,of 2 ratings,$22
BLMT,$20.96,1441303848704,841,Not yet rated,NULL,N/A
BRKS,$10.36,1441303848752,"73,464",67% bullish,of 3 ratings,$15.25
BMTC,$29.32,1441303848782,"24,767",Not yet rated,NULL,$34
BRKL,$10.48,1441303848808,"138,066",100% bearish,of 1 rating,$10.75
BSQR,$6.134,1441303848830,"22,894",67% bullish,of 3 ratings,N/A
BWLD,$196.41,1441303849063,"83,327",82% bullish,of 11 ratings,$205
BLDR,$15.345,1441303849195,"758,178",67% bullish,of 3 ratings,$22
CCMP,$43.03,1441303849274,"15,754",50% bullish,of 2 ratings,$59
CHRW,$68.16,1441303849301,"567,590",Not yet rated,NULL,$72
CFFI,$36.76,1441303849322,101,100% bearish,of 1 rating,N/A
BUR,$1.78,1441303849458,"10,000",100% bearish,of 1 rating,$8
CA,$27.31,1441303849485,"811,745",50% bullish,of 4 ratings,$33
CDZI,$7.45,1441303849662,"15,921",100% bearish,of 1 rating,N/A
CSTE,$38.82,1441303849871,"78,398",50% bullish,of 2 ratings,$65
CDNS,$20.49,1441303849901,"1,273,698",75% bullish,of 4 ratings,$22.50
CLBS,$1.72,1441303849926,"200,931",79% bullish,of 14 ratings,$4
PRSS,$4.2615,1441303849981,"6,743",80% bullish,of 5 ratings,$4.50
CZR,$9.25,1441303850083,"221,596",60% bearish,of 5 ratings,$10.50
CACQ,$7.15,1441303850180,"46,216",100% bearish,of 1 rating,$12.25
CLMS,$9.7099,1441303850208,"52,767",Not yet rated,NULL,$10.50
CHY,$11.237,1441303850390,"104,945",Not yet rated,NULL,N/A
CCD,$19.498,1441303850446,"44,853",Not yet rated,NULL,N/A
CHI,$10.4575,1441303850492,"105,255",100% bearish,of 1 rating,N/A
CFGE,$10.53,1441303850518,"1,100",Not yet rated,NULL,N/A
CSQ,$9.83,1441303850800,"130,932",Not yet rated,NULL,N/A
CGO,$12.0533,1441303850826,"7,943",100% bearish,of 1 rating,N/A
CAMP,$15.975,1441303850858,"55,107",88% bullish,of 8 ratings,$25
CVGW,$50.8523,1441303850885,"282,928",50% bullish,of 2 ratings,$62
CFNB,NULL,1441303850960,0,100% bearish,of 1 rating,N/A
CHW,$7.4892,1441303851042,"105,685",100% bearish,of 1 rating,N/A
CALD,$16.11,1441303851089,"196,086",100% bearish,of 1 rating,$21
CALA,$5.895,1441303851118,"120,972",67% bullish,of 3 ratings,$19.50
CLMT,$25.6999,1441303851355,"111,686",75% bullish,of 8 ratings,$31
ABCD,$5.17,1441303851385,"22,418",83% bullish,of 6 ratings,N/A
CALM,$52.97,1441303851412,"193,969",80% bullish,of 5 ratings,$63.50
CAMB,NULL,1441303851486,0,Not yet rated,NULL,N/A
CAMBU,NULL,1441303851678,0,100% bearish,of 1 rating,N/A
CAMBW,NULL,1441303851716,0,Not yet rated,NULL,N/A
CAC,$40,1441303851808,"1,537",Not yet rated,NULL,N/A
CAMT,$2.6,1441303851838,"8,516",73% bullish,of 11 ratings,$4
CSIQ,$18.44,1441303851941,"684,012",86% bullish,of 28 ratings,$42.50
CGIX,$9.5741,1441303851968,"7,948",67% bullish,of 3 ratings,$14.375
CBNJ,$10.92,1441303851994,"373,766",100% bearish,of 1 rating,N/A
CPHC,$10.25,1441303852037,"2,353",100% bearish,of 1 rating,N/A
CPLA,$48.01,1441303852327,"26,502",67% bearish,of 3 ratings,$65
CPLP,$7.09,1441303852386,"117,854",71% bullish,of 7 ratings,$11
CBF,$30.295,1441303852411,"59,194",Not yet rated,NULL,$32
CPTA,$13.95,1441303852462,"30,093",100% bearish,of 1 rating,$18.50
CCBG,$15.12,1441303852593,"2,455",Not yet rated,NULL,$17.25
CSWC,$44.93,1441303852625,"9,561",Not yet rated,NULL,N/A
CFFN,$11.9,1441303852647,"191,153",Not yet rated,NULL,$12.75
CAPN,$2.22,1441303852729,"97,660",100% bullish,of 1 rating,$10.85
CAPR,$4.515,1441303852800,"16,412",Not yet rated,NULL,$12
CAPNW,$0.6789,1441303852892,"2,792",Not yet rated,NULL,N/A
CARB,$11.12,1441303853131,"15,834",75% bullish,of 4 ratings,$12
CBYL,$4.34,1441303853162,"121,154",100% bearish,of 1 rating,$20
CPST,$0.3935,1441303853189,"272,269",95% bullish,of 22 ratings,$1.25
CRDC,$0.3279,1441303853210,"64,824",100% bullish,of 1 rating,$1.25
CFNL,$22.09,1441303853244,"18,149",Not yet rated,NULL,$24
CARA,$18.92,1441303853271,"127,995",50% bullish,of 4 ratings,$25
CRME,$9.1,1441303853339,"6,612",89% bullish,of 9 ratings,$11.25
CSII,$23.2118,1441303853607,"85,006",100% bearish,of 2 ratings,$42.125
CATM,$33.71,1441303853688,"50,497",100% bearish,of 1 rating,$44
CECO,$3.59,1441303853713,"135,116",67% bearish,of 3 ratings,$6
CTRE,$11.2,1441303853739,"89,344",50% bullish,of 2 ratings,$13.50
CKEC,$23.04,1441303853764,"62,479",50% bullish,of 2 ratings,$35.915
CDNA,$7.1,1441303853935,"18,053",100% bearish,of 1 rating,$9
CLBH,$12.625,1441303853960,409,Not yet rated,NULL,$16.50
CARO,$15.2701,1441303854116,"1,315",100% bearish,of 1 rating,$19
CRZO,$35.12,1441303854175,"544,023",67% bearish,of 3 ratings,$54.50
CARV,$6.4,1441303854203,"30,111",50% bullish,of 2 ratings,N/A
CART,$5.382,1441303854230,"1,100",100% bearish,of 1 rating,N/A
CRTN,NULL,1441303854268,0,100% bearish,of 1 rating,N/A
TAST,$12.75,1441303854362,"75,730",Not yet rated,NULL,$14.25
CASM,$1.183,1441303854494,"8,002",100% bullish,of 1 rating,$3.50
CACB,$5.36,1441303854558,"6,227",Not yet rated,NULL,$5.50
CSCD,$15.25,1441303854626,"5,856",100% bullish,of 2 ratings,$17
CASY,$104.56,1441303854730,"127,296",50% bullish,of 2 ratings,$99.50
CASI,$1.356,1441303854769,"1,955",100% bullish,of 1 rating,$3.50
CWST,$6.2,1441303854795,"51,042",50% bullish,of 2 ratings,$7.25
CATB,$11.735,1441303854969,"9,496",100% bearish,of 1 rating,$28
CASS,$48.64,1441303855000,"3,367",100% bearish,of 1 rating,N/A
CPRX,$3.7,1441303855026,"189,482",71% bullish,of 7 ratings,$7
CATY,$29.28,1441303855058,"242,677",100% bearish,of 1 rating,$33.50
CATYW,NULL,1441303855159,0,100% bearish,of 1 rating,N/A
CVCO,$71.01,1441303855184,"5,745",100% bearish,of 1 rating,N/A
CAVM,$68.51,1441303855346,"170,264",67% bearish,of 3 ratings,$72
CBFV,$20.9,1441303855478,"10,282",Not yet rated,NULL,$25
CNLM,NULL,1441303855508,0,Not yet rated,NULL,N/A
CNLMR,NULL,1441303855538,0,Not yet rated,NULL,N/A
CNLMU,NULL,1441303855605,0,100% bullish,of 1 rating,N/A
CNLMW,NULL,1441303855713,0,Not yet rated,NULL,N/A
CDW,$39.1,1441303855818,"145,539",75% bullish,of 4 ratings,$44
CBOE,$63.88,1441303855844,"123,999",Not yet rated,NULL,$63
CELG,$117.6116,1441303855976,"1,309,770",100% bullish,of 13 ratings,$156
CDK,$48.51,1441303856005,"106,585",67% bearish,of 3 ratings,$50
CECE,$9.43,1441303856030,"64,078",50% bullish,of 2 ratings,$16
CPXX,$2.2663,1441303856061,"50,684",100% bullish,of 2 ratings,$7
CLDN,$1.15,1441303856193,"78,244",71% bullish,of 7 ratings,$3
CELGZ,$1.7,1441303856224,"30,364",80% bullish,of 5 ratings,N/A
CLDX,$13.9519,1441303856326,"379,052",89% bullish,of 9 ratings,$36
CLRB,$3.09,1441303856387,1,100% bearish,of 1 rating,N/A
CLRBW,NULL,1441303856455,0,Not yet rated,NULL,N/A
CLLS,$31.96,1441303856587,"29,736",75% bullish,of 4 ratings,$51.50
CLSN,$2.01,1441303856735,"16,400",80% bullish,of 10 ratings,$7.50
CLTX,$1.9,1441303856803,"98,207",100% bullish,of 2 ratings,N/A
CBMG,$23.09,1441303856831,"18,184",50% bullish,of 2 ratings,N/A
CEMP,$33.56,1441303856882,"184,381",71% bullish,of 7 ratings,$52
CETX,$2.4539,1441303857013,"16,700",Not yet rated,NULL,$5.60
CFBK,$1.37,1441303857068,226,Not yet rated,NULL,N/A
CETV,$2.08,1441303857103,"6,909",67% bullish,of 3 ratings,$2.80
CYAD,NULL,1441303857124,0,100% bullish,of 1 rating,$87.50
CSFL,$13.86,1441303857199,"31,363",Not yet rated,NULL,$15
CENT,$14.05,1441303857271,"262,499",Not yet rated,NULL,$10
CENTA,$14.53,1441303857397,"122,564",Not yet rated,NULL,N/A
CVCY,$11.71,1441303857422,"5,308",Not yet rated,NULL,$12
CENX,$5.19,1441303857631,"653,323",67% bullish,of 6 ratings,$9
CNBKA,$40,1441303857677,"2,967",50% bullish,of 2 ratings,N/A
CNTY,$5.925,1441303857706,"4,048",80% bullish,of 5 ratings,$7.75
CPHD,$47.99,1441303857812,"182,867",67% bearish,of 3 ratings,$66
CERE,$1.1899,1441303857896,"1,429,644",88% bullish,of 8 ratings,N/A
CRNT,$1.38,1441303857924,"48,117",50% bullish,of 2 ratings,$2
CERN,$60.78,1441303857954,"373,203",67% bullish,of 3 ratings,$79
CERU,$4.2001,1441303858056,"12,768",75% bullish,of 4 ratings,$14
KOOL,$0.6799,1441303858082,"4,511",100% bullish,of 5 ratings,$7
CERS,$4.98,1441303858123,"314,804",75% bullish,of 4 ratings,$7
CEVA,$19.13,1441303858151,"39,862",100% bearish,of 1 rating,$25
CYOU,$18.5999,1441303858378,"43,378",50% bullish,of 6 ratings,$24
HOTR,$1.35,1441303858405,"49,515",100% bullish,of 2 ratings,$5
CTHR,$1.29,1441303858433,"1,255",50% bullish,of 2 ratings,$2.50
GTLS,$23.13,1441303858567,"94,235",50% bullish,of 4 ratings,$40
HOTRW,$0.1501,1441303858594,"5,100",Not yet rated,NULL,N/A
CHTR,$181.35,1441303858615,"322,483",100% bearish,of 2 ratings,$202
CHFN,$12.24,1441303858769,"1,284",Not yet rated,NULL,$14
CHKP,$78,1441303858797,"381,899",50% bullish,of 4 ratings,$92
CHEK,$2.34,1441303858850,"1,482",Not yet rated,NULL,$7.75
CHFC,$30.84,1441303858981,"21,716",100% bearish,of 1 rating,$36
CCXI,$6.41,1441303859013,"6,439",67% bullish,of 3 ratings,$14
CHEKW,NULL,1441303859062,0,Not yet rated,NULL,N/A
CEMI,$4.1152,1441303859112,"2,723",50% bullish,of 2 ratings,$7.50
CHMG,$26.49,1441303859139,"1,120",Not yet rated,NULL,$30
CHKE,$25.6511,1441303859289,"8,154",100% bearish,of 1 rating,$32.50
CHEV,$14.533,1441303859362,301,Not yet rated,NULL,N/A
CBNK,$16.65,1441303859387,"1,867",100% bearish,of 1 rating,N/A
PLCE,$58.69,1441303859539,"58,010",100% bearish,of 1 rating,$69
CADC,NULL,1441303859624,0,78% bullish,of 9 ratings,N/A
CMRX,$49.43,1441303859650,"190,957",50% bullish,of 2 ratings,$57
CHMA,$28.325,1441303859695,"66,294",Not yet rated,NULL,$40
CALI,$0.8201,1441303859726,720,67% bullish,of 3 ratings,N/A
CBAK,$1.99,1441303859797,"16,231",67% bullish,of 9 ratings,N/A
CAAS,$6.09,1441303859824,"7,471",93% bullish,of 14 ratings,$11.50
CBPO,$94.078,1441303859970,"46,731",75% bullish,of 8 ratings,$140.50
CCCR,$0.67,1441303860188,"1,200",67% bearish,of 3 ratings,N/A
CCCL,$0.7763,1441303860215,"17,940",100% bullish,of 6 ratings,N/A
JRJC,$3.35,1441303860242,"57,777",82% bullish,of 11 ratings,N/A
HGSH,$1.7737,1441303860264,"5,219",67% bullish,of 3 ratings,N/A
CHOP,$1.08,1441303860297,"1,447",50% bullish,of 2 ratings,N/A
CHLN,$1.88,1441303860345,"2,660",67% bullish,of 3 ratings,N/A
CNIT,$1.16,1441303860479,"42,948",67% bullish,of 6 ratings,N/A
CHNR,$1.5899,1441303860588,"3,168",100% bearish,of 1 rating,N/A
CJJD,$1.85,1441303860616,"1,600",100% bullish,of 1 rating,N/A
HTHT,$25.54,1441303860637,"23,019",50% bullish,of 2 ratings,$28.40
CREG,$0.65,1441303860681,"10,075",100% bullish,of 3 ratings,N/A
CPGI,$6.79,1441303860774,"5,800",Not yet rated,NULL,N/A
CNTF,$0.7699,1441303860803,"51,081",Not yet rated,NULL,N/A
CSUN,$1.35,1441303860911,"5,856",80% bullish,of 5 ratings,N/A
CXDC,$5.92,1441303861077,"20,074",67% bearish,of 3 ratings,N/A
CNYD,$3.16,1441303861102,"4,590",67% bullish,of 3 ratings,N/A
CCIH,$6.965,1441303861129,"61,473",67% bullish,of 6 ratings,$12.65
CNET,$0.82,1441303861151,"15,859",50% bullish,of 2 ratings,N/A
CHSCL,$27.15,1441303861289,"14,975",Not yet rated,NULL,N/A
IMOS,$19.0201,1441303861318,"123,746",60% bullish,of 5 ratings,$21.50
CHSCM,$26.1692,1441303861424,"23,802",Not yet rated,NULL,N/A
CHSCO,$28.36,1441303861499,"3,152",Not yet rated,NULL,N/A
CHSCN,$26.9964,1441303861576,"1,913",Not yet rated,NULL,N/A
CHDN,$132,1441303861606,"74,953",Not yet rated,NULL,$165
CHSCP,$30.52,1441303861634,"2,265",Not yet rated,NULL,N/A
CHUY,$30.93,1441303861766,"102,895",50% bullish,of 2 ratings,$34
CDTX,$14.13,1441303861791,"5,302",Not yet rated,NULL,$22
CIFC,$7.05,1441303861941,30,100% bearish,of 1 rating,N/A
CMCT,NULL,1441303862047,0,100% bearish,of 1 rating,N/A
CTAS,$85.0425,1441303862182,"129,609",100% bearish,of 1 rating,$91
CMPR,$70.72,1441303862249,"123,710",50% bullish,of 2 ratings,$72.50
CIDM,$0.5701,1441303862281,"26,970",50% bullish,of 2 ratings,$2.10
CRUS,$30.18,1441303862311,"336,775",75% bullish,of 12 ratings,$44.50
CINF,$52.83,1441303862383,"275,051",50% bullish,of 4 ratings,$50.50
CSCO,$25.95,1441303862412,"8,453,423",83% bullish,of 210 ratings,$32
CPHR,$4.9899,1441303862444,"2,819",100% bearish,of 1 rating,$17
CTRN,$26.45,1441303862544,"29,240",100% bearish,of 1 rating,$31.50
CZNC,$19.4,1441303862672,"5,020",Not yet rated,NULL,N/A
CZWI,$8.91,1441303862761,101,Not yet rated,NULL,N/A
CZFC,$12.82,1441303862826,100,Not yet rated,NULL,N/A
CIZN,NULL,1441303862855,0,Not yet rated,NULL,N/A
CTXS,$67.925,1441303862958,"650,911",86% bullish,of 7 ratings,$80
CHCO,$47.25,1441303863153,"7,484",Not yet rated,NULL,$46
CDTI,$1.58,1441303863180,"32,222",75% bullish,of 4 ratings,$3.20
CIVB,$10.1999,1441303863234,"1,237",Not yet rated,NULL,$11
CIVBP,NULL,1441303863259,0,Not yet rated,NULL,N/A
CLNE,$5.2109,1441303863415,"543,756",80% bullish,of 15 ratings,$9
CLFD,$17.24,1441303863442,"28,286",67% bullish,of 3 ratings,$18
CLNT,$1.5,1441303863486,"1,850",75% bullish,of 8 ratings,N/A
CLRO,$11.3025,1441303863572,"1,208",50% bullish,of 2 ratings,$14.25
CLIR,$4.9472,1441303863616,"11,579",100% bullish,of 3 ratings,N/A
CBLI,$4.09,1441303863641,"40,844",60% bullish,of 5 ratings,N/A
CSBK,$13.9,1441303863812,"12,278",Not yet rated,NULL,N/A
CME,$93.52,1441303863944,"367,672",67% bullish,of 3 ratings,$102
CLVS,$81.269,1441303864032,"131,939",60% bullish,of 5 ratings,$101.50
CMFN,$11.5742,1441303864086,"4,318",100% bearish,of 1 rating,$15.50
CCNE,$17.01,1441303864218,"1,145",50% bullish,of 2 ratings,$21.50
CWAY,NULL,1441303864249,0,Not yet rated,NULL,N/A
CNV,$4.53,1441303864269,"4,800",50% bullish,of 2 ratings,$7.15
CISG,$7.89,1441303864303,"12,645",100% bullish,of 5 ratings,$10
COKE,$162.78,1441303864397,"8,021",79% bullish,of 19 ratings,N/A
COBZ,$12.86,1441303864495,"23,029",100% bullish,of 1 rating,$14
CVLY,$20.5,1441303864633,"1,000",Not yet rated,NULL,N/A
CDRB,$8.97,1441303864665,"30,207",67% bullish,of 3 ratings,N/A
CDXS,$3.4962,1441303864694,"61,290",64% bullish,of 11 ratings,$6
CCOI,$27.15,1441303864769,"99,832",50% bullish,of 4 ratings,$35
JVA,$4.69,1441303864795,"2,921",83% bullish,of 6 ratings,$7
CGNT,$1.49,1441303864927,"3,816",100% bullish,of 2 ratings,$2
CTSH,$62.63,1441303864978,"613,858",90% bullish,of 10 ratings,$75
CHRS,$26.88,1441303865057,"67,486",67% bearish,of 3 ratings,$37
CGNX,$35.04,1441303865139,"144,390",50% bullish,of 2 ratings,$47
COHR,$56.07,1441303865188,"20,713",50% bullish,of 2 ratings,$72
COHU,$9.68,1441303865225,"26,918",100% bearish,of 1 rating,$14.25
CLRX,$0.6801,1441303865275,"39,373",50% bullish,of 2 ratings,N/A
CLCT,$17.9,1441303865361,"12,044",100% bearish,of 1 rating,N/A
COLL,$15.04,1441303865463,"45,306",100% bearish,of 1 rating,$26
CIGI,$44.01,1441303865509,"19,176",100% bearish,of 1 rating,$52
CBAN,$8.9,1441303865602,100,Not yet rated,NULL,N/A
COLB,$29.63,1441303865647,"25,998",Not yet rated,NULL,$36
CLCD,$6.06,1441303865675,"30,022",100% bearish,of 1 rating,$20.50
COLM,$62.165,1441303865696,"45,080",100% bearish,of 1 rating,$71
CBMX,$1.14,1441303865839,685,83% bullish,of 6 ratings,$3.15
CMCSA,$56.09,1441303865877,"4,143,808",66% bullish,of 35 ratings,$69.50
CMCO,$19.01,1441303866043,"21,086",60% bullish,of 5 ratings,$28
CMCSK,$57.29,1441303866090,"1,130,899",Not yet rated,NULL,$84
CBSHP,$25.3865,1441303866116,"4,483",100% bearish,of 1 rating,N/A
CBSH,$43.84,1441303866174,"78,389",50% bullish,of 2 ratings,$46
CUBN,$13.4,1441303866247,"1,700",Not yet rated,NULL,N/A
CVGI,$4.92,1441303866274,"13,157",50% bullish,of 2 ratings,$6
COMM,$32.8,1441303866311,"210,168",67% bearish,of 3 ratings,$35
CSAL,$20.5,1441303866512,"431,235",75% bullish,of 4 ratings,$30
JCS,$9.26,1441303866550,600,67% bullish,of 3 ratings,N/A
CYHHZ,$0.01,1441303866582,"10,551",100% bullish,of 1 rating,N/A
CWBC,$6.9,1441303866749,"26,721",Not yet rated,NULL,N/A
CTBI,$34.35,1441303866779,"4,974",Not yet rated,NULL,$36
COB,$10.36,1441303866804,"5,530",100% bullish,of 1 rating,$11.75
ESXB,$5.1,1441303866829,"3,100",Not yet rated,NULL,N/A
CVLT,$35.051,1441303866860,"54,495",75% bullish,of 4 ratings,$44.50
CIZ,$32.7266,1441303866969,816,100% bearish,of 1 rating,N/A
CIL,NULL,1441303867162,0,Not yet rated,NULL,N/A
CID,NULL,1441303867192,0,Not yet rated,NULL,N/A
CSA,NULL,1441303867241,0,Not yet rated,NULL,N/A
CSF,$36.3549,1441303867273,"1,919",100% bearish,of 1 rating,N/A
CDC,$34.2966,1441303867371,"7,649",Not yet rated,NULL,N/A
CFO,$35.17,1441303867396,"15,471",100% bearish,of 1 rating,N/A
CFA,$35.31,1441303867460,"1,800",100% bearish,of 1 rating,N/A
CDL,NULL,1441303867604,0,Not yet rated,NULL,N/A
CPSI,$45.47,1441303867679,"14,964",100% bearish,of 1 rating,$45.50
CTG,$6.7,1441303867740,"8,885",100% bearish,of 1 rating,$8.50
CGEN,$4.9855,1441303867770,"48,541",50% bullish,of 2 ratings,$11
CSB,NULL,1441303867797,0,Not yet rated,NULL,N/A
SCOR,$47.22,1441303867823,"622,940",100% bearish,of 1 rating,$66
CHCI,$0.68,1441303867976,"3,388",50% bullish,of 2 ratings,N/A
CMTL,$26.18,1441303868003,"6,803",100% bearish,of 2 ratings,$37
CNAT,$3.91,1441303868178,"34,240",83% bullish,of 6 ratings,$13
CNSI,$18.24,1441303868254,"42,983",100% bearish,of 2 ratings,$29
CNCE,$16.02,1441303868322,"66,393",75% bullish,of 4 ratings,$22
CXRX,$82.0831,1441303868384,"3,420",100% bearish,of 1 rating,$90
CDOR,$1.26,1441303868473,300,100% bullish,of 1 rating,N/A
CCUR,$5.38,1441303868511,"4,417",75% bullish,of 4 ratings,N/A
CDORP,$6.62,1441303868540,"4,838",100% bearish,of 1 rating,N/A
CDORO,$16.95,1441303868565,"2,150",100% bearish,of 1 rating,N/A
CFMS,$14.43,1441303868645,"215,236",100% bearish,of 1 rating,$26.50
CNMD,$51.49,1441303868803,"62,795",Not yet rated,NULL,$59
CNFR,$9.73,1441303868836,"4,200",Not yet rated,NULL,N/A
CTWS,$34.9699,1441303868862,"4,861",100% bearish,of 1 rating,$44
CNOB,$18.944,1441303868949,"4,027",100% bullish,of 1 rating,$23.50
CNXR,$7,1441303869002,"27,245",100% bearish,of 1 rating,$12
CONN,$28.15,1441303869055,"110,268",67% bullish,of 3 ratings,$48.50
CNSL,$19.6396,1441303869101,"33,690",100% bearish,of 1 rating,$23
CWCO,$10.26,1441303869334,"9,660",67% bullish,of 3 ratings,$14.50
CTCT,$24.63,1441303869360,"64,596",67% bullish,of 3 ratings,$37
CFRX,$4.8363,1441303869391,"7,891",Not yet rated,NULL,$14
CFRXW,NULL,1441303869431,0,100% bearish,of 1 rating,N/A
CTRV,$3.59,1441303869496,"2,709",Not yet rated,NULL,$6.40
CPSS,$5.6,1441303869533,"3,011",100% bullish,of 1 rating,$10
CTRL,$8.62,1441303869566,"81,567",50% bullish,of 2 ratings,$11
CFRXZ,NULL,1441303869701,0,Not yet rated,NULL,N/A
CRBP,$1.84,1441303869766,"106,367",100% bullish,of 2 ratings,$6.25
CORT,$4.86,1441303869870,"123,984",67% bullish,of 3 ratings,$12
BVA,$3.83,1441303869895,1,50% bullish,of 2 ratings,N/A
CPRT,$35.07,1441303869921,"54,188",67% bearish,of 3 ratings,$40
CORI,$10.72,1441303870061,"26,919",100% bearish,of 1 rating,$18
CORE,$59.94,1441303870089,"37,797",100% bearish,of 1 rating,$72
CSOD,$36.605,1441303870115,"151,752",50% bullish,of 2 ratings,$42
CRVL,$30.75,1441303870243,"10,128",100% bearish,of 1 rating,N/A
COSI,$1.1,1441303870289,"36,922",100% bullish,of 1 rating,N/A
CSGP,$177.42,1441303870320,"45,777",50% bullish,of 2 ratings,$235
COST,$140.25,1441303870347,"541,755",79% bullish,of 24 ratings,$154.50
CPAH,$0.42,1441303870482,"2,500",50% bullish,of 2 ratings,N/A
CVTI,$22.53,1441303870510,"21,965",67% bearish,of 3 ratings,$39
ICBK,$18.7,1441303870640,101,Not yet rated,NULL,$21
COVS,$2.5289,1441303870670,"18,026",67% bullish,of 3 ratings,N/A
COWN,$5.06,1441303870695,"380,036",75% bullish,of 4 ratings,$7
COWNL,$26.45,1441303870914,"3,800",Not yet rated,NULL,N/A
CPSH,$2.3799,1441303870939,200,Not yet rated,NULL,N/A
CRAI,$23.5,1441303870965,"9,715",100% bearish,of 1 rating,$36
BREW,$7.7232,1441303871019,"10,436",67% bullish,of 6 ratings,$15
CBRL,$146.38,1441303871123,"92,791",50% bullish,of 2 ratings,$155
CRAY,$21.142,1441303871152,"93,245",83% bullish,of 6 ratings,$38.50
CACC,$202.04,1441303871178,"29,630",50% bullish,of 2 ratings,$158.50
GLDI,$11,1441303871257,"1,475",100% bearish,of 1 rating,N/A
SLVO,$10.0001,1441303871311,350,100% bearish,of 1 rating,N/A
CREE,$26.5,1441303871388,"323,383",65% bullish,of 17 ratings,$29.50
CRESY,$10.3,1441303871468,"9,592",100% bearish,of 1 rating,$19
CRTO,$37.8051,1441303871599,"176,043",67% bullish,of 6 ratings,$64
CROX,$14.05,1441303871626,"188,809",63% bullish,of 8 ratings,$16.50
CCRN,$14.205,1441303871754,"93,839",100% bearish,of 1 rating,$14.25
CRWS,$8.07,1441303871782,"3,793",Not yet rated,NULL,$10
CRWN,$5.175,1441303871891,"42,273",75% bullish,of 4 ratings,N/A
CRDS,$1.07,1441303871924,"163,327",75% bullish,of 4 ratings,$3.50
CYRX,$2.95,1441303871953,"5,200",Not yet rated,NULL,$9
CSPI,$5.6799,1441303871989,"6,201",67% bullish,of 3 ratings,N/A
CYRXW,$0.7601,1441303872018,"19,600",Not yet rated,NULL,N/A
CSGS,$30.86,1441303872043,"38,249",Not yet rated,NULL,$40
CCLP,$13.8853,1441303872171,"34,056",67% bearish,of 3 ratings,$20
CTCM,$1.77,1441303872268,"41,421",80% bearish,of 5 ratings,$3.90
CTIC,$1.56,1441303872294,"167,125",84% bullish,of 76 ratings,$5.75
CTIB,$3.73,1441303872370,"1,600",100% bearish,of 1 rating,N/A
CTRP,$66.18,1441303872473,"499,753",75% bullish,of 8 ratings,$92.50
CRIS,$2.57,1441303872619,"51,343",100% bullish,of 8 ratings,$6
CPIX,$6.16,1441303872663,"6,676",Not yet rated,NULL,N/A
CUNB,$21.88,1441303872691,"7,110",Not yet rated,NULL,$24.50
CMLS,$1.34,1441303872752,"61,679",50% bullish,of 4 ratings,$6
CUI,$5.39,1441303872793,"11,488",50% bullish,of 2 ratings,$10
CUTR,$14.98,1441303872932,"45,314",67% bearish,of 3 ratings,$18
CVBF,$16,1441303872958,"47,520",Not yet rated,NULL,$18
CYAN,$6.26,1441303873018,"5,880",100% bearish,of 1 rating,N/A
CYBR,$48.6393,1441303873040,"455,467",75% bullish,of 8 ratings,$68.50
CVV,$11.42,1441303873086,"4,301",100% bullish,of 5 ratings,N/A
CYBX,$64.66,1441303873166,"41,331",50% bullish,of 4 ratings,$71.50
CYBE,$6.89,1441303873303,"6,002",100% bearish,of 1 rating,N/A
CYCC,$0.5401,1441303873531,"11,676",73% bullish,of 11 ratings,N/A
CYCCP,NULL,1441303873606,0,100% bearish,of 1 rating,N/A
CYNO,$32.8,1441303873684,"109,926",67% bearish,of 3 ratings,$45.50
CYNA,$16.04,1441303873715,"10,693",50% bullish,of 2 ratings,$31.50
CBAY,$2.63,1441303873736,"4,784",100% bullish,of 1 rating,$4
CONE,$32.195,1441303873767,"429,890",67% bearish,of 3 ratings,$35.50
CY,$10.12,1441303873793,"3,178,214",80% bullish,of 10 ratings,$15.50
CYRN,$1.7998,1441303873817,"3,205",67% bullish,of 3 ratings,$4
CYTX,$0.3681,1441303874036,"681,419",83% bullish,of 12 ratings,$5.50
CTSO,$7.45,1441303874068,"35,386",Not yet rated,NULL,$15.625
CYTK,$7,1441303874197,"95,073",71% bullish,of 14 ratings,$13.50
DAEG,$0.3597,1441303874270,"2,500",100% bearish,of 1 rating,N/A
TVIX,$15.204,1441303874295,"9,554,384",81% bullish,of 16 ratings,N/A
CYTR,$2.47,1441303874369,"258,086",67% bullish,of 6 ratings,$10
TVIZ,$20.99,1441303874393,"5,312",100% bearish,of 1 rating,N/A
ZIV,$36.1562,1441303877970,"38,494",Not yet rated,NULL,N/A
XIV,$24.3,1441303877995,"16,399,096",75% bearish,of 4 ratings,N/A
DTLK,$5.545,1441303878871,"33,866",100% bearish,of 1 rating,$9
DAKT,$8.46,1441303878898,"66,878",50% bullish,of 2 ratings,$12
DJCO,$194.32,1441303878919,5,Not yet rated,NULL,N/A
DARA,$0.8289,1441303878955,"38,365",83% bullish,of 6 ratings,$1.50
DWCH,$4.99,1441303878986,"5,942",75% bullish,of 4 ratings,$8.25
DRAM,$1.3499,1441303879051,"1,902",78% bullish,of 9 ratings,N/A
DAIO,$2.65,1441303879076,"5,423",Not yet rated,NULL,N/A
PLAY,$36.26,1441303879101,"143,916",100% bullish,of 5 ratings,$42
DWSN,$4.32,1441303879303,"15,915",67% bullish,of 3 ratings,N/A
DTEA,$12.83,1441303879363,"23,697",100% bearish,of 2 ratings,$24
TRAK,$62.83,1441303879389,"148,719",50% bullish,of 2 ratings,$62.50
DBVT,$37.6,1441303879433,"47,713",100% bearish,of 1 rating,$53
DHRM,$1.6,1441303879519,"15,500",Not yet rated,NULL,N/A
DFRG,$14.43,1441303879567,"24,526",100% bearish,of 1 rating,$20
TACO,$12.89,1441303879600,"19,738",75% bullish,of 4 ratings,$20
TACOW,$4.34,1441303879695,908,100% bullish,of 1 rating,N/A
DCTH,$0.4232,1441303880360,"41,210",78% bullish,of 9 ratings,N/A
DGAS,$20.38,1441303880527,"4,378",67% bearish,of 3 ratings,N/A
XRAY,$51.6,1441303880694,"132,602",100% bullish,of 1 rating,$58
DENN,$11.21,1441303880730,"82,143",100% bullish,of 3 ratings,$15
DELT,$2.12,1441303880762,"1,100",Not yet rated,NULL,N/A
DELTW,NULL,1441303880826,0,Not yet rated,NULL,N/A
DEPO,$26.82,1441303880852,"489,389",60% bullish,of 5 ratings,$29
DERM,$25.69,1441303880882,"16,400",100% bearish,of 1 rating,$33.50
DEST,$10.405,1441303880903,"17,475",50% bullish,of 2 ratings,N/A
DXLG,$6.6201,1441303880982,"95,453",100% bearish,of 1 rating,$8
DSCI,$5.96,1441303881114,"96,704",50% bullish,of 2 ratings,$16
DSWL,$1.5301,1441303881139,"8,025",100% bullish,of 1 rating,N/A
DXM,$0.2898,1441303881187,"98,790",50% bullish,of 2 ratings,N/A
DXCM,$88.62,1441303881322,"408,348",57% bullish,of 7 ratings,$98
DHXM,$6.042,1441303881348,"6,695",100% bearish,of 1 rating,N/A
DMND,$30.55,1441303881369,"22,558",75% bullish,of 12 ratings,$32
DHIL,$189.82,1441303882187,608,Not yet rated,NULL,N/A
FANG,$67.13,1441303882231,"252,950",50% bullish,of 2 ratings,$86
DRNA,$10.76,1441303882697,"41,800",67% bearish,of 3 ratings,$25
DCIX,$1.59,1441303882842,"19,810",50% bullish,of 4 ratings,$3.50
DGII,$10.4293,1441303882892,"38,667",100% bearish,of 1 rating,$11
DRAD,$3.7758,1441303882918,"4,063",100% bullish,of 1 rating,$5.25
DGLY,$7.35,1441303883082,"38,499",50% bullish,of 6 ratings,$20
APPS,$2.14,1441303883125,"199,007",100% bearish,of 1 rating,$10.25
DMRC,$38.5,1441303883151,"25,055",100% bearish,of 1 rating,$44
DIOD,$21.58,1441303883222,"298,850",75% bearish,of 4 ratings,$24
DCOM,$16.74,1441303883251,"44,983",100% bearish,of 2 ratings,$16
DISCA,$27.285,1441303883277,"984,403",67% bullish,of 3 ratings,$34
DPRX,$13.5,1441303883303,"21,886",100% bullish,of 2 ratings,$27.75
DISCK,$25.9075,1441303883475,"350,421",100% bearish,of 1 rating,$32
DISCB,$27.43,1441303883556,300,100% bearish,of 1 rating,$35
DSCO,$0.4699,1441303883582,"202,724",83% bullish,of 6 ratings,$2.75
DISH,$59.21,1441303883619,"401,124",69% bullish,of 13 ratings,$73
DVCR,$10.3875,1441303883717,501,100% bullish,of 1 rating,N/A
BAGR,$2.7199,1441303883931,"1,877",100% bearish,of 1 rating,$6
DLTR,$66.54,1441303884030,"2,171,482",82% bullish,of 11 ratings,$85
DLHC,$2.49,1441303884186,702,100% bearish,of 1 rating,N/A
DNBF,$26.01,1441303884212,200,Not yet rated,NULL,$27.50
DGICA,$13.87,1441303884343,"10,734",100% bearish,of 1 rating,$17
DGICB,NULL,1441303884414,0,100% bearish,of 1 rating,N/A
DMLP,$14.87,1441303884519,"9,492",100% bearish,of 1 rating,N/A
DORM,$50.247,1441303884779,"63,785",100% bearish,of 1 rating,$56
DRWI,$0.2092,1441303884944,"453,464",60% bullish,of 5 ratings,$.45
HILL,$9.7,1441303885002,"258,545",60% bearish,of 5 ratings,$9.75
DRWIW,$0.055,1441303885134,"31,741",Not yet rated,NULL,N/A
DRYS,$0.4484,1441303885675,"1,500,526",77% bullish,of 31 ratings,$.60
DSKX,$3.4,1441303886227,"55,476",100% bullish,of 1 rating,N/A
DWA,$20.76,1441303887931,"261,403",63% bullish,of 8 ratings,$26
CADT,$10.02,1441303888136,"11,662",Not yet rated,NULL,N/A
DSPG,$8.88,1441303889887,"8,456",100% bearish,of 1 rating,$13.50
CADTR,NULL,1441303897422,0,Not yet rated,NULL,N/A
CADTU,$10.21,1441303903807,"3,500",Not yet rated,NULL,N/A
CADTW,NULL,1441303904142,0,Not yet rated,NULL,N/A
DTSI,$27.935,1441303905270,"58,415",100% bearish,of 2 ratings,$39.50
DNKN,$49.11,1441303905523,"410,870",67% bullish,of 15 ratings,$56.50
DRRX,$2.05,1441303905665,"77,049",50% bullish,of 6 ratings,$3
DYAX,$22.1,1441303906436,"147,671",89% bullish,of 9 ratings,$30
DXPE,$30,1441303907192,"72,280",50% bullish,of 2 ratings,N/A
BOOM,$10.85,1441303907265,"89,827",67% bullish,of 3 ratings,$12
DYSL,$1.51,1441303907359,"20,189",100% bullish,of 2 ratings,N/A
ETFC,$25.51,1441303907492,"1,399,195",57% bullish,of 14 ratings,$32.50
DYNT,$3.03,1441303907519,"3,026",75% bullish,of 4 ratings,N/A
DVAX,$28.05,1441303907551,"100,204",70% bullish,of 10 ratings,$40
EGBN,$41.55,1441303907651,"11,096",Not yet rated,NULL,$48
EGRX,$77.7375,1441303907678,"62,602",67% bullish,of 3 ratings,$97
EGLE,$6.57,1441303907708,"17,911",60% bullish,of 5 ratings,N/A
EBMT,$11.53,1441303907729,667,Not yet rated,NULL,$13.50
EROC,$1.4999,1441303907859,"101,513",50% bullish,of 2 ratings,$3
EWBC,$39.305,1441303907938,"244,039",100% bearish,of 1 rating,$50
ELNK,$8.49,1441303908020,"168,654",60% bullish,of 5 ratings,$9.50
EML,$17.4399,1441303908074,545,Not yet rated,NULL,N/A
EACQU,NULL,1441303908099,0,Not yet rated,NULL,N/A
EVBS,NULL,1441303908124,0,Not yet rated,NULL,$7
EBAY,$26.96,1441303908487,"3,789,968",81% bullish,of 117 ratings,$34
EEI,$11.78,1441303908516,541,67% bearish,of 3 ratings,N/A
ECTE,$1.58,1441303908554,"21,171",75% bullish,of 4 ratings,N/A
ESES,$3.75,1441303908579,6,100% bearish,of 1 rating,$7
SATS,$44.23,1441303908609,"27,102",50% bullish,of 2 ratings,$60
ECHO,$22.99,1441303908648,"156,226",67% bearish,of 3 ratings,$34.50
EBIX,$28.57,1441303908676,"49,718",69% bullish,of 13 ratings,$40
ELON,$0.5701,1441303908705,"34,001",50% bullish,of 2 ratings,N/A
ECACU,NULL,1441303908905,0,Not yet rated,NULL,N/A
EDAP,$3.62,1441303908935,"5,581",60% bullish,of 5 ratings,$4.50
EDUC,$6.42,1441303909035,"30,650",100% bearish,of 1 rating,N/A
EDGW,$7.24,1441303909062,184,100% bearish,of 1 rating,N/A
EFUT,$4.62,1441303909133,300,Not yet rated,NULL,N/A
EGLT,$12.94,1441303909259,"57,642",50% bullish,of 2 ratings,$21
EGAN,$3.65,1441303909288,"4,904",50% bullish,of 2 ratings,$6.25
EMITF,$1.25,1441303909390,"7,599",75% bullish,of 4 ratings,N/A
ESLT,$78.6046,1441303909430,"1,715",67% bullish,of 3 ratings,N/A
EHTH,$14.89,1441303909488,"35,591",50% bullish,of 4 ratings,$17
ERI,$9.48,1441303909515,"18,908",100% bearish,of 1 rating,$10
LOCO,$12.46,1441303909565,"153,290",69% bullish,of 13 ratings,$19.50
ELRC,$10.67,1441303909594,"4,656",100% bearish,of 1 rating,N/A
EA,$66.09,1441303909740,"1,201,989",78% bullish,of 36 ratings,$80
ESIO,$4.495,1441303909849,"49,272",50% bullish,of 2 ratings,$10
EFII,$43.55,1441303909879,"45,209",80% bullish,of 5 ratings,$55
ELSE,NULL,1441303909981,0,60% bullish,of 5 ratings,N/A
ELEC,NULL,1441303910008,0,Not yet rated,NULL,N/A
EBIO,$3.38,1441303910575,"84,956",100% bearish,of 2 ratings,$8.35
ELECW,NULL,1441303910609,0,Not yet rated,NULL,N/A
RDEN,$11.62,1441303910640,"101,355",100% bearish,of 4 ratings,$15
CAPX,$22.85,1441303910660,1,Not yet rated,NULL,N/A
LONG,$16.87,1441303910697,"2,100",67% bullish,of 3 ratings,$15.75
ELECU,$9.998,1441303910719,300,Not yet rated,NULL,N/A
ELTK,$1.27,1441303910739,"40,697",67% bearish,of 3 ratings,N/A
ESBK,$19.1101,1441303910776,"2,284",Not yet rated,NULL,N/A
EMCI,$22.45,1441303911079,"4,526",Not yet rated,NULL,N/A
EMCF,$23.51,1441303911117,100,100% bearish,of 1 rating,N/A
EMKR,$6.863,1441303911329,"60,254",75% bullish,of 4 ratings,$8.50
EMMS,$1.23,1441303911356,"20,677",83% bullish,of 6 ratings,N/A
ENTA,$38.895,1441303911391,"51,646",50% bullish,of 2 ratings,$42
NYNY,$4.275,1441303911412,"5,528",50% bullish,of 2 ratings,N/A
ENDP,$74.5,1441303911487,"431,359",50% bullish,of 6 ratings,$101.50
WIRE,$32,1441303911514,"22,276",100% bearish,of 1 rating,$37
EMMSP,NULL,1441303911542,0,100% bearish,of 1 rating,N/A
ERS,NULL,1441303911566,0,Not yet rated,NULL,N/A
ECPG,$38.08,1441303911764,"63,012",100% bullish,of 2 ratings,$52
ECYT,$5.15,1441303911809,"116,775",83% bullish,of 6 ratings,$12
EIGI,$15.16,1441303911846,"195,423",67% bearish,of 3 ratings,$22.50
ELGX,$12.61,1441303911899,"605,438",75% bullish,of 4 ratings,$17
WATT,$6.8496,1441303911939,"26,456",50% bullish,of 2 ratings,$13
EFOI,$24.4411,1441303911982,"657,139",50% bullish,of 2 ratings,$24.50
EXXI,$1.81,1441303912335,"774,865",86% bullish,of 7 ratings,$3.50
ENG,$1.0352,1441303912385,"42,066",100% bullish,of 3 ratings,N/A
ENOC,$8.765,1441303912416,"72,072",75% bullish,of 4 ratings,$18
ERII,$2.6,1441303912445,"21,333",80% bullish,of 5 ratings,$2.50
ESGR,$149.5,1441303912475,"17,701",100% bearish,of 1 rating,$185
ENPH,$4.42,1441303912549,"524,127",75% bullish,of 4 ratings,$11
ENFC,$17.4501,1441303912607,801,Not yet rated,NULL,N/A
ENTG,$13.6,1441303912701,"124,164",100% bearish,of 1 rating,$18
ENTL,$21.728,1441303912741,"5,578",Not yet rated,NULL,$28
ETRM,$0.2987,1441303912829,"813,099",69% bearish,of 35 ratings,$1.625
EFSC,$23.8705,1441303913034,"14,351",Not yet rated,NULL,$27
EBTC,$21.52,1441303913060,759,Not yet rated,NULL,N/A
ENVI,$1.8999,1441303913087,"24,166",67% bullish,of 3 ratings,N/A
EGT,$2,1441303913113,"2,500",100% bullish,of 1 rating,N/A
ENZN,$0.9956,1441303913357,"63,205",100% bullish,of 9 ratings,N/A
EPZM,$19.82,1441303913456,"120,307",60% bullish,of 5 ratings,$34
ENZY,$10.49,1441303913488,"22,649",67% bullish,of 3 ratings,$9.50
EPIQ,$12.7,1441303913520,"11,777",100% bearish,of 1 rating,$18
EPRS,$5.1,1441303913541,"13,134",82% bullish,of 11 ratings,$15
EQFN,$8.2,1441303913585,500,100% bearish,of 1 rating,N/A
EQIX,$272.47,1441303913618,"244,075",75% bullish,of 4 ratings,$312.50
PLUS,$73.44,1441303913688,"21,827",50% bullish,of 2 ratings,$88
EAC,$3.475,1441303913911,"7,738",100% bearish,of 1 rating,$8
ERIC,$9.8461,1441303913940,"929,208",67% bullish,of 9 ratings,$12.20
ERIE,$81.11,1441303913987,"9,808",Not yet rated,NULL,$73
ESCA,$17.97,1441303914017,"1,681",100% bearish,of 1 rating,$22
ESCRP,$1.5,1441303914125,"2,736",100% bearish,of 1 rating,N/A
ESCR,$0.1901,1441303914152,"231,076",50% bullish,of 2 ratings,N/A
ESPR,$45.442,1441303914289,"320,495",70% bearish,of 10 ratings,$115
ESMC,$1.33,1441303914320,600,Not yet rated,NULL,N/A
ESSA,$12.83,1441303914391,"1,220",100% bearish,of 1 rating,N/A
EPIX,NULL,1441303914422,0,Not yet rated,NULL,N/A
ETSY,$14.04,1441303914447,"177,494",80% bullish,of 5 ratings,$16
ESND,$33.75,1441303914473,"24,280",100% bearish,of 2 ratings,$40
ESSX,$0.49,1441303914606,"2,134",50% bullish,of 2 ratings,N/A
CLWT,NULL,1441303914637,0,100% bearish,of 1 rating,N/A
EEFT,$65.57,1441303914805,"52,452",100% bearish,of 1 rating,$67.50
ESEA,$4.68,1441303914893,"1,288",100% bullish,of 1 rating,$15
EVEP,$8.596,1441303914954,"126,139",50% bullish,of 2 ratings,$15
EVK,$3.56,1441303914979,100,75% bearish,of 4 ratings,N/A
EVLV,$2.62,1441303915008,"44,352",60% bullish,of 5 ratings,$4.625
EVOK,$3.574,1441303915029,"39,859",100% bearish,of 1 rating,$13.375
EVOL,$5.8178,1441303915160,"5,607",75% bullish,of 4 ratings,$10
EXA,$10.345,1441303915285,"83,612",100% bearish,of 1 rating,$13
EXEL,$5.6101,1441303915380,"1,896,203",81% bullish,of 16 ratings,$6
EXFO,$2.75,1441303915406,301,67% bearish,of 3 ratings,$3.95
EXAS,$21.01,1441303915481,"374,965",78% bullish,of 9 ratings,$31
EXAC,$18.9072,1441303915506,"7,718",100% bearish,of 1 rating,$22.50
EXPE,$112.76,1441303915532,"224,230",64% bullish,of 11 ratings,$130
EXLS,$36.75,1441303915580,"26,144",50% bullish,of 2 ratings,$41
EXPD,$49.295,1441303915772,"812,144",80% bullish,of 5 ratings,$52
ESRX,$83.77,1441303915926,"831,495",67% bearish,of 6 ratings,$101
EXPO,$42.62,1441303916019,"16,064",100% bearish,of 1 rating,$45.50
EXLP,$18.6651,1441303916120,"41,606",100% bearish,of 1 rating,$25
EZCH,$22.14,1441303916145,"55,687",75% bullish,of 8 ratings,$19.50
EYEGW,$1.0401,1441303916173,200,Not yet rated,NULL,N/A
EYEG,$3.8,1441303916202,"7,356",Not yet rated,NULL,N/A
EXTR,$3.12,1441303916304,"419,450",80% bullish,of 5 ratings,$3
FFIV,$121.65,1441303916434,"221,559",63% bullish,of 8 ratings,$132
EZPW,$6.01,1441303916477,"142,451",50% bullish,of 4 ratings,$7
FRP,$15.865,1441303916574,"13,831",100% bearish,of 1 rating,$18
FCS,$13.79,1441303916634,"253,584",67% bearish,of 3 ratings,$17
FB,$88.0701,1441303916662,"10,155,872",73% bullish,of 1074 ratings,$111
FALC,$1.71,1441303916720,"2,046",63% bearish,of 8 ratings,N/A
FWM,$2.26,1441303916792,"45,595",100% bearish,of 2 ratings,$3.20
FARM,$22.83,1441303916927,"13,634",100% bearish,of 1 rating,$35
FMNB,$8.2,1441303917011,"26,046",Not yet rated,NULL,N/A
DAVE,$14.75,1441303917038,"11,509",100% bearish,of 1 rating,$15.50
FFKT,$25.49,1441303917068,"3,460",Not yet rated,NULL,$29
FAST,$37.5,1441303917175,"896,085",80% bullish,of 5 ratings,$45.50
FARO,$37.285,1441303917319,"21,431",50% bullish,of 2 ratings,$48
FATE,$6,1441303917506,"6,171",50% bullish,of 2 ratings,$11
FDML,$8.59,1441303917535,"65,212",50% bullish,of 4 ratings,$14
FBSS,NULL,1441303917566,0,Not yet rated,NULL,N/A
FBRC,$21.83,1441303917593,"21,143",100% bearish,of 1 rating,$29
FEIC,$75.42,1441303917645,"62,230",50% bullish,of 2 ratings,$95.50
FNHC,$21.92,1441303917671,"9,069",100% bearish,of 1 rating,$35
FENX,$9.645,1441303917750,"46,747",100% bullish,of 1 rating,$14.25
FCSC,$5.52,1441303917894,"92,449",100% bearish,of 1 rating,$8.125
FHCO,$1.4,1441303917923,"13,529",50% bullish,of 4 ratings,N/A
FGEN,$22.7099,1441303917953,"90,434",100% bearish,of 1 rating,$39
ONEQ,$186.6601,1441303918055,"7,904",100% bullish,of 1 rating,N/A
FDUS,$14.621,1441303918114,"14,474",50% bullish,of 2 ratings,$18
LION,$19.4101,1441303918155,"38,958",100% bullish,of 1 rating,$20
FRGI,$51.75,1441303918181,"23,527",50% bullish,of 2 ratings,$70
FSC,$6.555,1441303918311,"263,357",60% bullish,of 5 ratings,$8
FSAM,$7.89,1441303918400,"2,847",100% bearish,of 1 rating,$10.25
FSCFL,$24.55,1441303918530,"8,170",Not yet rated,NULL,N/A
FSFR,$8.8155,1441303918558,"23,389",100% bearish,of 1 rating,$11.50
FITB,$19.47,1441303918590,"1,369,020",54% bullish,of 13 ratings,$22
FNGN,$30.61,1441303918611,"97,689",67% bullish,of 3 ratings,$47
FITBI,$27.478,1441303918691,"3,886",Not yet rated,NULL,N/A
FISI,$24.4,1441303918783,"4,095",100% bullish,of 2 ratings,$24.50
FNSR,$15.38,1441303918866,"172,197",71% bullish,of 7 ratings,$24
FNTCW,$0.331,1441303918999,"4,300",Not yet rated,NULL,N/A
FNTCU,NULL,1441303919027,0,Not yet rated,NULL,N/A
FEYE,$36.665,1441303919069,"2,214,738",88% bullish,of 16 ratings,$55.50
FNJN,$1.7499,1441303919097,"6,405",100% bearish,of 1 rating,$5
FNTC,NULL,1441303919126,0,Not yet rated,NULL,N/A
FBNC,$16.85,1441303919228,"5,619",100% bullish,of 1 rating,$20
FNLC,$18.83,1441303919303,"4,634",100% bullish,of 1 rating,N/A
FRBA,$6.001,1441303919393,569,Not yet rated,NULL,$8
FCVA,$4.7999,1441303919473,201,Not yet rated,NULL,N/A
FBIZ,$22.42,1441303919499,"5,055",100% bearish,of 2 ratings,$26
BUSE,$6.315,1441303919537,"28,950",Not yet rated,NULL,$6.875
FCAP,$27.39,1441303919625,100,Not yet rated,NULL,N/A
FCFS,$39.41,1441303919682,"30,151",100% bearish,of 3 ratings,$47
FCNCA,$230.63,1441303919709,"2,154",Not yet rated,NULL,N/A
FCBC,$17.26,1441303919846,"4,439",Not yet rated,NULL,$18
FCLF,$9.2,1441303919908,"1,118",Not yet rated,NULL,N/A
FCFP,NULL,1441303919936,0,Not yet rated,NULL,N/A
FCCO,$12.3,1441303920018,1,Not yet rated,NULL,$13.25
FBNK,$16.81,1441303920150,"3,081",100% bearish,of 1 rating,$17.50
FDEF,$36.63,1441303920176,"6,605",Not yet rated,NULL,$38
FFNM,$6.34,1441303920209,101,Not yet rated,NULL,N/A
FFBCW,NULL,1441303920310,0,100% bearish,of 1 rating,N/A
FFBC,$18.24,1441303920366,"20,978",67% bearish,of 3 ratings,$20.25
FFNW,$12.16,1441303920446,"4,815",Not yet rated,NULL,$14
FFIN,$30.11,1441303920467,"28,794",50% bullish,of 2 ratings,$31.75
THFF,$32.63,1441303920546,"4,984",Not yet rated,NULL,$35
FFWM,$21.35,1441303920571,"11,937",Not yet rated,NULL,$24
INBK,$30,1441303920739,"4,527",50% bullish,of 2 ratings,$37
FRME,$26.05,1441303921002,"77,421",Not yet rated,NULL,$26.50
FIBK,$26.51,1441303921049,"21,087",Not yet rated,NULL,$32
FMBH,NULL,1441303921082,0,Not yet rated,NULL,N/A
FNBC,$34.1,1441303921145,"95,625",Not yet rated,NULL,$40
FNFG,$9.075,1441303921185,"1,233,672",80% bullish,of 5 ratings,$9
FMBI,$17.37,1441303921210,"97,395",Not yet rated,NULL,$20
FSGI,$2.4905,1441303921397,"4,000",Not yet rated,NULL,N/A
FNWB,$12.03,1441303921427,"5,159",Not yet rated,NULL,N/A
FSFG,$31.11,1441303921453,300,Not yet rated,NULL,N/A
FSLR,$48.03,1441303921491,"578,493",72% bullish,of 39 ratings,$65
FSBK,$7.78,1441303921523,"3,950",100% bullish,of 1 rating,N/A
FBZ,NULL,1441303921583,0,Not yet rated,NULL,N/A
BICK,$19.4098,1441303921624,685,100% bullish,of 1 rating,N/A
FCAN,$24.5,1441303921652,"81,700",Not yet rated,NULL,N/A
FTCS,$36.16,1441303921807,"10,511",100% bearish,of 1 rating,N/A
FCA,$19.305,1441303921840,"118,440",Not yet rated,NULL,N/A
FV,$23.0779,1441303922034,"933,356",100% bearish,of 1 rating,N/A
FEMB,NULL,1441303922071,0,Not yet rated,NULL,N/A
IFV,$17.559,1441303922173,"140,355",100% bearish,of 1 rating,N/A
FTSM,$59.95,1441303922229,"45,000",100% bearish,of 1 rating,N/A
FGM,$35.443,1441303922255,"27,019",Not yet rated,NULL,N/A
FTGC,$22.414,1441303922307,"48,678",Not yet rated,NULL,N/A
TDIV,$24.7201,1441303922393,"33,180",100% bearish,of 1 rating,N/A
MDIV,$19.0169,1441303922414,"73,888",Not yet rated,NULL,N/A
FTHI,$19.29,1441303922491,100,Not yet rated,NULL,N/A
FEUZ,$30.89,1441303922569,"13,954",Not yet rated,NULL,N/A
HYLS,$49.62,1441303922635,"13,721",100% bearish,of 1 rating,N/A
FHK,$32.718,1441303922662,"17,717",Not yet rated,NULL,N/A
FPXI,NULL,1441303922866,0,Not yet rated,NULL,N/A
YDIV,$16.29,1441303922926,"1,562",Not yet rated,NULL,N/A
CU,$12.8699,1441303922958,"3,067",100% bearish,of 1 rating,N/A
SKYY,$28.5101,1441303922990,"30,673",100% bullish,of 1 rating,N/A
PLTM,$6.31,1441303923060,"8,082",100% bearish,of 1 rating,N/A
FJP,$46.231,1441303923089,"5,768",Not yet rated,NULL,N/A
LMBS,NULL,1441303923115,0,Not yet rated,NULL,N/A
FTLB,$19.25,1441303923247,"10,000",100% bearish,of 1 rating,N/A
FMB,NULL,1441303923323,0,Not yet rated,NULL,N/A
QABA,$37.0912,1441303923349,"2,503",100% bearish,of 1 rating,N/A
CIBR,$17.5877,1441303923476,"38,106",Not yet rated,NULL,N/A
QCLN,$15.21,1441303923505,"3,534",Not yet rated,NULL,N/A
FONE,NULL,1441303923530,0,Not yet rated,NULL,N/A
GRID,$31.33,1441303923666,820,100% bearish,of 1 rating,N/A
CARZ,$34.74,1441303923695,400,100% bearish,of 1 rating,N/A
RDVY,$20.92,1441303923801,"9,985",Not yet rated,NULL,N/A
QQXT,$40.0601,1441303923843,"7,233",Not yet rated,NULL,N/A
QQEW,$41.463,1441303923907,"13,900",Not yet rated,NULL,N/A
AIRR,$16.41,1441303923977,"1,192",100% bearish,of 1 rating,N/A
QTEC,$39.83,1441303924050,"13,920",Not yet rated,NULL,N/A
FTSL,$48.8526,1441303924077,"42,616",100% bearish,of 1 rating,N/A
FKO,NULL,1441303924102,0,Not yet rated,NULL,N/A
QINC,NULL,1441303924236,0,Not yet rated,NULL,N/A
FDIV,NULL,1441303924342,0,100% bearish,of 1 rating,N/A
FTW,$32.38,1441303924472,"62,131",Not yet rated,NULL,N/A
FKU,$41.435,1441303924501,"3,242",Not yet rated,NULL,N/A
FSZ,$38.5901,1441303924539,"2,581",Not yet rated,NULL,N/A
TUSA,$24.8,1441303924602,600,Not yet rated,NULL,N/A
SVVC,$9.3022,1441303924632,"9,301",50% bullish,of 2 ratings,$26
FUNC,$8.06,1441303924731,"1,751",Not yet rated,NULL,N/A
FMER,$17.39,1441303924762,"264,864",50% bullish,of 2 ratings,$20
FISV,$85.56,1441303924866,"360,503",100% bearish,of 3 ratings,$90
FIVE,$34.4801,1441303924998,"4,020,984",75% bearish,of 4 ratings,$44
FSV,$32.01,1441303925029,"9,967",Not yet rated,NULL,$33.60
FPRX,$19.08,1441303925050,"129,538",50% bullish,of 2 ratings,$35
FIVN,$3.84,1441303925137,"51,763",100% bullish,of 1 rating,$8.50
FLML,$22.235,1441303925194,"81,934",50% bullish,of 2 ratings,$30
FLKS,$11.41,1441303925360,"21,560",50% bullish,of 2 ratings,$27
MBSD,$24.98,1441303925417,400,Not yet rated,NULL,N/A
SKOR,$50.38,1441303925493,"2,475",Not yet rated,NULL,N/A
FLXS,$31.32,1441303925521,"5,724",100% bearish,of 2 ratings,N/A
FLXN,$25.82,1441303925550,"32,394",100% bearish,of 1 rating,$40
FLEX,$10.485,1441303925649,"1,250,414",63% bullish,of 8 ratings,$12
FLDM,$11.07,1441303925679,"79,770",67% bearish,of 3 ratings,$15
FLIR,$28.54,1441303925782,"381,310",100% bearish,of 2 ratings,$38.50
FOMX,$9.75,1441303925820,"67,767",50% bullish,of 2 ratings,$23.50
FFIC,$19.62,1441303925850,"11,406",Not yet rated,NULL,$20.50
FONR,$9.75,1441303926054,"3,152",100% bullish,of 1 rating,N/A
FES,$0.9,1441303926086,"9,829",50% bullish,of 2 ratings,$1
FOGO,$19.31,1441303926186,"23,700",50% bullish,of 2 ratings,$25.50
FORM,$6.67,1441303926215,"62,649",67% bullish,of 3 ratings,$10.50
FORTY,$30.12,1441303926241,553,100% bearish,of 1 rating,N/A
FORR,$30.94,1441303926320,"14,486",Not yet rated,NULL,N/A
FTNT,$42.28,1441303926452,"456,375",80% bullish,of 10 ratings,$52
FBIO,$2.57,1441303926477,"13,921",83% bullish,of 6 ratings,N/A
FMI,$23.71,1441303926643,"94,089",100% bearish,of 2 ratings,$27.50
FWRD,$44.155,1441303926714,"58,832",100% bearish,of 1 rating,$50
FWP,$25.89,1441303926744,"31,749",100% bearish,of 1 rating,$45
FOSL,$60.7699,1441303926770,"177,333",60% bearish,of 5 ratings,$80
FORD,$1.655,1441303926799,"703,266",67% bullish,of 3 ratings,N/A
FOXF,$15.365,1441303926898,"6,860",100% bearish,of 1 rating,$19
FXCB,$17.1,1441303926925,"51,363",Not yet rated,NULL,$19
FRAN,$12.04,1441303927114,"594,115",50% bullish,of 4 ratings,$15
FELE,$28.085,1441303927184,"65,370",50% bullish,of 4 ratings,$33
FREE,$0.3551,1441303927214,"680,599",92% bullish,of 12 ratings,N/A
FRED,$12.89,1441303927235,"95,477",50% bullish,of 2 ratings,$15.50
FEIM,$11.03,1441303927325,700,100% bearish,of 1 rating,N/A
RAIL,$19.96,1441303927367,"29,525",100% bearish,of 1 rating,$24.50
FRPT,$12.43,1441303927496,"262,499",67% bearish,of 3 ratings,$23.50
FTRPR,$107.2694,1441303927576,"42,126",100% bearish,of 1 rating,N/A
FTR,$5.48,1441303927604,"12,012,407",78% bullish,of 27 ratings,$6.25
FRPH,$31.31,1441303927675,735,100% bearish,of 1 rating,N/A
FSBW,$23.25,1441303927738,"1,800",Not yet rated,NULL,N/A
FTD,$29.995,1441303927765,"59,619",100% bearish,of 1 rating,$40
FTEK,$1.97,1441303927902,"21,170",75% bullish,of 4 ratings,N/A
FSYS,$6.495,1441303927969,"144,558",67% bullish,of 3 ratings,$8.50
FULL,$3.12,1441303928070,"30,069",67% bearish,of 3 ratings,$4.25
FCEL,$0.8544,1441303928097,"662,680",88% bullish,of 41 ratings,$2.65
FULLL,$25.24,1441303928227,"1,620",Not yet rated,NULL,N/A
FSNN,$2.09,1441303928287,106,67% bullish,of 3 ratings,$6
FLL,$1.5,1441303928359,"2,600",75% bullish,of 4 ratings,$3.50
FULT,$11.9,1441303928422,"282,387",100% bearish,of 1 rating,$13
FXENP,NULL,1441303928491,0,100% bearish,of 1 rating,N/A
FXEN,$0.9901,1441303928526,"44,966",75% bullish,of 4 ratings,$1.10
FFHL,NULL,1441303928571,0,50% bullish,of 4 ratings,N/A
GK,$67.74,1441303928657,"11,792",Not yet rated,NULL,$78
GLPG,$59.5,1441303928792,"9,152",100% bullish,of 1 rating,$75
GAIA,$5.99,1441303928817,"19,983",50% bullish,of 2 ratings,$8.50
WILC,$4.927,1441303928844,"1,400",100% bullish,of 2 ratings,N/A
GALT,$2.0418,1441303928989,"35,064",80% bullish,of 5 ratings,N/A
GALTU,NULL,1441303929024,0,100% bearish,of 1 rating,N/A
GALTW,$0.5569,1441303929811,"8,683",100% bullish,of 1 rating,N/A
GALE,$1.625,1441303929840,"323,974",89% bullish,of 47 ratings,$4
GPIC,$9.94,1441303929944,"2,746",100% bearish,of 1 rating,N/A
GLMD,$8.4,1441303929969,820,67% bullish,of 3 ratings,$20.50
GLPI,$30.87,1441303930015,"139,727",100% bearish,of 1 rating,$37.50
GRMN,$37.2339,1441303930111,"298,718",50% bullish,of 6 ratings,$46.50
GGAC,$9.9,1441303930137,"2,043",100% bearish,of 1 rating,N/A
GGACU,NULL,1441303930161,0,Not yet rated,NULL,N/A
GGACW,$0.13,1441303930296,150,Not yet rated,NULL,N/A
GARS,$14.52,1441303930351,"25,334",Not yet rated,NULL,$16
GENC,$9.03,1441303930379,519,100% bearish,of 1 rating,N/A
GGACR,$0.255,1441303930406,200,100% bullish,of 1 rating,N/A
GNCMA,$16.67,1441303930438,"51,062",100% bearish,of 1 rating,$12
GFNSL,$25.8,1441303930567,100,Not yet rated,NULL,N/A
GFN,$4.0199,1441303930598,"6,246",100% bearish,of 2 ratings,$8
GFNCP,$88.06,1441303930655,110,Not yet rated,NULL,N/A
GENE,$2.38,1441303930999,"52,144",100% bullish,of 12 ratings,N/A
GNCA,$10.92,1441303931059,"47,101",100% bearish,of 1 rating,$20
GNVC,$2.4101,1441303931128,"17,560",90% bullish,of 10 ratings,$8.50
GNMK,$9.6,1441303931158,"17,294",67% bullish,of 6 ratings,$14
GNTX,$15.755,1441303931179,"475,681",Not yet rated,NULL,$20
GEOS,$17.44,1441303931214,"107,087",100% bearish,of 3 ratings,$21
GHDX,$25.63,1441303931262,"63,246",50% bullish,of 2 ratings,$30
THRM,$45.7,1441303931309,"91,357",75% bearish,of 4 ratings,$55.50
GTWN,NULL,1441303931530,0,Not yet rated,NULL,N/A
GEVO,$2.2799,1441303931594,"425,180",75% bullish,of 12 ratings,$5
GABC,$28.78,1441303931624,"4,420",Not yet rated,NULL,$31.50
GERN,$3.41,1441303931645,"8,638,872",88% bullish,of 16 ratings,$5.25
GIGM,$0.526,1441303931729,"2,800",100% bullish,of 2 ratings,N/A
GIGA,$1.36,1441303931860,"64,280",100% bearish,of 1 rating,N/A
ROCK,$16.65,1441303931959,"22,255",80% bullish,of 5 ratings,$24
GILT,$4.1624,1441303931986,"3,031",50% bullish,of 2 ratings,N/A
GIII,$70.25,1441303932036,"253,851",67% bullish,of 3 ratings,$75
GLAD,$8.75,1441303932126,"36,155",50% bullish,of 2 ratings,$8.75
GBCI,$25.97,1441303932167,"41,071",50% bullish,of 2 ratings,$31
GILD,$101.97,1441303932193,"2,899,773",91% bullish,of 87 ratings,$129
GLADO,$25.59,1441303932214,"3,100",Not yet rated,NULL,N/A
GOOD,$14.1,1441303932400,"29,502",Not yet rated,NULL,$19
GOODO,NULL,1441303932486,0,Not yet rated,NULL,N/A
GOODP,$25.1101,1441303932618,300,Not yet rated,NULL,N/A
GAIN,$7.5,1441303932643,"25,890",100% bullish,of 2 ratings,$8.25
GAINN,$25.19,1441303932778,"32,224",Not yet rated,NULL,N/A
GAINO,NULL,1441303932833,0,Not yet rated,NULL,N/A
GOODN,$25.5,1441303932880,500,Not yet rated,NULL,N/A
GLBZ,$11.48,1441303933034,150,Not yet rated,NULL,N/A
GAINP,$25.64,1441303933059,"1,464",Not yet rated,NULL,N/A
GDEF,$10.6499,1441303933089,300,Not yet rated,NULL,N/A
GBT,$51.38,1441303933120,"55,342",100% bearish,of 1 rating,N/A
LAND,$9.1791,1441303933221,"3,546",50% bullish,of 2 ratings,$13.75
GBLI,$27.22,1441303933351,"6,308",Not yet rated,NULL,N/A
ENT,$11.11,1441303933379,"112,066",100% bearish,of 1 rating,$18
GPACU,NULL,1441303933400,0,Not yet rated,NULL,N/A
GSOL,$8.3,1441303933530,"6,642",100% bearish,of 1 rating,N/A
QQQC,$18.62,1441303933759,"4,037",100% bearish,of 1 rating,N/A
ALTY,NULL,1441303933789,0,Not yet rated,NULL,N/A
ACTX,$13.17,1441303933823,660,100% bullish,of 1 rating,N/A
YLCO,$11.7399,1441303933848,"2,510",Not yet rated,NULL,N/A
SOCL,$17.34,1441303933868,"8,003",100% bullish,of 2 ratings,N/A
SRET,NULL,1441303933901,0,Not yet rated,NULL,N/A
GAI,$6.06,1441303933956,"1,808",50% bullish,of 2 ratings,N/A
GLBS,$1.04,1441303934118,100,67% bullish,of 3 ratings,N/A
GBIM,$2.6225,1441303934156,"28,890",50% bullish,of 2 ratings,N/A
GSM,$13.56,1441303934182,"102,010",50% bullish,of 2 ratings,$22
GLUU,$4.455,1441303934312,"937,955",92% bullish,of 26 ratings,$9
GLRI,$1.1,1441303934338,"148,348",100% bearish,of 1 rating,$4.25
GLYC,$6.95,1441303934518,"1,490",50% bullish,of 2 ratings,$14
GOGO,$16.035,1441303934564,"204,618",80% bullish,of 5 ratings,$25
GLNG,$39.6,1441303934616,"532,653",83% bullish,of 6 ratings,$55.50
GLDC,$4.0899,1441303934670,"2,200",50% bullish,of 2 ratings,N/A
GMLP,$21.17,1441303934699,"72,319",50% bullish,of 4 ratings,$29
GOGL,$2.83,1441303934731,"204,989",75% bullish,of 4 ratings,$5
GDEN,$9,1441303934777,"5,300",50% bullish,of 2 ratings,N/A
GBDC,$16.92,1441303934831,"99,268",Not yet rated,NULL,$17.75
GTIM,$6.69,1441303934959,"2,733",Not yet rated,NULL,$11.50
GOOG,$603.86,1441303935041,"548,992",88% bullish,of 73 ratings,$787.50
GOOGL,$635.28,1441303935066,"459,667",88% bullish,of 1082 ratings,$749
GPRO,$39.0001,1441303935138,"4,965,885",78% bullish,of 59 ratings,$72
GPIA,NULL,1441303935368,0,100% bearish,of 1 rating,N/A
LOPE,$37.09,1441303935438,"71,809",100% bearish,of 2 ratings,$50
GMAN,$3.675,1441303935470,"11,423",60% bullish,of 5 ratings,$8.50
GPIAU,$9.97,1441303935503,400,Not yet rated,NULL,N/A
GPIAW,NULL,1441303935532,0,Not yet rated,NULL,N/A
GRVY,NULL,1441303935567,0,50% bullish,of 2 ratings,N/A
GBSNU,NULL,1441303935595,0,NULL,NULL,NULL
GBSN,$0.1823,1441303935633,"8,794,209",50% bullish,of 2 ratings,$8.25
GLDD,$5.48,1441303935811,"24,415",100% bearish,of 4 ratings,$7.75
GNBC,$11.8,1441303935978,"5,062",100% bearish,of 1 rating,$16.50
GRBK,$11.69,1441303936010,"50,160",77% bullish,of 13 ratings,N/A
GSBC,$40.53,1441303936031,"13,581",100% bullish,of 1 rating,$44
GPRE,$20.335,1441303936121,"134,892",67% bullish,of 6 ratings,$28.50
GPP,$14.418,1441303936161,"5,500",Not yet rated,NULL,$20.50
GCBC,NULL,1441303936310,0,100% bullish,of 1 rating,N/A
GRIF,NULL,1441303936377,0,100% bearish,of 1 rating,N/A
GRFS,$31.03,1441303936408,"305,907",50% bullish,of 2 ratings,$35
GRPN,$4.265,1441303936447,"1,878,946",61% bullish,of 71 ratings,$6.75
GLRE,$24.84,1441303936505,"86,577",50% bullish,of 2 ratings,$34
GGAL,$19.0485,1441303936588,"136,010",80% bullish,of 5 ratings,$40
GSIG,$12.76,1441303936616,"2,972",100% bearish,of 2 ratings,N/A
OMAB,$41.6214,1441303936697,"24,779",100% bullish,of 1 rating,$44
GSIT,$4.6,1441303936830,"3,021",100% bearish,of 1 rating,N/A
GSVC,$8.981,1441303936856,"20,406",50% bullish,of 2 ratings,$15.75
GTXI,$0.865,1441303936986,"10,682",100% bullish,of 5 ratings,$.75
GUID,$6.99,1441303937011,"26,307",100% bearish,of 3 ratings,$10
GBNK,$15.78,1441303937072,"10,854",100% bearish,of 1 rating,$18
GFED,$14.653,1441303937101,"1,100",Not yet rated,NULL,$17
GURE,$1.72,1441303937239,"4,351",88% bullish,of 8 ratings,N/A
GIFI,$12.48,1441303937271,"21,996",100% bearish,of 1 rating,$16
GULTU,$0.3099,1441303937292,"68,823",100% bearish,of 1 rating,N/A
GWPH,$103.25,1441303937372,"69,459",78% bullish,of 9 ratings,$148.50
GPOR,$33.44,1441303937502,"578,850",75% bullish,of 4 ratings,$54
GWGH,$7.71,1441303937528,403,100% bearish,of 1 rating,$15.05
HLG,NULL,1441303937720,0,100% bearish,of 1 rating,N/A
HEES,$18.6,1441303937767,"148,716",67% bearish,of 3 ratings,$31
GYRO,$30.65,1441303937820,"1,279",100% bearish,of 1 rating,N/A
HALO,$16.98,1441303937927,"338,810",67% bullish,of 3 ratings,$22.50
HNRG,$7.43,1441303937954,"80,368",100% bearish,of 1 rating,$10
HBK,$13.8,1441303937999,1,50% bullish,of 2 ratings,N/A
HALL,$11.33,1441303938026,"8,347",Not yet rated,NULL,N/A
HMPR,$1.87,1441303938089,"15,684",100% bullish,of 1 rating,N/A
HBHC,$27.27,1441303938163,"118,344",50% bullish,of 2 ratings,$30
HBHCL,$24.4885,1441303938307,"12,051",Not yet rated,NULL,N/A
HNH,$26.88,1441303938337,"10,209",100% bullish,of 1 rating,N/A
HQCL,$12.72,1441303938366,"5,457",67% bullish,of 3 ratings,$14
HNSN,$0.5453,1441303938393,"20,836",88% bullish,of 8 ratings,$.40
HAFC,$24.03,1441303938522,"81,043",100% bullish,of 2 ratings,$28.50
HDNG,$9.93,1441303938656,"4,651",50% bullish,of 4 ratings,N/A
HRMN,NULL,1441303938810,0,Not yet rated,NULL,N/A
HRMNU,NULL,1441303938839,0,Not yet rated,NULL,N/A
HLIT,$5.74,1441303938869,"120,557",100% bearish,of 1 rating,$6.50
TINY,$2.49,1441303938895,"15,312",50% bullish,of 2 ratings,$5.26
HART,$1.33,1441303938973,"83,108",100% bearish,of 1 rating,N/A
HRMNW,NULL,1441303939107,0,Not yet rated,NULL,N/A
HCAP,$12.06,1441303939194,"6,846",50% bullish,of 2 ratings,$15
HBIO,$4.43,1441303939226,"32,309",100% bearish,of 1 rating,$10
HAS,$76.88,1441303939327,"664,816",63% bullish,of 8 ratings,$84.50
HCAPL,$25.501,1441303939486,400,Not yet rated,NULL,N/A
HWKN,$38,1441303939546,"7,718",Not yet rated,NULL,N/A
HCOM,$21.96,1441303939574,654,100% bearish,of 1 rating,$28
HA,$23.5802,1441303939617,"165,399",67% bullish,of 9 ratings,$27
HWBK,NULL,1441303939644,0,100% bearish,of 1 rating,N/A
HAYN,$38.13,1441303939831,"16,266",100% bearish,of 1 rating,$59
HDS,$32.54,1441303939877,"791,201",100% bearish,of 2 ratings,$39.50
HSTM,$24.45,1441303940039,"15,018",50% bullish,of 2 ratings,$33.75
HQY,$29.29,1441303940076,"250,076",67% bullish,of 3 ratings,$35
HCSG,$32.77,1441303940104,"103,205",50% bullish,of 4 ratings,$35
HTLD,$20.14,1441303940129,"114,140",Not yet rated,NULL,$22.50
HWAY,$11.755,1441303940169,"56,736",100% bearish,of 1 rating,$15
HIIQ,$4.81,1441303940194,"7,720",50% bullish,of 2 ratings,$7
HTWR,$66.291,1441303940454,"424,196",50% bullish,of 2 ratings,$104
HTLF,$35.745,1441303940481,"11,704",100% bullish,of 1 rating,$39.50
HTBX,$3.385,1441303940506,"87,677",50% bullish,of 2 ratings,$15.50
HSII,$20.1,1441303940561,"46,664",100% bullish,of 3 ratings,$25
HMNY,NULL,1441303940706,0,100% bearish,of 1 rating,N/A
HMTV,$13.42,1441303940738,"1,988",100% bearish,of 1 rating,$16
HERO,NULL,1441303940883,0,NULL,NULL,NULL
HCACU,$9.99,1441303940909,200,Not yet rated,NULL,N/A
HTBK,$10.42,1441303940942,"28,933",Not yet rated,NULL,$12
HNNA,NULL,1441303940972,0,Not yet rated,NULL,N/A
HELE,$84.69,1441303940993,"66,955",67% bearish,of 3 ratings,$100
HFWA,$17.77,1441303941037,"28,732",100% bullish,of 1 rating,$20
HEOP,$7.79,1441303941126,"9,359",Not yet rated,NULL,$8.50
HSIC,$135.32,1441303941301,"70,724",83% bullish,of 6 ratings,$146
HCCI,$11.87,1441303941329,"4,297",100% bearish,of 1 rating,$16.50
MLHR,$26.7421,1441303941376,"86,943",50% bullish,of 2 ratings,$33.50
HSKA,$32.98,1441303941540,"23,845",100% bearish,of 1 rating,$38
HFFC,$16,1441303941630,101,Not yet rated,NULL,N/A
HIBB,$38.8,1441303941678,"156,851",100% bearish,of 1 rating,$46.50
HRTX,$36.59,1441303941731,"372,791",57% bullish,of 7 ratings,$41
HIHO,$4.297,1441303941752,"10,008",Not yet rated,NULL,N/A
HIMX,$7.09,1441303941883,"778,233",86% bullish,of 21 ratings,$8.50
HPJ,$2.19,1441303941909,"4,000",75% bullish,of 4 ratings,$12.43
HIFS,$116,1441303941934,200,Not yet rated,NULL,N/A
HSGX,$5.84,1441303941962,"3,301",100% bearish,of 1 rating,$17
HMNF,$11.49,1441303942097,102,Not yet rated,NULL,N/A
HMSY,$9.9,1441303942170,"190,007",67% bullish,of 3 ratings,$19.35
HOLI,$16.82,1441303942235,"110,711",50% bullish,of 4 ratings,$27
HOLX,$38.27,1441303942338,"757,445",50% bullish,of 4 ratings,$42
HOMB,$37.3,1441303942421,"23,567",Not yet rated,NULL,$42
HBCP,$24.84,1441303942511,557,Not yet rated,NULL,$29
HFBL,NULL,1441303942579,0,Not yet rated,NULL,N/A
HMIN,$25.22,1441303942773,"21,111",100% bearish,of 2 ratings,$35
AWAY,$28.44,1441303942831,"390,527",67% bullish,of 3 ratings,$36
HMST,$21.745,1441303942856,"47,545",100% bullish,of 2 ratings,$27
HKTV,$4.2837,1441303942903,800,100% bearish,of 1 rating,N/A
HTBI,$18.14,1441303943035,"13,066",67% bullish,of 3 ratings,$18.625
CETC,$0.7902,1441303943062,"16,052",86% bullish,of 7 ratings,N/A
HFBC,$11.2,1441303943083,"3,220",Not yet rated,NULL,N/A
HOFT,$23.61,1441303943116,"26,780",100% bearish,of 1 rating,N/A
HBNC,$23.7,1441303943262,"8,204",100% bullish,of 1 rating,$27
HRZN,$10.32,1441303943324,"6,678",50% bullish,of 2 ratings,$14.25
HZNP,$29.55,1441303943351,"831,861",85% bullish,of 20 ratings,$40
ZINC,$7.255,1441303943520,"193,077",100% bearish,of 1 rating,$17
HMHC,$22.53,1441303943545,"323,992",Not yet rated,NULL,$27
HDP,$23.155,1441303943591,"113,223",67% bearish,of 3 ratings,$30.50
HWCC,$7.55,1441303943720,"31,252",100% bearish,of 1 rating,$9
HOVNP,$3.96,1441303943773,"4,850",100% bearish,of 1 rating,N/A
HBMD,$13.97,1441303943861,"1,633",100% bearish,of 1 rating,N/A
HSNI,$60.289,1441303943892,"54,619",Not yet rated,NULL,$80
HUBG,$38.28,1441303943995,"82,945",100% bearish,of 1 rating,$43
HCBK,$9.29,1441303944127,"1,079,110",83% bullish,of 6 ratings,$8.61
HDSN,$3.08,1441303944152,"9,730",100% bullish,of 1 rating,$6.25
HBAN,$10.69,1441303944204,"1,597,333",76% bullish,of 17 ratings,$12.29
HTGM,$5.89,1441303944349,"3,049",100% bearish,of 1 rating,$19.50
HSON,$2.7399,1441303944415,"5,392",100% bearish,of 1 rating,$5
HBANP,$1330,1441303944443,8,100% bearish,of 1 rating,N/A
HURC,$29.3,1441303944574,"4,520",100% bearish,of 1 rating,N/A
HBP,$3.1399,1441303944604,"1,000",100% bullish,of 1 rating,N/A
HURN,$72.75,1441303944712,"43,752",50% bullish,of 2 ratings,$80
HDRAR,NULL,1441303944815,0,Not yet rated,NULL,N/A
HTCH,$1.49,1441303944863,"20,876",100% bearish,of 1 rating,$3.50
HDRA,NULL,1441303944887,0,Not yet rated,NULL,N/A
HYGS,$8.7199,1441303944953,"22,700",50% bullish,of 2 ratings,$13
HDRAU,NULL,1441303945028,0,Not yet rated,NULL,N/A
HDRAW,$0.264,1441303945086,1,Not yet rated,NULL,N/A
IDSY,$3.88,1441303945229,"2,520",100% bearish,of 1 rating,$7
IACI,$70.27,1441303945260,"242,694",80% bullish,of 5 ratings,$90
ICAD,$3.96,1441303945333,"37,126",100% bullish,of 2 ratings,$7.25
IKGH,$1.43,1441303945361,"8,638",75% bullish,of 4 ratings,N/A
IBKC,$59.923,1441303945390,"39,803",100% bullish,of 1 rating,$70
IEP,$69.29,1441303945487,"22,620",75% bullish,of 4 ratings,$99
ICFI,$33.74,1441303945592,"5,624",50% bullish,of 2 ratings,$48.50
ICON,$13.18,1441303945674,"237,261",50% bullish,of 2 ratings,$18.50
ICLR,$75.9,1441303945734,"230,070",100% bearish,of 3 ratings,$85
ICUI,$110.665,1441303945806,"25,478",Not yet rated,NULL,$122
INVE,$4.42,1441303945868,"3,752",75% bullish,of 4 ratings,$4
IDXX,$72.95,1441303946035,"212,971",100% bearish,of 1 rating,$76
IPWR,$7.36,1441303946078,"2,001",100% bullish,of 1 rating,$15
IDRA,$3,1441303946169,"473,669",89% bullish,of 9 ratings,$6.50
DSKY,$10.735,1441303946209,"58,836",67% bullish,of 6 ratings,$11.50
IRG,$5,1441303946271,"7,135",100% bearish,of 1 rating,$4.25
IROQ,$16.793,1441303946353,697,100% bullish,of 1 rating,N/A
RXDX,$14.25,1441303946380,"92,246",100% bullish,of 1 rating,$20
IKAN,$2.74,1441303946512,"11,930",83% bullish,of 6 ratings,$5
IIVI,$16.65,1441303946539,"39,624",100% bearish,of 1 rating,$22
KANG,$15.47,1441303946608,"103,546",50% bullish,of 2 ratings,$23.10
ISNS,$4.1599,1441303946768,"13,348",50% bullish,of 2 ratings,N/A
IKNX,$12.282,1441303946802,401,100% bearish,of 1 rating,N/A
ILMN,$195.67,1441303946947,"310,156",80% bullish,of 5 ratings,$245
IMMR,$12.08,1441303946978,"67,091",80% bullish,of 5 ratings,$15.50
ICCC,$6.85,1441303947004,"2,075",100% bullish,of 1 rating,N/A
IMDZ,$15.88,1441303947078,"14,700",100% bearish,of 1 rating,$33
IMNP,$1.27,1441303947186,"73,926",50% bullish,of 2 ratings,$6
IMGN,$13,1441303947214,"291,541",75% bullish,of 4 ratings,$17.50
IMMY,$7.6799,1441303947358,"5,051",100% bearish,of 1 rating,$11
IPXL,$40.779,1441303947442,"149,797",67% bullish,of 3 ratings,$46.50
IMMU,$2.12,1441303947513,"288,469",86% bullish,of 7 ratings,$2
SAAS,$7.2,1441303947542,"105,575",50% bullish,of 2 ratings,$15
INCY,$116.12,1441303947570,"486,887",50% bullish,of 6 ratings,$125.50
INCR,$42.27,1441303947614,"95,585",50% bullish,of 2 ratings,$53
INDB,$44.35,1441303947703,"26,061",Not yet rated,NULL,$44
IBCP,$14.1,1441303947886,"17,632",100% bullish,of 1 rating,$14.50
IBTX,$40.46,1441303947954,"2,188",100% bullish,of 2 ratings,$47.25
INFI,$8.61,1441303948017,"154,140",50% bullish,of 4 ratings,$16.50
IDSA,$3.5375,1441303948043,100,Not yet rated,NULL,N/A
INFN,$22.04,1441303948098,"602,954",71% bullish,of 7 ratings,$28
IPCC,$75.85,1441303948125,"11,354",Not yet rated,NULL,$77.50
III,$3.74,1441303948171,"51,771",57% bullish,of 7 ratings,$6
IFON,$1.297,1441303948318,"8,880",75% bullish,of 4 ratings,N/A
IMKTA,$49.87,1441303948455,"33,580",100% bearish,of 1 rating,N/A
INWK,$6.96,1441303948484,"47,937",50% bullish,of 2 ratings,$10
INOD,$2.3503,1441303948557,218,100% bearish,of 1 rating,N/A
IOSP,$49.31,1441303948658,"85,330",100% bearish,of 1 rating,N/A
INNL,NULL,1441303948688,0,100% bearish,of 1 rating,$16.50
IPHS,$46.71,1441303948748,"45,968",100% bearish,of 1 rating,$60
ISSC,$2.8272,1441303948788,675,67% bearish,of 3 ratings,N/A
INGN,$52.12,1441303948880,"126,810",100% bearish,of 1 rating,$50.50
ITEK,$12.86,1441303949012,"249,981",100% bearish,of 3 ratings,$20
INO,$7.0399,1441303949037,"305,381",89% bullish,of 18 ratings,$20
INOV,$21.53,1441303949178,"187,290",100% bearish,of 1 rating,$33
ISIG,$2.65,1441303949203,700,100% bearish,of 1 rating,N/A
INSM,$24.24,1441303949380,"66,800",71% bullish,of 7 ratings,$31.50
PODD,$28.53,1441303949411,"56,165",67% bearish,of 3 ratings,$35
INSY,$33.68,1441303949437,"161,821",75% bullish,of 4 ratings,$48
NSIT,$25.1,1441303949514,"36,041",50% bullish,of 2 ratings,N/A
IART,$62.36,1441303949659,"167,018",100% bearish,of 2 ratings,$71.50
NTEC,$5.634,1441303949713,509,100% bearish,of 1 rating,N/A
IDTI,$19.3008,1441303949790,"496,576",60% bullish,of 5 ratings,$25
ISSI,$21.88,1441303949872,"46,478",67% bullish,of 3 ratings,$19.75
INTC,$29.115,1441303949971,"13,970,609",82% bullish,of 238 ratings,$36
IESC,NULL,1441303950043,0,100% bearish,of 1 rating,N/A
IIIN,$17.13,1441303950150,"11,385",100% bearish,of 2 ratings,N/A
IPAR,$25.18,1441303950283,"18,719",67% bullish,of 3 ratings,$38
IQNT,$19.07,1441303950305,"92,931",86% bullish,of 7 ratings,$20
IBKR,$37.6,1441303950340,"228,818",100% bullish,of 1 rating,N/A
IPCI,$2.205,1441303950388,"22,465",67% bullish,of 6 ratings,$8
ININ,$35.12,1441303950441,"64,624",67% bearish,of 3 ratings,$57
ICLD,$1.88,1441303950734,"32,007",75% bullish,of 4 ratings,N/A
IDCC,$48.7,1441303950801,"78,720",80% bullish,of 5 ratings,$63
ICPT,$186.49,1441303950827,"65,081",70% bullish,of 10 ratings,$359.50
TILE,$24.52,1441303950862,"100,537",100% bearish,of 3 ratings,$27
ICLDW,NULL,1441303950901,0,100% bearish,of 1 rating,N/A
IMI,$2.04,1441303950992,"3,351",67% bullish,of 3 ratings,$2.22
INAP,$9.15,1441303951036,"122,148",75% bullish,of 4 ratings,$11
IBOC,$25.02,1441303951177,"15,522",100% bearish,of 1 rating,N/A
IIJI,$8.73,1441303951338,300,50% bullish,of 2 ratings,$12.50
ISCA,$32.63,1441303951408,"16,947",100% bearish,of 1 rating,N/A
XENT,$25.63,1441303951438,"62,369",50% bullish,of 2 ratings,$36.50
PTNT,$3.0499,1441303951466,"2,837",Not yet rated,NULL,N/A
INPH,$0.2802,1441303951510,"1,436",50% bullish,of 2 ratings,N/A
IGLD,$7.335,1441303951535,975,50% bullish,of 2 ratings,N/A
INTX,$1.98,1441303951792,"5,550",67% bullish,of 3 ratings,N/A
ISIL,$10.565,1441303951828,"260,463",50% bullish,of 6 ratings,$15
IILG,$19.76,1441303951883,"32,910",100% bearish,of 1 rating,$29
IVAC,$4.6101,1441303951920,"14,416",100% bearish,of 1 rating,$6.625
INTL,$26.16,1441303951972,"38,498",67% bearish,of 3 ratings,N/A
INTLL,$25.9799,1441303952013,500,Not yet rated,NULL,N/A
ITCI,$26.61,1441303952105,"322,869",75% bearish,of 4 ratings,$40
IIN,$6.91,1441303952313,301,100% bearish,of 1 rating,$12
INTU,$86.15,1441303952343,"815,401",86% bullish,of 7 ratings,$107.50
INVT,$0.3142,1441303952397,"77,003",67% bullish,of 3 ratings,N/A
ISRG,$511.115,1441303952448,"48,781",67% bullish,of 3 ratings,$600
ISTR,$15.5201,1441303952474,140,100% bearish,of 1 rating,$18.50
SNAK,$8.45,1441303952504,"19,883",50% bullish,of 2 ratings,$14
ISBC,$11.665,1441303952609,"628,367",100% bullish,of 1 rating,$13.25
ITIC,$71.25,1441303952766,200,100% bearish,of 2 ratings,N/A
NVIV,$9.49,1441303952827,"73,960",50% bullish,of 4 ratings,$24.50
IPAS,$1.06,1441303956403,"19,061",67% bullish,of 3 ratings,N/A
IVTY,$14.05,1441303956428,"8,636",Not yet rated,NULL,$18
DFVL,NULL,1441303956454,0,Not yet rated,NULL,N/A
IPCM,$79.18,1441303956584,"520,578",50% bullish,of 2 ratings,$80.125
IRMD,$24.09,1441303956612,"3,642",67% bearish,of 3 ratings,$25
IPGP,$82.65,1441303956652,"85,178",67% bearish,of 3 ratings,$109.50
IRIX,$6.84,1441303956679,"6,108",100% bearish,of 1 rating,N/A
DTUL,NULL,1441303956710,0,Not yet rated,NULL,N/A
IRDM,$7.04,1441303956857,"588,842",60% bullish,of 5 ratings,$11.50
IRDMB,$273.157,1441303956882,"10,000",67% bearish,of 3 ratings,N/A
IRBT,$29.67,1441303956942,"55,988",67% bullish,of 6 ratings,$37
IRWD,$10.76,1441303957027,"249,650",100% bearish,of 1 rating,$13
IRCP,NULL,1441303957072,0,100% bullish,of 2 ratings,N/A
FCHI,NULL,1441303957153,0,NULL,NULL,NULL
COMT,$33.515,1441303957287,"8,363",100% bearish,of 1 rating,N/A
GNMA,$50.2499,1441303957314,"2,499",Not yet rated,NULL,N/A
IFAS,NULL,1441303957383,0,NULL,NULL,NULL
ACWX,$39.9845,1441303957542,"581,218",100% bearish,of 1 rating,N/A
IFEU,$38.0852,1441303957567,"2,348",Not yet rated,NULL,N/A
IFGL,$27.95,1441303957592,"75,836",Not yet rated,NULL,N/A
AXJS,NULL,1441303957774,0,NULL,NULL,NULL
EEMA,$49.6,1441303957842,"58,514",Not yet rated,NULL,N/A
ACWI,$55.04,1441303957872,"526,325",Not yet rated,NULL,N/A
EMDI,NULL,1441303957901,0,NULL,NULL,NULL
AAXJ,$52.45,1441303957926,"312,734",Not yet rated,NULL,N/A
IFNA,NULL,1441303958006,0,NULL,NULL,NULL
EEME,NULL,1441303958061,0,NULL,NULL,NULL
AAIT,NULL,1441303958236,0,NULL,NULL,NULL
EMEY,NULL,1441303958258,0,NULL,NULL,NULL
EGRW,NULL,1441303958463,0,NULL,NULL,NULL
IEUS,$44.9196,1441303958624,"15,977",100% bearish,of 1 rating,N/A
UAE,$17.8201,1441303958651,"2,812",Not yet rated,NULL,N/A
EEML,$26.9899,1441303958672,"1,120",Not yet rated,NULL,N/A
IBB,$338.91,1441303958803,"798,311",63% bullish,of 8 ratings,N/A
QAT,NULL,1441303958829,0,Not yet rated,NULL,N/A
EVAL,NULL,1441303958848,0,NULL,NULL,NULL
EUFN,$21.4199,1441303958877,"40,436",100% bearish,of 1 rating,N/A
EMIF,$27.97,1441303959004,"3,404",Not yet rated,NULL,N/A
WOOD,$47.71,1441303959033,"18,167",50% bullish,of 2 ratings,N/A
SOXX,$82.56,1441303959089,"131,449",50% bullish,of 2 ratings,N/A
ICLN,$9.2708,1441303959260,"102,201",50% bullish,of 2 ratings,N/A
ISHG,$79.35,1441303959404,"4,758",100% bearish,of 1 rating,N/A
INDY,$27.1,1441303959463,"66,471",50% bullish,of 2 ratings,N/A
ISIS,$51.74,1441303959692,"744,478",53% bullish,of 15 ratings,$67
ITRN,$23.83,1441303959722,"1,532",50% bullish,of 2 ratings,N/A
ISLE,$19.05,1441303959751,"184,872",50% bullish,of 4 ratings,$16
ISRL,$127.94,1441303959883,22,100% bearish,of 1 rating,N/A
ITUS,$3.95,1441303959920,"1,709",Not yet rated,NULL,N/A
ITRI,$29.51,1441303960013,"42,435",100% bearish,of 1 rating,$37
XXIA,$15.15,1441303960115,"84,473",71% bullish,of 7 ratings,$14.625
JJSF,$115.51,1441303960223,"12,996",100% bearish,of 1 rating,N/A
JCOM,$68.22,1441303960327,"147,693",100% bullish,of 2 ratings,$77
JBHT,$75.25,1441303960354,"502,177",50% bullish,of 4 ratings,$89.50
IXYS,$11.518,1441303960492,"44,963",50% bullish,of 4 ratings,N/A
MAYS,NULL,1441303960662,0,Not yet rated,NULL,N/A
JACK,$78.64,1441303960870,"116,968",71% bullish,of 7 ratings,$105
JASO,$8.03,1441303960909,"319,908",82% bullish,of 17 ratings,$10
JKHY,$67.3901,1441303960999,"142,453",67% bearish,of 3 ratings,$72
JAGX,$3.34,1441303961044,"4,800",Not yet rated,NULL,$10.50
JXSB,$24,1441303961084,"1,815",Not yet rated,NULL,N/A
ERW,NULL,1441303961418,0,Not yet rated,NULL,N/A
JMBA,$14.38,1441303961550,"117,841",75% bullish,of 4 ratings,$18
JRVR,$28.07,1441303961582,"41,907",Not yet rated,NULL,$32
JASN,$4.86,1441303961683,"1,327",50% bullish,of 2 ratings,$9.50
JAXB,$13,1441303961900,100,100% bullish,of 1 rating,N/A
JAKK,$9.38,1441303962017,"195,207",60% bearish,of 5 ratings,$11
JAZZ,$163.792,1441303962045,"72,512",80% bullish,of 15 ratings,$206.50
JD,$24.63,1441303962147,"3,206,126",75% bullish,of 16 ratings,$36
JASNW,NULL,1441303962172,0,50% bullish,of 2 ratings,N/A
JTPY,$2.95,1441303962310,1,100% bearish,of 1 rating,N/A
JBLU,$23.5,1441303962367,"2,321,251",94% bullish,of 18 ratings,$27
JST,$3.67,1441303962438,"2,803",75% bullish,of 4 ratings,N/A
JCTCF,$9.6,1441303962467,100,100% bullish,of 1 rating,N/A
DATE,$6.17,1441303962493,"36,661",75% bullish,of 4 ratings,$9
JIVE,$4.6,1441303962570,"149,122",75% bullish,of 4 ratings,$5
IGOV,$90.62,1441303962836,"8,039",100% bearish,of 1 rating,N/A
WYIGU,$9.98,1441303963013,"1,840",100% bearish,of 1 rating,N/A
JBSS,$50.24,1441303963110,"14,608",67% bearish,of 3 ratings,N/A
JUNO,$34.72,1441303963138,"365,251",73% bullish,of 11 ratings,$71.50
KBIO,$2.7512,1441303963268,"1,902,949",50% bullish,of 4 ratings,N/A
KTWO,$21.01,1441303963399,"19,802",100% bearish,of 1 rating,$28.50
JOUT,$24.57,1441303963460,"3,396",100% bearish,of 1 rating,$34
KALU,$82.26,1441303963552,"53,895",67% bearish,of 3 ratings,$91
KMDA,$3.49,1441303963578,"7,255",50% bullish,of 2 ratings,$8
JOEZ,$0.1747,1441303963653,"115,993",92% bullish,of 12 ratings,N/A
KNDI,$6.248,1441303963807,"50,270",86% bullish,of 22 ratings,N/A
KCLI,$46.49,1441303963971,"5,955",Not yet rated,NULL,N/A
KBSF,NULL,1441303964072,0,100% bullish,of 1 rating,N/A
KCAP,$4.64,1441303964203,"50,308",75% bullish,of 4 ratings,$6
JNP,$13.101,1441303964228,"112,113",100% bullish,of 3 ratings,$15
KELYA,$14.37,1441303964432,"29,971",67% bullish,of 6 ratings,$20
KRNY,$11.29,1441303964577,"51,611",100% bearish,of 1 rating,$12
KMPH,$20.55,1441303964685,"18,545",100% bearish,of 2 ratings,$22
KFFB,NULL,1441303964743,0,100% bearish,of 1 rating,N/A
KPTI,$14.02,1441303964792,"98,546",67% bearish,of 3 ratings,$39
